datetime,buy_order,price_USD,price_native,amount_token,total_native,maker,etherscan_url
2023-04-01 19:05:23,False,0.08106,4.466e-05,2659.04,0.1187,0x58...7629,https://etherscan.io/tx/0x48f367b07d5032962c1d2500b25c4bb3e044bcbb7917acc2ad2f6c9e6963f634
2023-04-01 19:03:11,False,0.08135,4.482e-05,24270.4,1.08784,0xc4...a50a,https://etherscan.io/tx/0xa9e9f4b17decac498cff4c9bf932ac3e97494260875e0585e3e459f947d2696c
2023-04-01 19:03:11,True,0.0821,4.523e-05,482.087,0.0218,0x05...56fb,https://etherscan.io/tx/0xf359398987235620fdff9f4a944ab95835955446d41f61465356a317869545cd
2023-04-01 19:02:11,True,0.08199,4.517e-05,10050.5,0.4539,0x1b...4248,https://etherscan.io/tx/0x8f2c83a254ac62a936d71b87ae15ac132af3b067404ba2be8197047cfec1a2f3
2023-04-01 18:56:47,False,0.08149,4.491e-05,11551.8,0.5187,0x4d...e5a8,https://etherscan.io/tx/0x57d47d0281cdf68b96bef8b29b0db0fa268f595c566906c6a598259596b47395
2023-04-01 18:56:11,False,0.08162,4.498e-05,500.0,0.0224,0x42...cf69,https://etherscan.io/tx/0x51baa010a36ae2a973e74a07ae983ee36e921cb9f83dd38f22049418d7458d04
2023-04-01 18:55:35,True,0.0821,4.524e-05,1145.89,0.0518,0xdb...1e87,https://etherscan.io/tx/0x8f88e4be66e3e634e299e63d2f09f979595ee8f1c9e4dadd58d02ff4f2cd9fe5
2023-04-01 18:51:59,True,0.08214,4.51e-05,22169.1,1.0,0xa1...dbba,https://etherscan.io/tx/0xfcfd2f985724a18df3e793c94e1b4bac926d0f549bb8445e7879c2a73579d937
2023-04-01 18:49:35,True,0.08188,4.496e-05,2000.0,0.0899,0x3e...2ed0,https://etherscan.io/tx/0x077bb84a96665f724cf42f75ba4489bf8fc270303513bf2cb24a340de1657cdc
2023-04-01 18:48:11,False,0.08148,4.474e-05,10903.8,0.4879,0x03...c006,https://etherscan.io/tx/0x6f31632117b6b9ee567802a386af493e5a38ee0d700fdeea878222d0da78635a
2023-04-01 18:42:59,True,0.08204,4.505e-05,3858.51,0.1738,0x41...4242,https://etherscan.io/tx/0xed22855448ed8b626555e7bb8211a956e866aaf9ca75fc6bfc5926d1dcd8f5ad
2023-04-01 18:41:35,False,0.08165,4.484e-05,13000.0,0.5829,0xbb...4b44,https://etherscan.io/tx/0xcb3f69e0e5930d1917f4a1fbea57c2ad1ee3c3400603d6c8c3f46b775d25eb73
2023-04-01 18:39:11,False,0.08181,4.493e-05,2550.0,0.1145,0x70...f135,https://etherscan.io/tx/0x4ccda9f64207bb9a71a98d1bce79aef74a05818b8755d969e1c6fa974c98c341
2023-04-01 18:37:35,False,0.08186,4.495e-05,1000.0,0.0449,0x70...f135,https://etherscan.io/tx/0x043c5257dec4a716deffb14c0b42806df8b4414fc1b911e6cc6e7a62c4963149
2023-04-01 18:35:23,False,0.08192,4.497e-05,1500.0,0.0674,0x70...f135,https://etherscan.io/tx/0x7302c9aea95b67b2bd1e7ba821c3a16f18944878d2d637a0850d1aaed2e359c7
2023-04-01 18:33:47,True,0.08242,4.524e-05,1200.43,0.0543,0xf7...85b8,https://etherscan.io/tx/0xcc439ff37e0d7c5a883329e5e30eb11f63e0c47bc1b97b8ee0897db2fc68ac73
2023-04-01 18:33:11,False,0.08197,4.499e-05,5000.0,0.2249,0xd0...345e,https://etherscan.io/tx/0x3a332a57afd3b1469eae820a2ab7304b98d27a2ec38ca6382b808e248e8f1b10
2023-04-01 18:31:59,True,0.08255,4.527e-05,3388.71,0.1534,0x91...dc25,https://etherscan.io/tx/0xda51089c687aafe2d8e93b3f613fa890b25fea495460c36f6ebc087ff70e0938
2023-04-01 18:29:11,True,0.08244,4.521e-05,6576.56,0.2973,0xa8...9b0d,https://etherscan.io/tx/0x09c51f6c18fe31885d7e77fd45f8e23b66800af17a72c12f27245078b1feeeb3
2023-04-01 18:26:35,False,0.08207,4.501e-05,18040.2,0.812,0xb7...91c9,https://etherscan.io/tx/0x8df1d1553a1e31ac6215721724811ac7b8d7d3fbf6d3dfdf86641568b17ec387
2023-04-01 18:26:11,False,0.08229,4.513e-05,1938.17,0.0874,0x76...7d5e,https://etherscan.io/tx/0x1d9f7c4df03560979ec7bd24639ee92d87a7aa1025603ccaf6f0faad097e244a
2023-04-01 18:26:11,True,0.0821,4.503e-05,64268.4,2.89399,0x97...aa4a,https://etherscan.io/tx/0x6e78cce088e0d40b956c488b20963c565a4a4f53df1a5575c03986c67c38613a
2023-04-01 18:25:23,True,0.08139,4.464e-05,672.045,0.03,0x50...aeda,https://etherscan.io/tx/0x1826910e63084a9ba53860843558cc459d6775b1c31935542879e6931fa731b2
2023-04-01 18:23:59,True,0.08115,4.45e-05,21447.3,0.9545,0x55...ce90,https://etherscan.io/tx/0x0a8255a5f04f96db9575a7e01a8f3b63605a814bcc447148a2d88089d34756b8
2023-04-01 18:19:59,True,0.08088,4.436e-05,2457.64,0.109,0x3c...64de,https://etherscan.io/tx/0x1592e5e7110b6612a402dbe427eb1eb245af444677cc4afaf287ae7a5d515ce4
2023-04-01 18:15:59,True,0.08084,4.434e-05,1005.86,0.0446,0x73...5c8b,https://etherscan.io/tx/0x7dcef37bbd6a6094b6fb062d11a4fabb5a9b0b9b58845baf73dab9ca4123c6d7
2023-04-01 18:14:23,True,0.08076,4.433e-05,670.725,0.0297,0xbe...bf4d,https://etherscan.io/tx/0x8c6c8aaad376797f724fe1149b164acdd1a0645e23588566d1c9d91a557154ff
2023-04-01 18:14:23,True,0.08071,4.43e-05,4651.29,0.206,0xa9...196e,https://etherscan.io/tx/0x301dce8dc0a271597bc6092fb056faf1f79139cb5dda41aa4391656252d685ff
2023-04-01 18:12:47,True,0.0806,4.425e-05,3695.7,0.1635,0xb0...b5d4,https://etherscan.io/tx/0xe795cf5b25c1855e8d262e2404611dc88b00945a2272bf0cc3fe7460a2a584f8
2023-04-01 18:12:35,False,0.08012,4.399e-05,3500.0,0.1539,0xec...aef6,https://etherscan.io/tx/0xcc48ed29740cbb1df63d3d6b194ef31644040729153c86b04fef3e5b0ae20f63
2023-04-01 18:10:59,True,0.08058,4.427e-05,310.526,0.0137,0x64...da74,https://etherscan.io/tx/0x91a2a043c8b39fa7b08616bb2591f265a9b1bb577c5339a7843b909bb803b3b6
2023-04-01 18:10:23,True,0.08056,4.426e-05,1567.65,0.0693,0xfc...5236,https://etherscan.io/tx/0x75976d1c733cd1cc5270daad1a42739f3a097d3a958b9d09601af40823b8ec66
2023-04-01 18:09:11,True,0.08039,4.417e-05,12553.8,0.5546,0x7f...18eb,https://etherscan.io/tx/0x36a419182d4f5517f4fa365897e63ffb3c0d3057c3703f71c55ae5b2609d3b65
2023-04-01 18:09:11,False,0.07997,4.395e-05,18823.1,0.8273,0x42...cf69,https://etherscan.io/tx/0xbe4d1c5984f79b302b6d1972766d2d9e23264d2e497e0b0f6a48f63670674184
2023-04-01 18:06:11,True,0.08065,4.431e-05,1466.69,0.065,0xeb...df47,https://etherscan.io/tx/0x3e82cf1ac829ae98e23463fb04cec8c41126455d9f18bbcad549422648d4ad27
2023-04-01 18:04:35,True,0.08062,4.429e-05,1896.26,0.084,0xeb...df47,https://etherscan.io/tx/0x44c46c1302633e4a9cc64ab4e549a197c51be9fe2f44b640187f42e9fc325bff
2023-04-01 17:59:11,False,0.08013,4.405e-05,6000.0,0.2643,0xe2...edc1,https://etherscan.io/tx/0xa4f143b7c7f948bdeafe62fc965209db5cf7c898b77bf5d8702a5b3edb289c42
2023-04-01 17:59:11,False,0.08026,4.412e-05,6000.0,0.2647,0x54...09e1,https://etherscan.io/tx/0x30729974bc24ad43f2cd8171e13364acc016ba053adad5dfee914692f26aac34
2023-04-01 17:55:23,True,0.08079,4.441e-05,1675.96,0.0744,0xec...c791,https://etherscan.io/tx/0x0e96ed16fec15b0dfba90b8dddeb919002f8fc31d5ecdfdc36e653ecc315a123
2023-04-01 17:55:11,True,0.08071,4.437e-05,5516.97,0.2448,0xca...3ff0,https://etherscan.io/tx/0x143be42030bbefdc227a8f95adf2d737275bd56a331d33372be4411735073265
2023-04-01 17:52:47,True,0.08059,4.429e-05,8905.54,0.3944,0xbb...c6d4,https://etherscan.io/tx/0x2114b9fe3c941f584e35caffe644b4b4ee5087f935008a2670befca8c090fe17
2023-04-01 17:51:11,True,0.08051,4.423e-05,448.172,0.0198,0x79...1c12,https://etherscan.io/tx/0x6ca9fb21320da48fdf4a12e775c9cd711729825dfdc8be8ccf2b4d945c18b4c8
2023-04-01 17:51:11,True,0.08047,4.421e-05,3151.72,0.1393,0xec...c791,https://etherscan.io/tx/0xae217c949fbe690af3de6497fde1b5fb472f0629c3afacbf738dbe95e04f5edf
2023-04-01 17:51:11,True,0.08041,4.418e-05,2075.1,0.0916,0x26...e405,https://etherscan.io/tx/0xf94da156bd20ee24505f6d72e90380aaf0cec81efc9caaeb2d3ca11ac6d41b2b
2023-04-01 17:49:35,False,0.0801,4.402e-05,19800.0,0.8716,0xee...8509,https://etherscan.io/tx/0x18b3f03fbd3f0e96decdd432827a94a0bb0428b953ce849f0e3945ae3ad11bf0
2023-04-01 17:46:11,True,0.08072,4.436e-05,6833.26,0.3031,0x2f...1c03,https://etherscan.io/tx/0x23d4fbce5cefbfa7e3b034ffe62e674b68e4e0454e45ec6377c15a834230e5c1
2023-04-01 17:45:23,True,0.08062,4.432e-05,406.131,0.018,0xb6...ad0c,https://etherscan.io/tx/0xad3472c8c40b3963bef43a6436e9323f8fdf86c363e5f042e9e616643f32acab
2023-04-01 17:44:35,True,0.08061,4.431e-05,1454.11,0.0644,0xa1...fe36,https://etherscan.io/tx/0xf6b35344d8dc000faffe6609b19f4810fd1e7fb544bb22eed57223c9c47a7264
2023-04-01 17:44:11,True,0.08059,4.43e-05,248.309,0.011,0x42...cf69,https://etherscan.io/tx/0xbf658c6e4853f4652f17c85c0618d364229ab36febd7985a4ea1dad5f7c3ee08
2023-04-01 17:43:35,True,0.08056,4.428e-05,2238.34,0.0991,0x52...2c62,https://etherscan.io/tx/0xf704cf702ff346ec5a9b3fa52a0f5a41817c34cad349865fae895311ce0f6af7
2023-04-01 17:37:59,False,0.08015,4.402e-05,2279.07,0.1003,0xcd...893a,https://etherscan.io/tx/0xbd1308250425034d08e88c08cd1cb1222e36a07ec451c3819d8011a5ed35b846
2023-04-01 17:34:59,True,0.07995,4.391e-05,64980.3,2.85383,0xdb...e851,https://etherscan.io/tx/0x329e61dad1c7cd62594195c26d824caa1c8f82b8471e82e3f0b8a534f546b427
2023-04-01 17:34:35,True,0.07923,4.352e-05,3637.5,0.1583,0x5b...71f3,https://etherscan.io/tx/0x07b3b76481a2ecfd2df31785ed17726907745b09937d1de828d1d247aa6a300c
2023-04-01 17:32:11,False,0.07877,4.326e-05,4609.31,0.1994,0xeb...9cce,https://etherscan.io/tx/0xaa63ed9d2ade2dd71c3025ae9813c1852bc38ea6db33f4ca03163624a69878db
2023-04-01 17:25:59,True,0.0792,4.353e-05,3187.65,0.1387,0x3d...a397,https://etherscan.io/tx/0x07318d476a45ab9a0638592afa798f5c5e4c5c0e7cbb648a8875d5f32d86153b
2023-04-01 17:25:59,True,0.07911,4.348e-05,5220.65,0.227,0x87...7c8f,https://etherscan.io/tx/0x681ea1ff4b29ea8707696fdcf0833b96ca419800f555563e8991d7ba88042921
2023-04-01 17:25:59,False,0.07896,4.34e-05,36089.2,1.56637,0x62...3d69,https://etherscan.io/tx/0x2ab73804d2af151cef6c742748f0db69dad13b9a8fc64c039922a88098c73bcd
2023-04-01 17:25:47,True,0.07974,4.383e-05,7184.0,0.3148,0x42...028c,https://etherscan.io/tx/0x0d1be22921b73c12ed1870428c33506c90d8c5fdfa1abd54892ba112e6f70db1
2023-04-01 17:25:35,False,0.07922,4.354e-05,3000.0,0.1306,0xf0...6104,https://etherscan.io/tx/0xeefa467cb7dd0ead7a344117160efb3c28f3e0e3d494ca0b88b04fafb764e861
2023-04-01 17:23:59,False,0.07928,4.359e-05,5000.0,0.2179,0x81...441c,https://etherscan.io/tx/0xc4396ef758d7086d29a32ed13acf1482a20320241186d790ed585d99b68cb8be
2023-04-01 17:23:11,False,0.07958,4.374e-05,22028.8,0.9636,0xdb...e851,https://etherscan.io/tx/0x744bd6789d1752d21b559b90f69610981899867514893a5537e50d4ce5132dda
2023-04-01 17:19:59,True,0.08032,4.413e-05,1023.11,0.0451,0x57...6b19,https://etherscan.io/tx/0x3639f1d3668541be86058ba067c480ee1eb6a6809cc37761f2eadbe24927b95b
2023-04-01 17:19:47,True,0.08024,4.408e-05,6342.54,0.2796,0x76...7d5e,https://etherscan.io/tx/0xcbf726e0a8c14ddf9b261eb15f472d80421fc112e48f9c3a81ac4a1d7b5b2ba0
2023-04-01 17:18:59,True,0.08016,4.404e-05,1012.62,0.0446,0xc4...5736,https://etherscan.io/tx/0x76064aff9edf1282c62e12ef3eb83da1ade4fa819cd3ac2171812e6f6009e674
2023-04-01 17:17:47,False,0.07968,4.378e-05,800.0,0.035,0x63...3e05,https://etherscan.io/tx/0x1b1d0610e5756e516530e3b01fe9b6a6439fd663682edfa3c94cf297b738a94b
2023-04-01 17:17:11,True,0.08016,4.404e-05,367.416,0.0161,0x16...3a72,https://etherscan.io/tx/0x60c96596658e1e179b5575587f528a4f65400f7286a3cb7c1dc6378192d1ed39
2023-04-01 17:14:47,False,0.08019,4.407e-05,50000.0,2.20363,0x62...3d69,https://etherscan.io/tx/0xf220f89a08c5e2d0780f9d604d2d5e8afe8c55fd117f251edf51705356790d79
2023-04-01 17:14:35,True,0.08114,4.459e-05,5764.49,0.257,0x26...d0f7,https://etherscan.io/tx/0x0998117f4c9b645e8dab5367baf21226eb751a289bbc3699c6a8a9d8a1dd188f
2023-04-01 17:13:11,True,0.08097,4.45e-05,10646.2,0.4737,0x09...b215,https://etherscan.io/tx/0xe5dd3d9dbd501b7c871a8a553ff96239748bad0ffa14a8602388493bcee7a29e
2023-04-01 17:12:35,True,0.08085,4.443e-05,1338.62,0.0594,0x5a...b973,https://etherscan.io/tx/0x4b8f9f5fbb464920390646f86912d7b8b09e6646788b832ab04cd7f3f2ddfad4
2023-04-01 17:12:11,True,0.08082,4.441e-05,612.718,0.0272,0x16...3a72,https://etherscan.io/tx/0x1dab0933595c8baba99e95d7e69ac2c9a49ba575cc7f0d5702082edaeae17d10
2023-04-01 17:11:35,True,0.0808,4.44e-05,1227.69,0.0545,0x56...4314,https://etherscan.io/tx/0x404940a29f9cbe8b7c5280a3ee2dda10cf04f0c0f7d837275e10d9f2ef2098bb
2023-04-01 17:11:23,False,0.08064,4.432e-05,31500.0,1.39608,0x9b...6b40,https://etherscan.io/tx/0x6c58aaaf8c3ddda1ec5f2467e2d1750b8905a54a3924a080792ccb20e1dabb62
2023-04-01 17:10:35,True,0.08144,4.476e-05,1826.9,0.0817,0x92...999f,https://etherscan.io/tx/0x0c70a71b552f78d056d9953928bb0eef68458ef1d7ce063318f4529b640d99f3
2023-04-01 17:10:23,False,0.08094,4.448e-05,500.0,0.0222,0x9b...6b40,https://etherscan.io/tx/0xc72a1433678c44b6340af600bc4b9296ebb9b5ab1e5e8d0c98006d8b1f50cb64
2023-04-01 17:02:11,True,0.08136,4.475e-05,537.669,0.024,0x5b...3438,https://etherscan.io/tx/0xec626bb68a019848249049366a57c0692de5fa4a4ac15cc3f77d8de05cdcb7c6
2023-04-01 16:59:11,False,0.08093,4.451e-05,4429.89,0.1971,0xfb...3f24,https://etherscan.io/tx/0x095a23d6217526683e0a6d1ccc035883d5249de496bdb82e250d18742f94d562
2023-04-01 16:57:35,True,0.08144,4.48e-05,531.007,0.0237,0x6c...d2e5,https://etherscan.io/tx/0x41cf8af51393c38e7c12edecdb26c88d6c1d893dbfbd7f42177d78d098aa09ed
2023-04-01 16:55:35,False,0.08126,4.467e-05,24412.0,1.09062,0x55...ce90,https://etherscan.io/tx/0x6b7b5a178fce8872ff94b1d901a918bb6d3ae0f60a6d63eaa1716f01b9abe955
2023-04-01 16:53:23,False,0.08156,4.484e-05,3000.0,0.1345,0x8a...ddf1,https://etherscan.io/tx/0xd969867225ced0246691a47dcaae59930d9f63bac75416c7f70a15cb44dc59c2
2023-04-01 16:49:11,True,0.08205,4.51e-05,3977.25,0.1793,0x87...813d,https://etherscan.io/tx/0x4feb1d86c2388c4038c18cb93818671da1b17c05544cc4cc2a7e076d5ab2e8f2
2023-04-01 16:46:59,True,0.08182,4.497e-05,16674.5,0.75,0xff...067b,https://etherscan.io/tx/0x660238c640f611b31ad4b448773e7dd85e433e95645912859c1617e6955ab00b
2023-04-01 16:40:47,True,0.0816,4.484e-05,5968.36,0.2676,0xa7...fc8e,https://etherscan.io/tx/0x4cb33b74230bc9a45de7e10cce10f775ddd6bb8cab9bd482d745bd46c65a410e
2023-04-01 16:38:47,True,0.08155,4.48e-05,245.505,0.011,0xee...8509,https://etherscan.io/tx/0x9ea91f371cbda83b6d0107fb6dac5a645bce3f98b20c3cc4a5281a865061cd35
2023-04-01 16:38:35,False,0.08118,4.459e-05,10000.0,0.4459,0xee...4270,https://etherscan.io/tx/0x40c78c05a616d1ab6f9d1f963363fdb194ed5618440af636a97dbdd30dfdbb4c
2023-04-01 16:38:11,False,0.08152,4.476e-05,17959.3,0.8039,0x63...00e4,https://etherscan.io/tx/0x2430a06d80e0576f274421aded1d5f4d9ae83b70b14d10d0a0bb8b9bc80759e9
2023-04-01 16:36:35,False,0.08173,4.488e-05,2500.0,0.1122,0x9e...f006,https://etherscan.io/tx/0x30e149d99414612389d64621c58925bd9514445ad21303cf86115e492b6ebb7b
2023-04-01 16:33:11,False,0.08173,4.49e-05,900.0,0.0404,0xd2...2da9,https://etherscan.io/tx/0x8d55a298bff83836ba79ff49b3be024351c16e6a68ecbdd725bd070809d021df
2023-04-01 16:31:35,True,0.08218,4.514e-05,5835.45,0.2634,0xfb...d11d,https://etherscan.io/tx/0x0ab01f8471e01307810a7e122badbc466a5566c33d58e0d067cc7ab1ab3a33c3
2023-04-01 16:31:35,False,0.08163,4.484e-05,1000.0,0.0448,0x4f...82e1,https://etherscan.io/tx/0xf25e107dbac9463c0b63d1e294c98d5aa7fc5948e229865b041ce85b625999d1
2023-04-01 16:31:23,True,0.08213,4.511e-05,1108.26,0.05,0x8d...df29,https://etherscan.io/tx/0xa43071891c4bd86bb987067cc6f7f9f7ac7b833ffe7feb642e5dd6aa8ee7e298
2023-04-01 16:30:35,True,0.08208,4.509e-05,2662.34,0.12,0x86...0721,https://etherscan.io/tx/0xba9959c3a935c47244146f63cb0a4c5daa306d8569133fad8793618ca3f960eb
2023-04-01 16:30:11,True,0.08193,4.5e-05,12202.3,0.5491,0x8d...df29,https://etherscan.io/tx/0xd5cc5f350904c00effafc97e572a350c2d238d2f09baeb96b67b9ed0962d3001
2023-04-01 16:27:35,False,0.0814,4.472e-05,9912.5,0.4432,0x7e...4723,https://etherscan.io/tx/0x248ea86002b6b731b73490d6241e713d7b03d918a351e1c33338721eecb6ad22
2023-04-01 16:23:35,True,0.08201,4.503e-05,1606.63,0.0723,0xd0...0dc9,https://etherscan.io/tx/0xd2f3e7e129f5794ed47ac06ac53cdb0068cc37c46026dae4ee089b4310b87974
2023-04-01 16:19:11,False,0.08165,4.48e-05,7000.0,0.3136,0x44...e5b5,https://etherscan.io/tx/0x99b12a2bd7858a47fd42a42c7381b387259535d061ea43c09bef167c8a987c77
2023-04-01 16:17:35,True,0.08222,4.506e-05,8138.6,0.3667,0x23...8e7b,https://etherscan.io/tx/0xf1ea951999c5cd3cf28aa5c6293c682d5cbdccd4b5b0ff6739cba969aa4a8fe7
2023-04-01 16:17:23,True,0.08204,4.496e-05,8074.55,0.363,0xe0...eed2,https://etherscan.io/tx/0x19ccdd9c2b678e7cc65d01f632a7dcb670da35d1757bbd93a790e287a9976a73
2023-04-01 16:16:59,True,0.08194,4.49e-05,1639.2,0.0736,0x91...7839,https://etherscan.io/tx/0x72dcc37c945b7a5b37a62bf3d1d9adc959db1712261ba199166e0b3210fb5e51
2023-04-01 16:14:35,False,0.08145,4.464e-05,2000.0,0.0892,0xc7...ee66,https://etherscan.io/tx/0x96f7e6b45872e384ce7e48f292c21d37eff8b7b7f67e80d337cfce9539ccc948
2023-04-01 16:13:47,True,0.08188,4.487e-05,7288.85,0.3271,0xc2...de26,https://etherscan.io/tx/0x56a29e8c23a7f00ec66be7d603c94d13115afe9b13cab259907112489b1a2419
2023-04-01 16:13:23,True,0.08174,4.48e-05,4651.78,0.2084,0x91...7839,https://etherscan.io/tx/0xa4e25e4b5e7fadaf0a5a5ad3a6575fb4389fe50b6cb96cfc8693040df46f542e
2023-04-01 16:13:23,True,0.08166,4.476e-05,3056.09,0.1367,0x07...67fe,https://etherscan.io/tx/0x84396354cf33de4b3e053ce3aab4bdfadfbd1c7876a9a2943e876753d0f98863
2023-04-01 16:11:59,False,0.08115,4.448e-05,1000.0,0.0444,0x4f...82e1,https://etherscan.io/tx/0x3a4111d126c2419b44fe706d2f589336160d43b6a15f901fa4161cb0489fe4fd
2023-04-01 16:07:35,False,0.08172,4.478e-05,50000.0,2.23926,0x62...3d69,https://etherscan.io/tx/0x44d5d1e08a030b234bb0ec34404cced6aa314971dcbe33177fbed122baf26f83
2023-04-01 16:01:11,True,0.08274,4.535e-05,1120.05,0.0507,0xa9...2264,https://etherscan.io/tx/0x0b436e21447f32b1b042ceee7dafa52aade716487ae6280c690df1ba47962ba9
2023-04-01 15:57:23,True,0.08272,4.534e-05,486.764,0.022,0xa6...44b8,https://etherscan.io/tx/0xbd1286f65ca2947313bddbe0a6e65df9fefa6e829d910fcdf99d0b5cd84081eb
2023-04-01 15:57:11,True,0.0827,4.532e-05,1434.97,0.065,0xf2...e271,https://etherscan.io/tx/0x790cc6eeb773ac19436414639f3b842343245c26a7f564590a1325b8cc8091c0
2023-04-01 15:53:35,True,0.08265,4.529e-05,3939.09,0.1784,0x3b...9790,https://etherscan.io/tx/0x7de99d4f3af22af124e9b2d7f534d1bbdf97c8bd7bd7dc68eafa5b0777a8cd31
2023-04-01 15:48:59,False,0.08212,4.501e-05,1559.0,0.0701,0xff...3f07,https://etherscan.io/tx/0xc4b2f7a14d3407901f35634541a8710565c93afbad2c3edf553c23917bf1903b
2023-04-01 15:48:35,True,0.08255,4.524e-05,7668.12,0.3469,0x37...ba5d,https://etherscan.io/tx/0x9254218fa9388b776f8dec00e7e97c3eee04126e74c6ec27fe041120864edc74
2023-04-01 15:46:11,True,0.08244,4.518e-05,2219.52,0.1002,0xce...0068,https://etherscan.io/tx/0x0949b5da84ac25b07d39c47068591641ed66c5a8e41920d1f9963ca7d60381fc
2023-04-01 15:44:47,True,0.08241,4.516e-05,772.181,0.0348,0x76...7d5e,https://etherscan.io/tx/0xc73c55cea9eb2da8ad8c2c59e7212f04c99124b5655e4396d28557211e551766
2023-04-01 15:40:59,False,0.08216,4.501e-05,20991.6,0.9449,0xee...8509,https://etherscan.io/tx/0x1bfd3d557d034985345f69dfabadd894b0ab67999b9f1c1fad330c7aa86995c2
2023-04-01 15:35:35,True,0.08289,4.541e-05,327.402,0.0148,0xb4...9284,https://etherscan.io/tx/0x6d9b5b6b5a6abfb627bd5dc326b3b65e6086a3e7441c9758120708a524df4ebc
2023-04-01 15:35:23,True,0.08287,4.54e-05,1572.59,0.0714,0x2f...dcb8,https://etherscan.io/tx/0xf0613d20a88edf1a4ce3ee7b560fe6e5b1d09344975ea72eda955cdd84522ea4
2023-04-01 15:35:23,True,0.08284,4.538e-05,1043.96,0.0473,0xab...501c,https://etherscan.io/tx/0x98bb6efa66541492164c4d6a811fa5beb30a58065ab1f21e0ff63b7572979637
2023-04-01 15:33:11,True,0.08281,4.537e-05,764.59,0.0346,0xa0...5663,https://etherscan.io/tx/0xed3caf54a67c1783c7a36e3ca8d922f490375dd6071e0264e062d13e059c4b59
2023-04-01 15:25:59,True,0.0828,4.536e-05,1201.82,0.0545,0x3f...6d16,https://etherscan.io/tx/0x146d92a09009c665997cd6689b73b038a9dac2d9617582a829462f518c9053c7
2023-04-01 15:25:23,True,0.08276,4.534e-05,1748.79,0.0793,0x92...a00c,https://etherscan.io/tx/0xd9eb4a46427dbc46f85556a68fd9e7918b288360fd49f40ad2990fd0beb22acb
2023-04-01 15:25:11,True,0.08271,4.531e-05,2869.44,0.13,0x52...46e4,https://etherscan.io/tx/0x7997ea0bb2e0e2b6f041d857997d4f00fa710f8f8f30896a572bd0e6cf45e317
2023-04-01 15:23:23,False,0.08219,4.503e-05,1300.0,0.0585,0xf2...c6c6,https://etherscan.io/tx/0xeaf17deb2c036798cf19fbb5804f56d902a5eff009ca5bf8f93513b453799e61
2023-04-01 15:15:59,True,0.08273,4.531e-05,994.867,0.045,0x52...0d52,https://etherscan.io/tx/0x2b25854f29725787d9680974f69a4ec3049bcf426c982e391a18ccc20acf499c
2023-04-01 15:14:59,True,0.08263,4.525e-05,8562.24,0.3874,0x3b...1236,https://etherscan.io/tx/0xaaf2156c5dd87717e8aefaba3bb90feb5074210fd70f4afb261335bbf77b466a
2023-04-01 15:13:59,True,0.08246,4.516e-05,6150.46,0.2777,0x19...372c,https://etherscan.io/tx/0xd91f8ee7ab52ab438988d15e120328549cc3857740dad21c2de76541982220d6
2023-04-01 15:12:11,False,0.08196,4.489e-05,6129.03,0.2751,0x19...372c,https://etherscan.io/tx/0xeb33bf97b3db0c83fbb9bf097a7ca445a9a42538f3d8576e47c305fb8f6d1f2c
2023-04-01 15:09:35,True,0.0824,4.513e-05,11168.9,0.504,0xc9...27b6,https://etherscan.io/tx/0x881e4a03516ef46cea1e1769b1ec905bb2c0e3dd80d7821c0fe53d133d5f40aa
2023-04-01 15:02:11,True,0.08222,4.503e-05,5329.63,0.24,0x69...e94b,https://etherscan.io/tx/0x9e32810ac91304c32a75b2a816005fc2baa6cd7a404508431bc76e3381ec22af
2023-04-01 15:01:11,True,0.08215,4.499e-05,476.669,0.0214,0x30...0bb1,https://etherscan.io/tx/0x57b57918d17c43ede870062b1ec6277eeb832d15d05c5e0c67304be11b97a3c1
2023-04-01 14:59:47,True,0.0821,4.497e-05,2445.61,0.11,0xed...b4db,https://etherscan.io/tx/0xee2cec07b110b9cf6cf7d8b0f200ef8cb4aa11adc8791db4d6b3e941b1282da5
2023-04-01 14:53:59,False,0.08181,4.481e-05,20000.0,0.8962,0x53...3279,https://etherscan.io/tx/0xedb58a2399487073cd3bc32e64c20b061fa4e678d3521644aa8f1937840a7d00
2023-04-01 14:49:35,False,0.08206,4.496e-05,5600.0,0.2518,0x75...ff92,https://etherscan.io/tx/0xa1d27e67b360fd94b4d551d4b04f6560389cb7a15c70f87bc375b5b0f9db9e82
2023-04-01 14:45:59,False,0.08215,4.501e-05,2500.0,0.1125,0x68...0219,https://etherscan.io/tx/0x778400b5ad41707607c8500b3b97d8ab4e9e561f1a9df8d0067afa79a4de2589
2023-04-01 14:43:11,True,0.08257,4.524e-05,9654.7,0.4368,0x63...809f,https://etherscan.io/tx/0x9adf2d2bc860e72ba2a805240494617f399f0b28bb2472dc20ff3d74a696c771
2023-04-01 14:39:47,True,0.08245,4.518e-05,880.579,0.0397,0x62...31ad,https://etherscan.io/tx/0x95531abb22f34d948c24748b44c97949edc68b3866968269a60ce15b6b5667ed
2023-04-01 14:38:59,True,0.08243,4.517e-05,782.832,0.0353,0x91...dc25,https://etherscan.io/tx/0x50416586bda063d84a17db8207b32a749e2fe5537f1e9b5cc516d9e10e78a09c
2023-04-01 14:37:35,True,0.08244,4.516e-05,195.474,0.0088,0x58...47dc,https://etherscan.io/tx/0xc19a0364a47ffaf94b700d6cc903eb18fe63a09bdc940758c59fb2d0ceb82939
2023-04-01 14:37:11,True,0.08243,4.516e-05,543.252,0.0245,0x42...cf69,https://etherscan.io/tx/0xbaee950d29008259deff11dd4b54cc7ac0f495939effdfb794e710cb110f9f2b
2023-04-01 14:29:47,True,0.08242,4.515e-05,76.8302,0.0034,0x70...cc04,https://etherscan.io/tx/0x6fe444cc874ea4dccc22b9445e1deee39bb244da67ab2fb4ee9e9e374bb72138
2023-04-01 14:28:47,False,0.08193,4.489e-05,1300.0,0.0583,0xf3...b262,https://etherscan.io/tx/0x768434e1fc4d4d9cc728aebc401f55c9a2c19bb99cee5f9f5b5b78c03ad119f7
2023-04-01 14:28:11,True,0.08245,4.517e-05,263.338,0.0119,0x0a...5e1c,https://etherscan.io/tx/0x28002eca9fe2a4064beef17a425f5b5f3990a3af5039922826e6c1c3da256344
2023-04-01 14:27:35,True,0.08243,4.516e-05,1470.65,0.0664,0x47...ac44,https://etherscan.io/tx/0x5747fdd70a1711bfd041523f526c4ce9b10817a6669c901bfe5b61d91727d0ca
2023-04-01 14:25:47,False,0.08203,4.494e-05,10000.0,0.4494,0xc4...33b0,https://etherscan.io/tx/0xb5677f81ee2b3680cbe2b9bfff348432e70e0b97d4e6e85066021d336b4ed8f9
2023-04-01 14:25:35,False,0.08216,4.501e-05,1644.41,0.074,0xc7...d062,https://etherscan.io/tx/0xac3c5d11d857612241ad0a6851b8ad19b9ef20940d5c710ce7c0202ddc294570
2023-04-01 14:24:23,True,0.08266,4.528e-05,984.995,0.0446,0x90...b502,https://etherscan.io/tx/0x3f3cc1b3153ca2c3740cf7a8fb53e1df7ab48205d2815d525832ec3cd375b40f
2023-04-01 14:23:23,True,0.08265,4.528e-05,23.936,0.001,0xde...7e09,https://etherscan.io/tx/0xed5fcb7db26db2c86bcf574797574bd689df5da476a707af8016b15d8a300d48
2023-04-01 14:23:11,False,0.08216,4.501e-05,800.0,0.036,0x63...3e05,https://etherscan.io/tx/0x151494644ed548d7d5f549305cce99c31cb5b84a8d45614af9799f3518e6b277
2023-04-01 14:18:47,False,0.08218,4.502e-05,1500.0,0.0675,0xce...c702,https://etherscan.io/tx/0xcb03249dc52042e1d9323a3b9fa220f0ba56b85d31a0fd25fa7dc63a772d8487
2023-04-01 14:13:47,False,0.08225,4.509e-05,10000.0,0.4509,0x5f...8897,https://etherscan.io/tx/0xf1faeaf4fec5ed860ef7f559bb72b3fb9cd8a88a54ed5f201980998ccc0d02f7
2023-04-01 14:12:35,True,0.08283,4.541e-05,2389.18,0.1085,0x80...b8c1,https://etherscan.io/tx/0xa5f55fd0aa25488cbe686f839ea363d1addb7e250315b7a2f30956c85f92e62a
2023-04-01 14:12:35,True,0.0828,4.539e-05,227.098,0.0103,0xde...7e09,https://etherscan.io/tx/0x94e645fb83b68ce40d31f3f3fc8b4e742ebe46ea6a8ad41acda3c6c05438d460
2023-04-01 14:09:59,True,0.08271,4.535e-05,7324.45,0.3321,0xa2...fb83,https://etherscan.io/tx/0xe0a4488868ee111a418c395e830910951a3fdbec903ceb247b6f815ab9b80fc8
2023-04-01 14:09:59,False,0.08218,4.506e-05,4893.04,0.2205,0x95...c7fe,https://etherscan.io/tx/0xe0bbf0376ee18bf80cf6dc3cc1a23a38218ada7c0ac313a6a1862c56b6233f48
2023-04-01 14:09:23,True,0.08271,4.535e-05,1748.37,0.0793,0x92...fc5c,https://etherscan.io/tx/0x374edf756b73a8be90fbcda8fa02c07e98091242d5124560a69c2c648e694761
2023-04-01 14:07:23,True,0.08268,4.533e-05,1399.01,0.0634,0x9a...5324,https://etherscan.io/tx/0xa4c97f21a7d5c53ae877666aaf16e56dcf0b31eeba7ef412b5ba3c981f303458
2023-04-01 14:06:59,True,0.08265,4.532e-05,1310.12,0.0593,0x6c...ed7e,https://etherscan.io/tx/0x81406c5c5430fee8a7ae2d58009bb36959c9c2fed29a8b931b306b3a0ae29825
2023-04-01 14:03:59,True,0.08263,4.531e-05,240.64,0.0109,0x5d...42f2,https://etherscan.io/tx/0x09ac95d6fbc01b31a3d4f164e6cb4459a42786fc8ecf8c88e3c55b57bd69b115
2023-04-01 14:02:35,True,0.08263,4.53e-05,218.612,0.0099,0xdb...e851,https://etherscan.io/tx/0x7251d2c6cd8305e421285e71c7568b254adac4774ed9c8547018b5954e8d7b70
2023-04-01 14:00:23,True,0.08258,4.528e-05,4049.7,0.1833,0xfb...71e0,https://etherscan.io/tx/0x9e837fcb125fde8d3f3ee266ec63104fdc4061e6df9cb4082744de45d95477ab
2023-04-01 13:59:47,True,0.0825,4.523e-05,3881.78,0.1755,0x83...0242,https://etherscan.io/tx/0xd8414b2844587ddf03a5f39ac0f55616821ecc8fea0ee8c55d714e04b36d1420
2023-04-01 13:59:35,True,0.0823,4.512e-05,14109.7,0.6367,0x00...6bba,https://etherscan.io/tx/0x44d91f9116c08e80f3d7b9e03964fa2613016d75826307db0d310fe2829b85be
2023-04-01 13:59:23,False,0.08236,4.516e-05,64656.1,2.91994,0x97...aa4a,https://etherscan.io/tx/0xbe99b0b429c7e0f8a22adce2eaeea09fb20289b28b3db410bcabf7abfdec35c1
2023-04-01 13:58:23,False,0.08318,4.561e-05,9658.68,0.4405,0x00...6bba,https://etherscan.io/tx/0x65ba7900d49c075a902ecb36a0e63be3a9aa3ad295098639241aca0c33320269
2023-04-01 13:55:35,True,0.08379,4.593e-05,2501.2,0.1148,0x34...9e9c,https://etherscan.io/tx/0xc76a67861056c574234129e0b4f4af6051b27de02696f120e8ca2315b688160b
2023-04-01 13:48:35,False,0.08338,4.565e-05,1994.1,0.091,0xf7...189d,https://etherscan.io/tx/0xe203eb51ba672bcfa5c437b775bf051cf6dec4992adcd1ca0a9996a45d86eb94
2023-04-01 13:47:59,True,0.08386,4.591e-05,4191.26,0.1924,0x3b...faf3,https://etherscan.io/tx/0x0d0095234c607d1c8ad248009accac514a3eb07d70364d4162875226505e0347
2023-04-01 13:44:59,True,0.08382,4.588e-05,744.391,0.0341,0xf8...043b,https://etherscan.io/tx/0xc3e9c9983c465b03ff6cc77a0e0956f49aed6fc044f18cbda5ac124e11c3df8e
2023-04-01 13:43:35,False,0.08331,4.561e-05,684.864,0.0312,0x11...03a3,https://etherscan.io/tx/0x5b839017401ed2ce03ec952d375dafe96cf8304c8f04d8f1076cbd1280111747
2023-04-01 13:37:59,True,0.0838,4.588e-05,1166.63,0.0535,0x09...1027,https://etherscan.io/tx/0x2710b2ad1c6dcc652fc4ea2c0427a793948bbef7a9c51b27395665fe765ce4b5
2023-04-01 13:36:35,False,0.08329,4.56e-05,886.0,0.0404,0x56...e95e,https://etherscan.io/tx/0x3b0bfb768c046d9e1135ea6721f08cad490d466a8cff30c75f6682ebd9ced5ee
2023-04-01 13:35:47,True,0.0837,4.583e-05,8158.83,0.3739,0x45...4e88,https://etherscan.io/tx/0x42c0bfacd3ddd4ff827d9e74a95a0e26a26f6d0d845255d6a3b991fe1ed4be6c
2023-04-01 13:32:35,True,0.08359,4.577e-05,2228.61,0.102,0x9d...ae6d,https://etherscan.io/tx/0x45087ce722d1c91f23b316f73838e468f75393ed6d442563bcc4266db1c7e419
2023-04-01 13:31:11,True,0.08353,4.574e-05,2513.8,0.1149,0xbd...6473,https://etherscan.io/tx/0xa97820143770c646dea140783d9bea9c76c9fb8c85c22af77bfc34fd0e982df0
2023-04-01 13:21:59,False,0.08624,4.72e-05,274414.0,12.9525,0x50...81c9,https://etherscan.io/tx/0xadd39ce5a7ea0f464af6aed3c018ea6f5b68b379c6465647891f21311221c7ce
2023-04-01 13:21:59,True,0.08676,4.748e-05,272533.0,12.9417,0x50...81c9,https://etherscan.io/tx/0x6aa656064f02d3f938009ece396c40e592c76a5a286a9d1c0b963396076325c1
2023-04-01 13:21:23,True,0.08355,4.573e-05,1278.86,0.0584,0x5a...b973,https://etherscan.io/tx/0x42fcaa948e8bd2e47f8a404a19925741b200eebfcc425b41258674e9bdd31ed5
2023-04-01 13:20:59,False,0.08311,4.549e-05,6624.15,0.3013,0x20...a58e,https://etherscan.io/tx/0x511f34a7318850ac8a861a684eb7c8f7e4ca6a4f36ddc47341b231d24126ba09
2023-04-01 13:19:59,True,0.08368,4.58e-05,649.275,0.0297,0x5a...b973,https://etherscan.io/tx/0xec8fc9f711b48e07e9740ca58c3859eed686baa0cc2d39bfc8e0bb396dd2aa50
2023-04-01 13:15:47,False,0.08328,4.558e-05,9800.5,0.4467,0xcc...f512,https://etherscan.io/tx/0xe4e59bdd30b9c7a3aac57fd94b3d6d241b297d1d9e1119ae137153d000c19e47
2023-04-01 13:13:59,False,0.08345,4.566e-05,4000.0,0.1826,0x3b...4e67,https://etherscan.io/tx/0x481a350faac487472ccdbb48b4145e40c7cc57ff1e8409236ebcc066f83beb5d
2023-04-01 13:11:23,True,0.08395,4.594e-05,3616.53,0.1661,0xc7...a5b9,https://etherscan.io/tx/0xd7421b34e5baa699d07de37d84b2493ddad94af7ef3340317e9400b19d4762ab
2023-04-01 13:02:35,True,0.08387,4.591e-05,1106.4,0.0508,0xc6...3ad7,https://etherscan.io/tx/0xcd11f2640ea6b3343b5462740ca36043d1e4eea7784a55d855de1a1dc086c9de
2023-04-01 13:00:47,True,0.08384,4.59e-05,1115.66,0.0512,0x9f...78d4,https://etherscan.io/tx/0x683874367c9f17423cf9849d29a6d33c42f31ce59f636ac2263fcdfd24fd01cf
2023-04-01 12:55:47,False,0.08422,4.613e-05,81652.7,3.76663,0x50...81c9,https://etherscan.io/tx/0x7f70e45aeabd1e25614d1183ee4d5a0cd062abb5418591ed105ce994070ff170
2023-04-01 12:55:47,True,0.08473,4.64e-05,81042.9,3.76109,0x50...81c9,https://etherscan.io/tx/0x4b800e9379f8d584a540809e1ad8120996e90928e3059f05380e90a82b859374
2023-04-01 12:54:11,True,0.08353,4.574e-05,25057.7,1.14625,0xc4...c224,https://etherscan.io/tx/0x02fc78dfd67088ce6a69820722bbcd826c5781f9d82b5ca5ad074735be7cbe3f
2023-04-01 12:54:11,False,0.08377,4.587e-05,90472.0,4.15052,0x79...498f,https://etherscan.io/tx/0x5a70664a78ec85bb44751f3c69b76b69c47e95a0d5647681343b618f18fdef51
2023-04-01 12:46:59,False,0.0847,4.644e-05,734.322,0.0341,0x62...4182,https://etherscan.io/tx/0x08ddb012bc3948125ceef22ca287b90127b0b6e1ab4800178c2f5d333d2c8725
2023-04-01 12:45:23,True,0.08502,4.662e-05,15870.0,0.74,0x3d...d66b,https://etherscan.io/tx/0xcc26dc65a0e4c35fb0ee19dee32a81daea804a756dda3d9f9419165ef1e0267d
2023-04-01 12:44:59,False,0.08435,4.626e-05,2000.0,0.0925,0x3e...1b1b,https://etherscan.io/tx/0x62effcd8a7b2031799096db905f5d76a8e890c674abd844776efde6ad59d9f01
2023-04-01 12:43:47,False,0.08437,4.627e-05,119.958,0.0055,0xea...6804,https://etherscan.io/tx/0xda5361300ca7ebd66557ecf0e758d353b42a2548923533c605d69bc34e8fcabb
2023-04-01 12:42:11,False,0.08451,4.633e-05,10000.0,0.4633,0x4a...4fba,https://etherscan.io/tx/0x91ca06c9b781290263fe59b63a100dd6cad958c5cca6886def29ab9c38d92bc2
2023-04-01 12:35:23,False,0.08463,4.641e-05,2000.0,0.0928,0xfd...b159,https://etherscan.io/tx/0xd3423dacaf34a6da04954530acef7a1e8fed9c1973cb3fcd14409b93ab09f735
2023-04-01 12:32:47,True,0.08515,4.67e-05,364.515,0.017,0xcc...b454,https://etherscan.io/tx/0x588ee0d99383ec22ef066f074cd9359b3180407cbac0702b7ba82d7f0c010544
2023-04-01 12:31:59,False,0.08466,4.643e-05,1458.3,0.0677,0x92...35f1,https://etherscan.io/tx/0x949a4385dfd9bf11c9277309ea889df128a5c09d0727a650a57c9a68d286d856
2023-04-01 12:29:59,False,0.08474,4.647e-05,5913.97,0.2748,0x6e...0051,https://etherscan.io/tx/0x71ab3d2faf8007328a2ebaba117b5ebd3581058e331c1d09ec4ce1be3e58bf07
2023-04-01 12:20:11,True,0.08529,4.678e-05,2330.77,0.109,0x3c...c6b9,https://etherscan.io/tx/0xdd8c5bc5ca13faabde49a0cd9dbc503d5f62ab450c9acfdad720af5c3ff247f8
2023-04-01 12:19:11,True,0.08525,4.675e-05,1187.14,0.0555,0x06...3ef3,https://etherscan.io/tx/0x35d7690452fe8678f212857c5ce533da93d92dc4c177ab225027102319d7fb23
2023-04-01 12:13:23,True,0.08525,4.673e-05,2322.11,0.1085,0xd2...16b2,https://etherscan.io/tx/0x4a2c207870cf63c41bb2640d57ade3bb378af6fb8c5d873e1acb75d57b947497
2023-04-01 12:10:11,True,0.08521,4.671e-05,580.483,0.0271,0xde...3b93,https://etherscan.io/tx/0x8b743b5927f42f5e4219de8d0c8ac2123c1bbeb93ca0245ca02a7ad445ddb41e
2023-04-01 12:03:23,True,0.08524,4.67e-05,2334.87,0.109,0x61...4c80,https://etherscan.io/tx/0x715db08af29d8908bf8c27b19f67bae7c2e63e1c0343e6f9074e923bb8b3ebf7
2023-04-01 12:01:47,False,0.08472,4.641e-05,2150.0,0.0998,0x76...2a42,https://etherscan.io/tx/0xd0b587a781ba2668bbb12c0740d675cfb987c1f4dc311230bdaedf91ce034179
2023-04-01 12:00:59,False,0.08477,4.644e-05,2490.0,0.1156,0x1e...115c,https://etherscan.io/tx/0x40a1c86cb6064cf305609720f669eef004af99d229ff61d2acf0cffe92cf82a2
2023-04-01 12:00:47,False,0.08481,4.647e-05,1000.0,0.0464,0x49...65c4,https://etherscan.io/tx/0x7f0d20d4ab4986e76a1c5a6081b96d4a02a5f7cb60caa9eb750d8a6cd1aa9bfa
2023-04-01 11:59:11,True,0.0853,4.674e-05,2343.29,0.1095,0x00...bde7,https://etherscan.io/tx/0x704d474cbeb81f067e9acffb575eb626a14254c9216501e12238b1a7a45b5288
2023-04-01 11:54:11,False,0.08482,4.647e-05,3659.98,0.17,0x7b...96d9,https://etherscan.io/tx/0x95f4d6a61257345b0e1410506bf1af40ec0b23d57858ad2f7cd00bed555e65fd
2023-04-01 11:47:59,False,0.08496,4.649e-05,750.912,0.0349,0x3a...0c6a,https://etherscan.io/tx/0x5f8c1c5f19842e9eaca0918ebd85bc91458371c14a73ead9c82d7193e13b73a3
2023-04-01 11:44:35,False,0.08497,4.65e-05,600.0,0.0279,0xc8...7fb3,https://etherscan.io/tx/0x313d30a9460514ede211495962c5b5784b1777d9f8b3b2956bee8d63bee3159f
2023-04-01 11:33:47,True,0.08538,4.675e-05,5989.02,0.28,0xad...1e7b,https://etherscan.io/tx/0xd722ec5de469c771418f1a182c8d189d185a42af9e23f4a3851ba3c35ac12c75
2023-04-01 11:30:59,True,0.08531,4.671e-05,368.178,0.0172,0x57...6b19,https://etherscan.io/tx/0x13f0aed75606f0c0c94f16ac4125414bc4d2b9bd158f95a8ca87bd2d9b75f069
2023-04-01 11:30:59,True,0.08529,4.67e-05,1392.01,0.065,0x1b...fc23,https://etherscan.io/tx/0xf57cacbf98c9d22430364fde4617d1c6221ecd3d4c77ebf2d21b836c759f2243
2023-04-01 11:26:35,True,0.08527,4.669e-05,68.9326,0.0032,0x33...8d9e,https://etherscan.io/tx/0xf3236f398009077195ad08e288644bf4a2563a595f71a8ddc395470139b5934e
2023-04-01 11:24:59,True,0.08519,4.665e-05,6055.61,0.2825,0x3e...bde7,https://etherscan.io/tx/0x07023bee760cd68d472c91f93efe7f9b1c934732b9facfc72dd008009d7abdd7
2023-04-01 11:24:23,True,0.08513,4.661e-05,425.331,0.0198,0x8b...745d,https://etherscan.io/tx/0x05449b0cceddb91684ebee7cc16e73090a98bac30e2f935d052db6dfac67052a
2023-04-01 11:22:59,True,0.08506,4.657e-05,5303.44,0.247,0xa7...1c80,https://etherscan.io/tx/0x62ec59f402902a72438f131fc2d4574006bc4d233437fc045b4ed65a0f2f0c06
2023-04-01 11:21:11,False,0.08481,4.645e-05,30307.1,1.40787,0xcd...ea38,https://etherscan.io/tx/0x857bb1d7676bff37bd79e19a9b0a4376b77514daf5e546069dfd4b324341168b
2023-04-01 11:13:59,True,0.08547,4.683e-05,14469.6,0.6776,0x15...341d,https://etherscan.io/tx/0x879a1f547f4bf24b017b0d588b1097c170619796e5220c6578208dc85464d143
2023-04-01 11:05:11,True,0.08527,4.673e-05,383.332,0.0179,0x33...8d9e,https://etherscan.io/tx/0x033ee88856c0e363539cb05ef5eb21939b9a7fc59cb0b44148a2646c98200b7e
2023-04-01 11:00:47,False,0.08482,4.647e-05,2500.0,0.1161,0xb5...3e73,https://etherscan.io/tx/0x153e8242245b6bbd60d78669ed1e3316ef7431b179829736269484dcaacd0435
2023-04-01 10:54:59,False,0.08499,4.655e-05,10000.0,0.4655,0x4a...4fba,https://etherscan.io/tx/0x3ef0220e9affc16c7886b4a3a8c968d2021fcd646a8b571a175bb115c26975b3
2023-04-01 10:53:59,False,0.08512,4.662e-05,1700.0,0.0792,0xc2...fdd4,https://etherscan.io/tx/0x46daafa655ad8a4ef4882480da3285c6a1595fe592f26d6564f009807c292dcf
2023-04-01 10:49:23,True,0.08552,4.683e-05,12989.1,0.6083,0xbe...bf4d,https://etherscan.io/tx/0xba5dac7f5dde0f6158c5b63c5515f104fcdbdbdd472baed0af80238312f50f35
2023-04-01 10:46:11,True,0.0853,4.669e-05,8577.54,0.4005,0x42...cf69,https://etherscan.io/tx/0x883174348379492027f45af9063605e7072c4ffb290ee85020d94d14b764a1b7
2023-04-01 10:44:47,True,0.08519,4.664e-05,224.083,0.0104,0x1c...3f08,https://etherscan.io/tx/0x5eac09e5e1b16f10acc2cad1297c1b9a3f46a49a5b544048b3ceb925c4f07de0
2023-04-01 10:44:35,False,0.0847,4.637e-05,1717.02,0.0796,0xb6...fdfa,https://etherscan.io/tx/0x70cb7f96ffa4cffc12bbe90168e57fc2795df134ac2b722de35addaf36663f32
2023-04-01 10:44:35,True,0.08522,4.665e-05,928.685,0.0433,0x3b...f601,https://etherscan.io/tx/0xe6ee5da84b6bbaccb06045e94d38bfc0620dfe566c2e72fd7448d769cb225de6
2023-04-01 10:42:11,False,0.08481,4.643e-05,10000.0,0.4643,0xe9...4955,https://etherscan.io/tx/0xd46838c8b0ddd2a9958d05fe98619fdeb2cd00f9d3dfbb14a88d6a679bb78d38
2023-04-01 10:40:47,False,0.085,4.653e-05,6363.57,0.2961,0xc2...9e80,https://etherscan.io/tx/0xf93573dc3463229aca8ef0699bd67209215ac8ba7542f92ae5e5aacad18f980d
2023-04-01 10:40:23,True,0.08558,4.685e-05,391.38,0.0183,0x95...b08c,https://etherscan.io/tx/0x5703659e71bcf338a0c23136198ae0cf278cea2c41044a1422972f25ce01010c
2023-04-01 10:39:47,True,0.08555,4.683e-05,2327.99,0.109,0x8b...745d,https://etherscan.io/tx/0x8c1d0c7b6b7dc56d276ec90dc924a84bc0ec8c394e08d765bc00cea7ed3a0999
2023-04-01 10:38:35,False,0.08506,4.656e-05,4000.0,0.1862,0xfc...9274,https://etherscan.io/tx/0x886adb3484afbf26bf18d6864f5161121275fb250c2d2ad08aa2a0a39dda575d
2023-04-01 10:35:47,False,0.08517,4.662e-05,5000.0,0.2331,0xfc...4fe8,https://etherscan.io/tx/0x0011aa4ba82570e946bb1956177edb99b7773ea690b17322ad422f20d3f3ea9d
2023-04-01 10:33:59,True,0.08573,4.693e-05,950.45,0.0446,0xfd...5e97,https://etherscan.io/tx/0xf55f7263a019213d98c52f11d065c5e96078476aa8edc183f1cd1a8aab0c37e0
2023-04-01 10:30:35,True,0.08571,4.691e-05,1218.4,0.0571,0x78...0557,https://etherscan.io/tx/0x3c32eb7fd58d11172b364556d6bdd9b398629091f91d7d0852c1692f985c5aee
2023-04-01 10:28:47,False,0.0851,4.663e-05,500.0,0.0233,0xee...8509,https://etherscan.io/tx/0x0d35ee00336f7825dd930ad7019a607093539a0f26fc511fb7e9caf8c4f210d8
2023-04-01 10:23:47,False,0.08499,4.665e-05,3000.0,0.1399,0x77...5b0a,https://etherscan.io/tx/0x2c8ebcd978c7f41024f970ade29108191322b8149791eb036562f3f76a6eafbd
2023-04-01 10:21:47,False,0.08506,4.669e-05,3000.0,0.14,0xcc...a966,https://etherscan.io/tx/0xec37111b274c686087664ab92a474cd42aa3348b12261a457d8f9e65c0268c8b
2023-04-01 10:20:47,False,0.08518,4.672e-05,2230.0,0.1042,0x50...ea98,https://etherscan.io/tx/0xc93fd39dd8943b27ae570ae8c7294f0d7acccb1ca6742e04c25e30cce539fdaa
2023-04-01 10:19:11,False,0.08525,4.674e-05,803.794,0.0375,0x37...0af5,https://etherscan.io/tx/0x83b23bee166de1ad48ed2ce52613270291cdfab2419eda1f20003f07350c3746
2023-04-01 10:19:11,True,0.08575,4.702e-05,1376.84,0.0647,0x42...cf69,https://etherscan.io/tx/0x8897f633fc07210856ed9d86432db9e4ec39e6c6596f3ee3b86199033a3a7911
2023-04-01 10:16:23,False,0.08527,4.675e-05,3000.0,0.1402,0x5f...8897,https://etherscan.io/tx/0x91e41adc44e6fa26b36f420b8213a44d3e212361c9695f00cd001efc21ba90b7
2023-04-01 10:10:11,False,0.08531,4.678e-05,2269.21,0.1061,0xf4...e6a4,https://etherscan.io/tx/0x39c2792283afbf52ad6686056799b8acee6a45fbfa5679c0a1cfb4f20963d596
2023-04-01 10:10:11,True,0.08584,4.707e-05,1210.78,0.057,0x85...edc6,https://etherscan.io/tx/0xcb980360097e8ad5d944930a2728e0eb713f36137058748129a6aaf237572cc2
2023-04-01 10:09:35,True,0.0858,4.705e-05,2275.25,0.107,0xea...f59b,https://etherscan.io/tx/0xffa4ca1584edafbcc668f055b830d6e6d1ffdafc2a08b8e5d9a1cd91af0033f6
2023-04-01 10:08:59,True,0.08576,4.702e-05,2276.67,0.107,0xbd...b111,https://etherscan.io/tx/0xfe8bdd8d0006c3a81ee59f23082e2fb7bfa8fad91b60942b4802a3251aabfb9a
2023-04-01 10:06:59,True,0.08573,4.7e-05,84.3483,0.0039,0x8a...40f3,https://etherscan.io/tx/0xf7dd5935d9ba3f657394590553726b4f8a645d8975b66cd4bc7e0e6108292716
2023-04-01 10:06:11,True,0.08573,4.7e-05,1054.52,0.0495,0x0d...1e68,https://etherscan.io/tx/0xc8cca7367267d5d59791be30e4620ffb6579da797cd9c26296a7e96ab624dc47
2023-04-01 09:58:23,True,0.08572,4.699e-05,43.8441,0.002,0x11...b671,https://etherscan.io/tx/0xecc8c667c676db77061ba0f0e925cb5583a12d7eca9d0129253d61aa7eafcb75
2023-04-01 09:57:23,False,0.08522,4.671e-05,915.325,0.0427,0x4c...06ba,https://etherscan.io/tx/0x1478e9c72cfca33ec21b9fc4c992a94e53a244b9e1d1ddfbe1a28f9d7976b566
2023-04-01 09:55:35,False,0.08525,4.673e-05,2014.1,0.0941,0x00...bde7,https://etherscan.io/tx/0x6867210af2f4e4440355be3c43623ebc68924f007c76e870805f8ec21f12cfe7
2023-04-01 09:53:11,True,0.08566,4.695e-05,11666.1,0.5477,0xc7...d9e6,https://etherscan.io/tx/0x0c2da579911afdb23d22ef83f10c4b938bfaa2f15c51f8d9fd772b0046f3aa26
2023-04-01 09:50:23,True,0.08551,4.686e-05,2326.61,0.109,0x61...c5e6,https://etherscan.io/tx/0x197a84bff4769ad7f45b57c46dec860a927df19d11aa355e98ef28591d881f8f
2023-04-01 09:41:35,False,0.08504,4.662e-05,8500.0,0.3963,0xd8...9753,https://etherscan.io/tx/0xc837916ec25a522bcbe9986469474e67296e6e418878acdbbf8a5b3414bb8c30
2023-04-01 09:36:35,True,0.0856,4.695e-05,1406.11,0.066,0xdf...f1f1,https://etherscan.io/tx/0xc1a0c3534757c7299db216dd56143ab1c063642c803102f286a6ee57a70b7ded
2023-04-01 09:31:47,False,0.08508,4.666e-05,700.0,0.0326,0x9a...bc8e,https://etherscan.io/tx/0x8f7de2524cc437fefefa706559fedda83b098cf596dba1b3387ea2ec7dde8587
2023-04-01 09:26:35,True,0.08532,4.681e-05,21790.1,1.02,0xa6...b932,https://etherscan.io/tx/0x01cd4b50f73488ee11f069a72e979fe696c76be5a291dc40562624a9d2eeba3f
2023-04-01 09:24:47,True,0.08499,4.666e-05,1699.52,0.0793,0x22...d05e,https://etherscan.io/tx/0x2b044c5ae57ebd719cae5a57778c7f2ac2e751761e98abd810aed5401b695037
2023-04-01 09:23:11,True,0.0849,4.664e-05,350.681,0.0163,0xb0...b1bb,https://etherscan.io/tx/0xe072d3927c09b8c4ec65f342aeb01f8ef399d1aa50888e4032b777d3c5e04522
2023-04-01 09:18:47,True,0.08488,4.664e-05,828.881,0.0386,0x2e...0aa2,https://etherscan.io/tx/0xd2cffd82d476658ad7fa0263499cdf26af3a49e15d7dd251e36600045691d716
2023-04-01 09:13:59,False,0.08454,4.639e-05,6300.0,0.2922,0xd8...9753,https://etherscan.io/tx/0x36e19893658981fe48dfb6d737db83efaaefd8a97e67525f4776f76a5968c23e
2023-04-01 09:13:35,True,0.08512,4.671e-05,255.847,0.0119,0xf2...b1ff,https://etherscan.io/tx/0x0f10c8c99616e8d487c1ebb154b4999bd1eaa9597e83f9ef4b59222471d1427c
2023-04-01 09:08:59,False,0.08478,4.652e-05,14000.0,0.6512,0x0d...129e,https://etherscan.io/tx/0xe3c87afaf394c2d66bb9ca709d77af8f7a59e80940d8d2a0f1296bfe2da64d7f
2023-04-01 09:08:47,True,0.08544,4.688e-05,696.734,0.0326,0x61...4c80,https://etherscan.io/tx/0xeddb61d9e53fd8e881bdc6623a13f8da364fc46325c065232b900a18bd55f5d3
2023-04-01 09:04:59,True,0.08539,4.685e-05,3384.6,0.1586,0x7c...b507,https://etherscan.io/tx/0x88b26991bcd4a30bfa5725c5edf1c29a51f9e8915177e6fb5b7dbe7f90c26f88
2023-04-01 09:03:47,True,0.08535,4.683e-05,1159.7,0.0543,0xae...8935,https://etherscan.io/tx/0xe7b512428185993061e7a7dadeb31fd9947c263081b42d5ce6885ba355da824e
2023-04-01 08:58:59,True,0.0853,4.681e-05,1884.64,0.0882,0xfd...fc19,https://etherscan.io/tx/0x2b3bce7369ad6088701d6acd0f1dd1cd37ccf1aa94d8e9a11ac2a5492a5bcb68
2023-04-01 08:54:47,True,0.08519,4.679e-05,1157.39,0.0541,0xea...d112,https://etherscan.io/tx/0x89d41ef9dfdd9b1087888e3f563d376956bd5f98e8ef770e1a311fe78b6e3e6d
2023-04-01 08:54:23,True,0.08517,4.677e-05,1165.52,0.0545,0x36...b383,https://etherscan.io/tx/0x46421ad28956421578b7ffd609bee2add5fb7f35ef63b60ea75d5a041c50d626
2023-04-01 08:52:59,True,0.0851,4.674e-05,3604.87,0.1685,0x17...44eb,https://etherscan.io/tx/0x5d14df497a0d1c1f066a93a31557acf2114b74e6cb698a7e458e56af8488f8b4
2023-04-01 08:40:35,True,0.08489,4.67e-05,2546.75,0.1189,0x70...f135,https://etherscan.io/tx/0xe198511ac984615ffa4d57cdf3491d4292cd820f9b154f45aa9cb969b9f56fb3
2023-04-01 08:35:23,True,0.0848,4.668e-05,582.263,0.0271,0xc9...dbf5,https://etherscan.io/tx/0x9cfbb9534539da7ced0c88e805342b0a637374c61f4d5ba085e37c52d72a3e6d
2023-04-01 08:33:59,False,0.08426,4.643e-05,4956.25,0.2301,0xcb...1a0d,https://etherscan.io/tx/0x8ff1a3ceefad9ac899583fa88687151e75cf68b1b2d88628c19b38a4d8bac99b
2023-04-01 08:33:47,True,0.08482,4.673e-05,1060.41,0.0495,0x84...272b,https://etherscan.io/tx/0xcb04c48592395931238444dac26bae25e862f35c136062103dff3f1910277d1c
2023-04-01 08:31:11,False,0.0845,4.646e-05,2237.76,0.1039,0x41...b824,https://etherscan.io/tx/0x6510b6dd5ecaa0c3e6fba356321ac644cafc83ca2e413e66d2a6e46a75574693
2023-04-01 08:31:11,False,0.08454,4.648e-05,800.0,0.0371,0xc2...fdd4,https://etherscan.io/tx/0xb5d5a02f44ef9b630c2862cac3642619547b30601bbd9397669febb07ceaa2af
2023-04-01 08:30:11,True,0.08503,4.675e-05,2352.64,0.11,0x91...dc25,https://etherscan.io/tx/0x417d27f06c2670892cd6de04af1f1eb776f37155a1b5ded3570fdc1175771166
2023-04-01 08:19:23,True,0.08516,4.673e-05,432.491,0.0202,0x8d...985b,https://etherscan.io/tx/0x087c03aae31970ac4883e1d6cbafd4b7285d8787208134efb4268ea51cb65870
2023-04-01 08:18:23,True,0.08521,4.673e-05,427.965,0.02,0x10...5843,https://etherscan.io/tx/0xb82eeeb282877539440c263c66bdb9a0a32384a3707802c2c82f612d85f8c624
2023-04-01 08:14:47,True,0.08524,4.672e-05,164.911,0.0077,0xbf...6a82,https://etherscan.io/tx/0x69c0f88c12f71d803c276b7065a88ce259497a0908bad941c88fb3b0bc4199ff
2023-04-01 08:14:23,True,0.08524,4.672e-05,289.229,0.0135,0x4c...f527,https://etherscan.io/tx/0xe6fa38de9b61848af0cdec8c2ad149c9556c8145965d2ba1c68e79a5eb57e1a6
2023-04-01 08:09:59,True,0.08521,4.669e-05,3951.78,0.1845,0x56...da45,https://etherscan.io/tx/0x8b29ba91c2b744ec1a1b8690fd6b5af84a1d7ea41e3a8c55d621b51ac063b953
2023-04-01 08:06:59,True,0.08514,4.666e-05,1287.31,0.06,0xf2...5456,https://etherscan.io/tx/0x82480a4e9cbb17118999ba3fdca9f20e5b9a0af10e08cc1bddba9d24d79ee2ae
2023-04-01 08:06:47,True,0.08512,4.665e-05,1062.42,0.0495,0xe2...9a96,https://etherscan.io/tx/0xbb438217465e609518990a8943cb0ab9aaa8e611c6891f994d0b19f6880ebba0
2023-04-01 08:05:47,True,0.0851,4.664e-05,446.222,0.0208,0x6d...f053,https://etherscan.io/tx/0xcc9d5e4f2f13d6f3848c9ae8b760850bee320dd3a2c4a4d64566a7ce6af6d0fc
2023-04-01 07:58:47,True,0.08501,4.659e-05,6381.78,0.2973,0x2c...c1f4,https://etherscan.io/tx/0xd71f86da27f04d843789dce616f475f510740e7097c3938f2c2ec30f45d63abc
2023-04-01 07:57:59,True,0.0849,4.653e-05,3545.55,0.1649,0x2c...c1f4,https://etherscan.io/tx/0x1cf166c012a14702b738f4d18c635ba8af5ec17af560abb41f96760a54db8ddd
2023-04-01 07:55:23,True,0.08474,4.647e-05,5661.13,0.2631,0xe6...a14f,https://etherscan.io/tx/0x5819e4d5bc0f1af00fcb962d92abdf0d57cacd77d470fc5e571db3f9670581c0
2023-04-01 07:50:59,True,0.08464,4.643e-05,430.687,0.02,0xd2...2da9,https://etherscan.io/tx/0x0c747532e80ddb6508f2ef7f1aa84ac2b0cf8187dbbd1fbbf67737292da47f9c
2023-04-01 07:49:59,True,0.08459,4.64e-05,4309.65,0.2,0x48...9759,https://etherscan.io/tx/0x2b597158aaeea925b88f291d9bf157b3b9462a8a6d14a179c8584a35d151c216
2023-04-01 07:48:47,False,0.08418,4.618e-05,13103.8,0.6052,0xb7...91c9,https://etherscan.io/tx/0xae28fa64f0fe20921154f3d62c5057c9f8a19957fa86b89167d49e61071345ff
2023-04-01 07:48:23,False,0.08449,4.635e-05,13982.2,0.6481,0x76...7d5e,https://etherscan.io/tx/0x36876be16a53a7b599a314a8dfe363f87110306047d53c025920609b774e5487
2023-04-01 07:48:11,False,0.09478,5.199e-05,782702.0,40.6993,0xae...ae13,https://etherscan.io/tx/0x0b5f2e9a582d353e7757bdcaf9457354206cecc5eaed5b4d51092a84fff641b3
2023-04-01 07:48:11,True,0.106,5.816e-05,43531.4,2.53187,0xd4...75fb,https://etherscan.io/tx/0xa53d4238e19ae338ea99f2b78ced4b6ef570c1186bb3696c189aad4953a750d4
2023-04-01 07:48:11,True,0.0941,5.162e-05,782702.0,40.4071,0xae...ae13,https://etherscan.io/tx/0xd4790cfbf1306c913e0abf7953c855ca7799e8883124c961306c6e1eb49b40e8
2023-04-01 07:46:35,True,0.08408,4.612e-05,2149.4,0.0991,0x9f...367c,https://etherscan.io/tx/0xd3144e5b15bff4d5e6b95e0cecf6515e9676f22542c15e130a9b86769bd3cd2e
2023-04-01 07:45:23,True,0.08402,4.609e-05,2820.08,0.13,0x91...dc25,https://etherscan.io/tx/0xac8ea6c14edd277a2cb232c2ea398fb02e4d669c34e86fdb544da021a261a4a7
2023-04-01 07:44:47,False,0.08349,4.58e-05,630.0,0.0288,0xaf...0b16,https://etherscan.io/tx/0x43b643160e277838597c9789da879ff3b040bcd476eb433269da88ceb7fd6cf4
2023-04-01 07:43:59,True,0.08397,4.607e-05,2624.88,0.1209,0x54...0e5c,https://etherscan.io/tx/0x8f6151db54f1b3481e7593e3835106387f34b846d46e1034cbb8273f70f1f8fe
2023-04-01 07:34:59,True,0.08389,4.604e-05,2278.28,0.1048,0xa4...7224,https://etherscan.io/tx/0xbebebce16478c473d02c9fa77b55e1ab6174c7a0967107561e3429f6041953f0
2023-04-01 07:33:47,True,0.08384,4.602e-05,1076.98,0.0495,0xb8...fa84,https://etherscan.io/tx/0x603b43b21ad2e8a10db05bffc8af74cb543bb78ba33bed4d65930c998bdc0249
2023-04-01 07:32:23,True,0.08383,4.6e-05,869.415,0.04,0x3c...90e9,https://etherscan.io/tx/0x919e1a44fdabc1d081279557fa1fc51d7040b1a029cfe40b04d93f0165a886eb
2023-04-01 07:31:47,True,0.0838,4.599e-05,1063.14,0.0489,0x36...d91c,https://etherscan.io/tx/0x4dd903f151630705ce3aca18b06abe70bb68ec5c9b186ecf51e0bebe08bc89d6
2023-04-01 07:23:47,False,0.0834,4.571e-05,600.0,0.0274,0xc2...fdd4,https://etherscan.io/tx/0xe0acea1bf7eb743e8d5ec71011ccf6dbe6a3e74061361d30dea33e389f361d4b
2023-04-01 07:23:47,True,0.08386,4.597e-05,4350.71,0.2,0x00...bde7,https://etherscan.io/tx/0x573772d63d38df4d9d33b22b58f417e2c5997e7ef022d4ad0a9303a93c948405
2023-04-01 07:20:23,True,0.08381,4.592e-05,2266.17,0.104,0x5f...d60a,https://etherscan.io/tx/0x70e168b3fa4232fe187ede0cbfa199cc50d90fa3d67740e1da0ff374b54537c4
2023-04-01 07:18:35,False,0.08337,4.568e-05,8124.62,0.3712,0x77...0d11,https://etherscan.io/tx/0x5e9f82fc494f3b68091d472760982ab7cea86c53111f9a412cacc67cec173c92
2023-04-01 07:17:59,False,0.08347,4.574e-05,991.25,0.0453,0x52...0d52,https://etherscan.io/tx/0x4fdc30cb7b6a7ce0e1e8e5b9327bfbb29bf7132090c7b8306719ff9ab870d64d
2023-04-01 07:16:59,True,0.08399,4.602e-05,90.4523,0.0041,0xe9...af1e,https://etherscan.io/tx/0x73bddbfb60e33a00f3c6d87edadb1b429fa69ef016cb8f6383efc83e5a60d8d3
2023-04-01 07:15:23,True,0.08396,4.599e-05,5089.2,0.234,0xf4...51a6,https://etherscan.io/tx/0x8fa8810bdf87a4ed10f13cee918e29c5245ef8f564d43c241206ce0a1a0bfee2
2023-04-01 07:15:23,False,0.08475,4.642e-05,117367.0,5.4488,0x76...7d5e,https://etherscan.io/tx/0x2cb8a15b0e7733c46d1be9eee737d185cfae017d6294bcffbb38470b983af0c6
2023-04-01 07:15:23,True,0.08595,4.708e-05,57343.5,2.7,0x62...3d69,https://etherscan.io/tx/0x7b56302f28187747f046f4448337ae25de82599b5c5e44365a0d671e2311d0b2
2023-04-01 07:15:23,True,0.08393,4.597e-05,117367.0,5.39618,0x76...7d5e,https://etherscan.io/tx/0xa72439c64b8a98e24a8c57e68567af367c3b31a0c26397f6baa5558e4ca24acb
2023-04-01 07:15:11,True,0.08234,4.511e-05,23092.1,1.04172,0x76...7d5e,https://etherscan.io/tx/0x896f08661bdbd3d3799f6ea08d6dfec36dc0de036ac06ca2234bcd447b4a3545
2023-04-01 07:14:47,False,0.0816,4.47e-05,500.0,0.0223,0x92...35f1,https://etherscan.io/tx/0x6ecb0fce077aa21f6f3730c8d0f1a21bbd63144b761b58b5197860834fa2e20c
2023-04-01 07:14:11,True,0.08196,4.49e-05,12645.9,0.5678,0xe4...53d4,https://etherscan.io/tx/0xdf40acb72f3ebed019299b62e7dc6480c402fe4b7bb08d9af4eac1288e84567e
2023-04-01 07:13:59,False,0.0825,4.52e-05,106379.0,4.80837,0x08...0082,https://etherscan.io/tx/0x1a6e5407e70836c4b8c0a5fbd3790b1bab6a261b5935b8ad5fec0c0371fd659a
2023-04-01 07:13:23,True,0.08392,4.597e-05,24353.9,1.11966,0x20...9b9d,https://etherscan.io/tx/0x52b9161fa780b5bf2b2e1ac4709003118f4d3d4cea3652c44d43db4390277cf7
2023-04-01 07:10:35,True,0.08362,4.581e-05,1459.49,0.0668,0x67...54ae,https://etherscan.io/tx/0x6a07a8b66338cf560afa6145551272d83e804602f84cd1ebc7a13e212f825af7
2023-04-01 07:09:35,True,0.08362,4.579e-05,1406.9,0.0644,0x25...19d8,https://etherscan.io/tx/0x7f2546039d11dee520db56858c558de0a397086f9f1f5432b03dffb237fad279
2023-04-01 07:07:23,True,0.08361,4.577e-05,1786.14,0.0817,0xd3...d63b,https://etherscan.io/tx/0xace59da1c24f5fc099e61d34c349bea40231de93d8c48855457c7495547f5ae4
2023-04-01 07:07:11,True,0.08356,4.574e-05,2708.4,0.1239,0x4d...c220,https://etherscan.io/tx/0x5a5e675ba137a5483e7bd836e57a2470edd87fe0810ae2632e9cac9abda6991b
2023-04-01 07:02:11,True,0.08344,4.567e-05,9600.0,0.4384,0xcb...85a4,https://etherscan.io/tx/0xb47bfdd6df6efe7408c42cc3f5d05313343cfbb02da0a09fc9c1cf717f749446
2023-04-01 06:59:35,False,0.0829,4.535e-05,2000.0,0.0907,0xf6...96f7,https://etherscan.io/tx/0xc663782607a3d3e44cb60697ded38e828f8eef4141484928ba7f6ee2d888d20b
2023-04-01 06:53:47,False,0.08291,4.537e-05,1000.0,0.0453,0xf6...96f7,https://etherscan.io/tx/0xa170ac94a425e0e4d2a98b4c691bc33429dc627733c26618a1720c40e4ccc739
2023-04-01 06:42:23,True,0.08341,4.564e-05,262.748,0.0119,0xb7...80bb,https://etherscan.io/tx/0x810f8b76ea495fc7f6bc04373f086a0e2d25f3d572bc9a2e2f5608b7aa935ebc
2023-04-01 06:40:59,True,0.08322,4.558e-05,10873.7,0.4956,0x58...dc2c,https://etherscan.io/tx/0x02026038100cf95608ab4511662da5da8a90493c2e6a33a3d771381de69cae3f
2023-04-01 06:39:35,False,0.08262,4.526e-05,3517.32,0.1592,0xd2...cf5c,https://etherscan.io/tx/0x010655d46f832228a74c9f8db582144b111477c1d51012e4e52a1e42533ba80d
2023-04-01 06:37:23,True,0.08303,4.548e-05,10991.7,0.5,0xfb...8b9e,https://etherscan.io/tx/0x9d073bdbd6b8fd6d9c15e6ac68838657d4ef173988c0df04c17f662cfd193028
2023-04-01 06:36:47,True,0.0829,4.542e-05,218.24,0.0099,0xe9...af1e,https://etherscan.io/tx/0x462805960388bc977ce7c07975671bd7e015b603bd0cf8b094e489b74c454881
2023-04-01 06:35:11,True,0.0829,4.541e-05,873.09,0.0396,0x65...c125,https://etherscan.io/tx/0x179a87aa3025064c885e09e9d4c746e883b4dd6266f4005986a5c82e0b795fc7
2023-04-01 06:33:11,True,0.0828,4.535e-05,8304.63,0.3766,0x04...239b,https://etherscan.io/tx/0x1443d22c4206fa1aa47dc34722a431cd46c03a47574b01f9348acb58a38a0701
2023-04-01 06:21:23,True,0.08268,4.528e-05,3197.25,0.1447,0x80...6b53,https://etherscan.io/tx/0xe2f86e6507c09fb97edcaf17f69b8f8fd80af034d14274e7a099479706e85e9d
2023-04-01 06:21:11,False,0.08221,4.503e-05,6000.0,0.2702,0xd6...f116,https://etherscan.io/tx/0x4e34a5c02e05120adfc37394dfd77a4a1663abe064822d04667e884d34fbd1b0
2023-04-01 06:20:23,False,0.08233,4.508e-05,2726.7,0.1229,0xd2...cf5c,https://etherscan.io/tx/0xa941fea4039ce4dc763e8a7070f86bc0df5b0bbebb0048301579b356d760e130
2023-04-01 06:19:23,True,0.08284,4.536e-05,1445.94,0.0655,0x60...09e5,https://etherscan.io/tx/0x7a89a82f33cf18dc278c64e65f131f64733e38ce036d8867e564da8bd67fb350
2023-04-01 06:16:11,False,0.08246,4.515e-05,12014.1,0.5425,0x7e...9793,https://etherscan.io/tx/0xe446b7c3980903bb627c69eb224963df23dec6828e5f52d82377076f1d018955
2023-04-01 06:13:59,True,0.08309,4.55e-05,159.405,0.0072,0x6d...b368,https://etherscan.io/tx/0xac0c0e39c0a40eb01ba04a51f6bdd20ba08d5306597f3237ebb5f172eb06fd0b
2023-04-01 06:10:59,True,0.08304,4.546e-05,5450.33,0.2478,0x74...b472,https://etherscan.io/tx/0x3674b66b390a03e287dbbbeb71f901f73688853461a27085aaa4a4787dcc336f
2023-04-01 06:08:47,True,0.08294,4.543e-05,327.274,0.0148,0xef...7068,https://etherscan.io/tx/0x875502a023d5d37fb6264d2d675c75781be86f9c990c70d88c4bf323d5a19f07
2023-04-01 06:03:35,False,0.08249,4.518e-05,4548.77,0.2055,0x23...1987,https://etherscan.io/tx/0x627320f18181edef2d21a7fff1c6d74b88e9f2fd72a690f7b17a0c860212ca9c
2023-04-01 06:03:23,True,0.08302,4.547e-05,1380.48,0.0627,0xd6...95dd,https://etherscan.io/tx/0x8bc3c1dc8443edf879762c34ed49bd3c2c23868ca0d604ea12852447626b947f
2023-04-01 06:03:11,True,0.083,4.546e-05,654.079,0.0297,0x92...6ed8,https://etherscan.io/tx/0x2ef5098e881386869d9036544c6aa275cf85753dddb249744d760f79302a5514
2023-04-01 05:57:23,True,0.08301,4.545e-05,1090.39,0.0495,0x55...3e32,https://etherscan.io/tx/0xec06d3a2995a8f47b94033ca816af562c258956d30dd68fb1fa965b298b192f3
2023-04-01 05:56:59,True,0.08296,4.543e-05,2836.51,0.1288,0x17...44eb,https://etherscan.io/tx/0x0097bcaa54d62511cc29bf88e4bc2c70c923610df86c9e018fc42bd21a4f2a6c
2023-04-01 05:56:59,True,0.08292,4.54e-05,993.387,0.0451,0x8c...bd0a,https://etherscan.io/tx/0xda1d4d80cb9a7f7051cadb8f519dee8394f5185b21ddbabdbc4b4ab0be515bb8
2023-04-01 05:55:47,True,0.08274,4.53e-05,15005.4,0.6798,0x9b...a8e6,https://etherscan.io/tx/0x355df9a3c73795c64880aacafdda6e0adf361de1b0d54e6e57f94a340ca5e2b7
2023-04-01 05:53:35,True,0.0825,4.517e-05,6862.12,0.31,0xf2...ba5c,https://etherscan.io/tx/0x37aa3c7789db27e0a34397fd4cc61a2dfe01cca43cd6af5cccaaf02438c678b2
2023-04-01 05:52:35,True,0.08241,4.512e-05,1150.82,0.0519,0x09...3fad,https://etherscan.io/tx/0x507188ccd678975608405dc5be77df63e3d19c478c5b9a696254e648138f6d10
2023-04-01 05:51:23,True,0.08237,4.511e-05,1020.61,0.046,0xba...99ab,https://etherscan.io/tx/0xdb809a5a4212a3b11b9487725d48e14c80f49dfbc0a23f7d5734348dfd924095
2023-04-01 05:50:23,True,0.08235,4.51e-05,1076.94,0.0485,0xf2...1065,https://etherscan.io/tx/0x2c4b81dc44d0d73f5bfa14f74e42b999809363c67d931e3c094f4498e854b204
2023-04-01 05:45:35,True,0.08226,4.507e-05,3738.75,0.1685,0x45...5f0c,https://etherscan.io/tx/0x232a5e38ae65be09d811f9d1d11371c06cc56eefc49f06c0ba70ce5edb62eab5
2023-04-01 05:45:35,True,0.08218,4.502e-05,3664.46,0.165,0xc6...fed0,https://etherscan.io/tx/0x0d40e3707ac157fad6b19d53c9bfa63e0d69ea8e15d79d5c7cb1ac50a5cacb43
2023-04-01 05:44:59,True,0.08213,4.5e-05,198.233,0.0089,0x51...15ce,https://etherscan.io/tx/0xd0a2c490683319e8a523f382698bc7b84a467cc1c7ac83ad49e54f9e3e554cd4
2023-04-01 05:44:23,True,0.08212,4.499e-05,666.037,0.0299,0x65...718c,https://etherscan.io/tx/0xd8ad24c439ebff5538537cf3fab0935bda2216ceb291684c7ad2f1e9e21cec6a
2023-04-01 05:44:23,True,0.08204,4.495e-05,6616.68,0.2974,0x9f...367c,https://etherscan.io/tx/0x690c313687dfcf15f82a91fb040b27517b7257d9d9030e3bfdbb95fec2280ccd
2023-04-01 05:40:35,True,0.08195,4.49e-05,1655.59,0.0743,0x90...c4e9,https://etherscan.io/tx/0xbbcc77b601d5bba27d2474cb6b231c7f3981d355b68a54d53e74b8aa616b0f49
2023-04-01 05:40:35,True,0.08193,4.489e-05,100.021,0.0044,0x29...dc3a,https://etherscan.io/tx/0x638cfc037d71eaee61a0423060bb2f0a8efb9648381d0fdaa2a9988a7d483e1c
2023-04-01 05:38:59,True,0.08201,4.488e-05,1435.48,0.0644,0xcc...b128,https://etherscan.io/tx/0x27f582bb40c88bc49d1b27550fc91aba14b8d430e27f7de4f1b7c67d1eff2269
2023-04-01 05:31:23,True,0.08196,4.485e-05,3602.17,0.1615,0xc8...7b3c,https://etherscan.io/tx/0x11a5095bb885d224ba5b4d01c587452287aaebd9b01c9d399e4d8b4a93c0895b
2023-04-01 05:29:47,True,0.08193,4.483e-05,30.1867,0.0013,0x9b...c828,https://etherscan.io/tx/0xcc76b6584f84332e855b0c207ec2ff44d30f25e50edfb6769e8d35ba1a0996e3
2023-04-01 05:27:11,True,0.08192,4.483e-05,241.677,0.0108,0x82...1215,https://etherscan.io/tx/0xa755afef02f82c8a56e8769bb72caee588c81c1ebbc0892986e688c9c7dfa49e
2023-04-01 05:25:35,False,0.08145,4.457e-05,3001.88,0.1338,0x4c...1e43,https://etherscan.io/tx/0xb0a7d619f5bb1fb8d3aace41c7d21020c68940a2cb6b1e501af2dc8a827dd3e4
2023-04-01 05:25:35,True,0.08191,4.482e-05,6042.18,0.2708,0x33...c2aa,https://etherscan.io/tx/0xfc2908cd62552ba6bc526e3e2beaa45bb8a77db37752862548efeff2cf8b138b
2023-04-01 05:24:35,True,0.08183,4.478e-05,608.562,0.0272,0x4f...2604,https://etherscan.io/tx/0xd34e4ea22dc5c1bcf471f5c005a12f829e2d7c79738cf39ec234183a90650bcf
2023-04-01 05:23:59,True,0.08181,4.477e-05,1832.4,0.082,0xda...4bb1,https://etherscan.io/tx/0x1019ecdbf8c44610c4df1e632ff760a82f05671cd108fa6df8b38b7441d709d5
2023-04-01 05:17:11,False,0.08237,4.506e-05,95063.2,4.28434,0x01...bc10,https://etherscan.io/tx/0xce93c34f3a615ebbc9ab6fa69168515558a91a2b1aceced52a8a0143fd4c6abb
2023-04-01 05:16:23,True,0.08397,4.592e-05,259.037,0.0119,0xcc...60d3,https://etherscan.io/tx/0x32add2db9dba428335381063617f1a577d5769d642835ff03d5ce2a77f2518ff
2023-04-01 05:09:23,True,0.08396,4.591e-05,1079.52,0.0495,0xf0...40ff,https://etherscan.io/tx/0xc11b816f719c55c388694729cf0f045d3843dbb4245681e05f3ae3092ab12138
2023-04-01 05:05:11,True,0.08392,4.589e-05,1317.44,0.0604,0x12...54b2,https://etherscan.io/tx/0xd6055987df16c19f060f72b383cefa3afa9a1c90751f6e7bfa0c0acee66b553c
2023-04-01 05:04:47,True,0.08391,4.588e-05,159.508,0.0073,0x82...3e8f,https://etherscan.io/tx/0x864961d3d7d865dce5c7d15e9b70003c84bfc6cf91239e98825b11ee1882bc71
2023-04-01 05:02:47,True,0.08364,4.573e-05,23839.2,1.09038,0x9e...86e8,https://etherscan.io/tx/0xdf9b6e741d468f52f354168b112ef870824c4b4b52297a729fe194c78289907e
2023-04-01 04:59:35,False,0.08298,4.538e-05,10500.0,0.4765,0x18...263b,https://etherscan.io/tx/0x5f4a7336e1c1f3d7c71499a23c31b5d40bcb2b38b0acf8a23619bacc193d0350
2023-04-01 04:57:35,False,0.08313,4.546e-05,2900.0,0.1318,0x8d...cb4d,https://etherscan.io/tx/0xb3fbdbb693db1b426dd2005a62682289b03c95dcdacd142febbc138566cdb3d8
2023-04-01 04:54:11,False,0.08319,4.548e-05,978.014,0.0444,0x42...cf69,https://etherscan.io/tx/0x59f116217cbb523a99e6a9293e72e8c8bcb24561372280775953a4e7382f1d4a
2023-04-01 04:52:35,True,0.08354,4.572e-05,6503.07,0.2973,0xba...bcc2,https://etherscan.io/tx/0xafe55b1f1745aa931847dedac07859f5c986928caa79502dc9d1d6bc8a292156
2023-04-01 04:43:23,False,0.08296,4.545e-05,5999.0,0.2726,0x04...83d2,https://etherscan.io/tx/0x09f4e2c3cb7dec129506c6346a5dd9f29ecdd4f26a4227aecfa7656892a4d332
2023-04-01 04:42:11,False,0.08307,4.549e-05,1216.46,0.0553,0x42...cf69,https://etherscan.io/tx/0xe581d99e01fb18b05f35969569deab81deb03049505497c01eb86384863795fc
2023-04-01 04:36:59,False,0.08315,4.55e-05,752.067,0.0342,0xb1...d7a5,https://etherscan.io/tx/0xd388719df999bd47d63076ebd3f61321b620b36cf148e4898b1fe87b5ee97221
2023-04-01 04:35:35,True,0.08362,4.576e-05,3277.53,0.15,0x80...c882,https://etherscan.io/tx/0x4bad2220e62fead6e7aca1e8d87d0d9f94b22a5c5cc3ecc7066913741db12190
2023-04-01 04:35:23,True,0.0836,4.573e-05,2247.88,0.1028,0xc6...fed0,https://etherscan.io/tx/0xcd6d2d5beab8c52735e6779e218fd28aa2bc7a273ee12fbd4502db9013c6e118
2023-04-01 04:30:59,True,0.08364,4.571e-05,1084.25,0.0495,0xd2...e80c,https://etherscan.io/tx/0xf53dcb26f387e6418a535396c15c4d09dc3754a84ca836597b312c09d4665d2a
2023-04-01 04:29:11,True,0.08358,4.568e-05,3502.39,0.16,0x00...a690,https://etherscan.io/tx/0x125c633e82ee5eae34c052dbde58b9e826d052ef5b0febd178ab1aab8e25d1b1
2023-04-01 04:23:47,True,0.08354,4.565e-05,358.211,0.0163,0x93...cb55,https://etherscan.io/tx/0x7b3670743a8fe2695ecb007f9d166d93538e5a55e6a66bc0b525cf3334c54fc4
2023-04-01 04:22:35,False,0.08309,4.541e-05,5122.93,0.2326,0x4a...05ae,https://etherscan.io/tx/0x1a0f447e9f924de44b3d1834e2b698f6cedf592d497ba4a7994bd19cef9d4620
2023-04-01 04:19:23,True,0.08361,4.571e-05,108.406,0.0049,0x2a...3c39,https://etherscan.io/tx/0x0fab994a5baa4d3710edbaf68f29a7d72c0b9e47b8759e7029c38b1e8c85fe33
2023-04-01 04:15:59,False,0.08345,4.55e-05,9500.0,0.4322,0xd1...69c2,https://etherscan.io/tx/0x1a7e434a4dc07870919550eb4a573be01d164f499575ec7d9d3a7311abdb50e1
2023-04-01 04:15:23,False,0.08672,4.728e-05,270000.0,12.7679,0x00...f243,https://etherscan.io/tx/0xf08fa04f2b694e3494bc32c9bb17fd7ae4e96eb486ac0c0f12e94ca4974ca287
2023-04-01 04:15:23,True,0.09022,4.919e-05,25408.9,1.25,0x62...3d69,https://etherscan.io/tx/0x6471285257ec88c9c6aca40fb9cbc9f0e3af4e526e6553957b1ee5d2c567f129
2023-04-01 04:15:23,True,0.08662,4.723e-05,270000.0,12.7524,0x00...f243,https://etherscan.io/tx/0xde771aaa837d1e1d17e0231bd6e53921799df1ceb9401af49c562c69aadab76d
2023-04-01 04:12:47,True,0.08355,4.55e-05,1043.82,0.0475,0x78...4eec,https://etherscan.io/tx/0x2c549ecec3513d0aa9780a74cb5d0fff244f6b564b29422773f8619fa3fdc291
2023-04-01 04:11:35,True,0.08345,4.544e-05,8361.19,0.38,0xae...8094,https://etherscan.io/tx/0x72af1859577effed8cfade8f84c8193771d0984b9cb4ceee040176909ff32557
2023-04-01 04:10:59,True,0.08335,4.539e-05,133.9,0.006,0x2e...70e1,https://etherscan.io/tx/0x5f5afb7f3580d905b9ba6ee54172f3fa34de3e1e9ed5c59bbf21a527a3d2c299
2023-04-01 04:10:47,True,0.08331,4.537e-05,3590.94,0.1629,0x02...0da9,https://etherscan.io/tx/0xd3c50c9b4f19ba7e8fbda24e6bcc057df900ef8316b042286aff400b894a09ca
2023-04-01 04:10:23,True,0.08297,4.518e-05,27524.0,1.24363,0xf6...68eb,https://etherscan.io/tx/0xf13b0fcbd567194dddfce518679969ac541c11d2dcd0502b4e9be95e6e0dcc35
2023-04-01 04:09:35,True,0.08262,4.5e-05,2555.48,0.115,0x45...20c2,https://etherscan.io/tx/0xbcb3967d4a1d151fe11a6563660fc6283f6d00b0c3231ad25768560678db6553
2023-04-01 04:09:35,True,0.08259,4.498e-05,611.854,0.0275,0x65...21ff,https://etherscan.io/tx/0xed3e84d8bae1b239656cdeaabe403e4dd68880ba0c877da97b8ee311d7291fce
2023-04-01 04:08:59,True,0.08259,4.493e-05,7279.75,0.3271,0xe2...8c0b,https://etherscan.io/tx/0x943d53167328c886057f3bace9467d1db199baf4adaa61acf04ff92b3ead8333
2023-04-01 04:07:47,False,0.08229,4.476e-05,24292.5,1.08751,0xc6...f366,https://etherscan.io/tx/0xe730c320db5c6cff8385436274112b6ba27ac4afdf611c59aa52db1dc0cd8c43
2023-04-01 04:06:59,True,0.08301,4.516e-05,3259.87,0.1472,0x19...1eb8,https://etherscan.io/tx/0x7669b25ac99d9f33a6b555ca00d735885ebd17b9bd57705b01897cb4d9a3eb45
2023-04-01 04:06:59,True,0.08285,4.507e-05,11055.3,0.4983,0x34...0e95,https://etherscan.io/tx/0xe90615b1e0b9a4434a3e57c9ea9f1d86174471cc8a5de1ce8891a97c2888e77c
2023-04-01 04:05:47,True,0.08254,4.487e-05,22283.7,1.0,0xad...39f2,https://etherscan.io/tx/0x97c010cf7d3f4d8c4ba6b6104a32b02f7f74d21a8a5df0cb8911ab725ca1cd31
2023-04-01 04:05:47,True,0.08217,4.467e-05,11604.9,0.5184,0x1c...0eda,https://etherscan.io/tx/0xe837f7a433f1f38cbf917c6af3057ec400c817084fc93b2eb9124603d20d3487
2023-04-01 04:04:11,True,0.08191,4.451e-05,14692.1,0.654,0xf3...265f,https://etherscan.io/tx/0x9fd50b631e4af085a9e688d1eeda402dc660a4d391133a5ea49abd45e0e95832
2023-04-01 04:03:23,True,0.08174,4.441e-05,2398.35,0.1065,0x91...dc25,https://etherscan.io/tx/0x3da3c81cf0d95dd4524a0d6ba84bc8f5aa11d8d9f90067fd1e287adb39007fb0
2023-04-01 03:49:47,False,0.08089,4.426e-05,21537.4,0.9532,0x6e...dd4b,https://etherscan.io/tx/0x2857dd8106dc761192ebd5b90360b6b0082e915b26edad5229ec3b7916b50d7b
2023-04-01 03:45:47,False,0.08108,4.439e-05,500.0,0.0222,0x88...9162,https://etherscan.io/tx/0x5d1af58f179820566ec024d48850e51f931bdb232e0927fa447060710c49bc58
2023-04-01 03:43:47,True,0.08152,4.464e-05,3318.83,0.1481,0xda...4bb1,https://etherscan.io/tx/0x91eed4db478f701a2b93c13aae08555cd7bf19cb81c8b89d55cb17005b3d7d34
2023-04-01 03:43:35,True,0.08151,4.461e-05,564.161,0.0251,0x87...7c8f,https://etherscan.io/tx/0x1075a36c832eeaeba3bbdab864c31e99078657222bae8869479f27ff3a625d7e
2023-04-01 03:43:35,True,0.08142,4.457e-05,7373.34,0.3286,0x87...7c8f,https://etherscan.io/tx/0x1075a36c832eeaeba3bbdab864c31e99078657222bae8869479f27ff3a625d7e
2023-04-01 03:43:35,False,0.0812,4.445e-05,32552.5,1.44708,0xf6...68eb,https://etherscan.io/tx/0x0aa687fb572ba12f1958555737674cafb38c8726de087a50ed11001e60358941
2023-04-01 03:42:11,True,0.08199,4.488e-05,5483.06,0.2461,0xf1...dffe,https://etherscan.io/tx/0x8d440fa33735dc8f0dbe51862942b2453add466281ff0b1dafe6a5d5347b6950
2023-04-01 03:42:11,True,0.08191,4.483e-05,1944.16,0.0871,0x76...7d5e,https://etherscan.io/tx/0xd9ef4b0881d5693f1533323c4f090ba6df6867918c38d58b5ec3ab9f2205770f
2023-04-01 03:41:59,False,0.08219,4.499e-05,72041.1,3.24126,0xcf...c2f0,https://etherscan.io/tx/0x3c6cb34d70321e8e46f454f74bef688bcfb7a5e6d0c600d3cd5f98792cfd8225
2023-04-01 03:41:35,False,0.083,4.544e-05,2028.66,0.0921,0x8b...8174,https://etherscan.io/tx/0x6f70cba9b751e8fbcd4a24294c8a68c30684a9d850f781ae5c902ed4312b79b5
2023-04-01 03:41:23,True,0.08351,4.572e-05,1040.67,0.0475,0xd2...588e,https://etherscan.io/tx/0xb6e098e0899ede25d2d593ab2c793e75ba57b6747143d6eb4af78e5bb18ec97b
2023-04-01 03:39:47,True,0.0835,4.57e-05,2373.09,0.1084,0xf1...ef3a,https://etherscan.io/tx/0x2b25334ad1ef10e244ae4da396a5501f31050fbcf8d44d854a026cb64996327d
2023-04-01 03:36:47,True,0.08345,4.567e-05,1946.7,0.0889,0x7f...96ce,https://etherscan.io/tx/0x4315d20053e3430f0c085f5576454d80f85fb47b6b4874d2dd1f8a415ee471db
2023-04-01 03:36:35,True,0.0833,4.559e-05,10848.7,0.4946,0xcb...85a4,https://etherscan.io/tx/0xaf3ab97a5448183ab5e5006a3207360902424817b89911c15f9627ec7d6b3837
2023-04-01 03:35:59,True,0.08316,4.551e-05,1537.86,0.07,0xa0...17a3,https://etherscan.io/tx/0x9ee86f4db777d4afb3918c3cffb0b2c18cc6eee07ddf8c8ed6f2d0a60201c144
2023-04-01 03:35:11,True,0.0831,4.548e-05,3138.68,0.1427,0x7f...18eb,https://etherscan.io/tx/0x614d92c88add8236a41ef4d90b99d86d1f3b6d61f0fb3c74c0d7e19ca4338816
2023-04-01 03:35:11,False,0.0831,4.548e-05,47100.0,2.14239,0xb0...5784,https://etherscan.io/tx/0xa38b8349713a0e38eb6615d037a1d819608662e7f9dcc58934cef4755128d2d9
2023-04-01 03:31:23,True,0.08402,4.602e-05,3987.07,0.1835,0x41...d508,https://etherscan.io/tx/0x29d7182d1aa8633bbfab274598aacf92699ee1a2246dfcbc49654eee7c651741
2023-04-01 03:30:23,False,0.08359,4.579e-05,11037.8,0.5054,0x9c...77b8,https://etherscan.io/tx/0xc5cbb644ec9572aaf16dcd5cf719fd0f17be80f2da68457852b6977e754d0ac8
2023-04-01 03:28:35,True,0.08419,4.611e-05,4598.19,0.212,0xc3...2aa5,https://etherscan.io/tx/0xcac446fba95719a05fbf323318289efc97478c5723b9578ec24f58b6ce8a3a96
2023-04-01 03:28:23,False,0.08399,4.6e-05,31455.9,1.44703,0xc4...c224,https://etherscan.io/tx/0x5f4b78fe70a82f2fe6a504a60df918c47a4e7e8021c1cb243181ffc06341e3e1
2023-04-01 03:24:47,True,0.08451,4.634e-05,21579.5,1.0,0xb7...91c9,https://etherscan.io/tx/0xe4d8090506a8bed4b978f29da70d7f46afa5e3147cb129aac6e47939a6d925c4
2023-04-01 03:24:11,True,0.08422,4.618e-05,3636.01,0.1679,0x00...2f60,https://etherscan.io/tx/0xc8eebe10820230cef764a67ffed01240da1fbf500a8eb8bff6f3c5a0233ac1f7
2023-04-01 03:23:35,True,0.08397,4.605e-05,16933.6,0.7798,0xc9...d921,https://etherscan.io/tx/0xe79bd0855a32ac12d5acc11f7130d8f2a103b742e3d9b0b2a12e7b3d15e8dbf4
2023-04-01 03:23:11,False,0.08427,4.621e-05,86694.4,4.00653,0xda...34e3,https://etherscan.io/tx/0xc4f8ba009ef2892d62066728d48d14c1124dd68bdd1a5966ddbc2382dd320e3f
2023-04-01 03:17:47,True,0.08578,4.704e-05,198.76,0.0093,0x59...ab01,https://etherscan.io/tx/0xa7fa66695c82e3393ddab4fb62981e27a3b71f3f6c99b7e1cc56ed3d89731dd7
2023-04-01 03:15:59,True,0.08577,4.703e-05,426.913,0.02,0x04...aced,https://etherscan.io/tx/0x874c5449b85efaa47a077d9833eae609591b0304a09af1c8d634cb3be59168fd
2023-04-01 03:14:35,True,0.08577,4.703e-05,356.913,0.0167,0x42...cf69,https://etherscan.io/tx/0x8b462332a888b68995517ca9bb6dcdb2a21d0e7b104655becf9770c5496b831e
2023-04-01 03:09:11,True,0.08569,4.702e-05,1475.65,0.0693,0x93...0df6,https://etherscan.io/tx/0x0f8d12069c0002d6ceef49654433e0f203c8df03be753dae3bceeab5ee68f939
2023-04-01 03:08:59,False,0.08532,4.681e-05,13400.6,0.6273,0x45...ecce,https://etherscan.io/tx/0xbde514a6b7b972eacb24a23a592a652240d93253365ba1ea067427b3cd067a1d
2023-04-01 03:08:35,True,0.08596,4.716e-05,2416.7,0.1139,0xa8...ebb5,https://etherscan.io/tx/0xcfefa66fea7c05d1febb2326ba78893bade71f96924b783fdca3fe996641b443
2023-04-01 03:06:59,True,0.08595,4.715e-05,230.392,0.0108,0xd0...7fb1,https://etherscan.io/tx/0xc004127a3f8988f8b06d40324433e9325ab9fe6f5c467c8ad8529a935685439b
2023-04-01 03:01:59,False,0.08554,4.693e-05,10000.0,0.4693,0x11...5470,https://etherscan.io/tx/0x4453e590a49124f43fb3883f41521c253bbefb59b7a64fc1bab268d96089a2cb
2023-04-01 02:58:35,False,0.08906,4.89e-05,283379.0,13.8574,0x76...7d5e,https://etherscan.io/tx/0x89f6de4ae4906c632b06dace2ed39325a125b4fb92a8f492bffe77b74a8f3608
2023-04-01 02:58:35,True,0.09015,4.949e-05,237228.0,11.7425,0x76...7d5e,https://etherscan.io/tx/0x548fd8648e50e20b2ca64457682d8bf7149164d3269bcbabe2ce7b897c1faeac
2023-04-01 02:45:59,False,0.08671,4.761e-05,4000.0,0.1904,0x7d...f28e,https://etherscan.io/tx/0xeafe4e851985bed8d0ba70975ce9ed4c8892375e0a8117a38175fcd022bfd2d8
2023-04-01 02:36:11,True,0.08739,4.792e-05,52.5461,0.0025,0x4f...5400,https://etherscan.io/tx/0xeca171c26f4f139a072ebbe275f0debfb5018fe30a4767f0c4cae22fb89c0061
2023-04-01 02:34:35,True,0.08737,4.79e-05,2876.0,0.1377,0xc1...8bc9,https://etherscan.io/tx/0xf799ec6e194da593a2ab136b63fe6c6de5722b79ad8c18234689ae4ca128f2ef
2023-04-01 02:31:35,False,0.08698,4.765e-05,8451.29,0.4027,0x63...b05a,https://etherscan.io/tx/0xde7126bad2d051fc0a21a7f92e9950ac8453ad72b43185f903c8bcf1fe5c046a
2023-04-01 02:24:59,True,0.08758,4.799e-05,282.346,0.0135,0x2e...5d48,https://etherscan.io/tx/0x2b26b1cae574a43b16039eb376d91826ee9dffcc04f8c66c3d68cd35131028fb
2023-04-01 02:19:59,False,0.08719,4.774e-05,5000.0,0.2387,0xb5...4505,https://etherscan.io/tx/0x3b900963fcecfdef57266036a106b014f674c7f98531b123f5948063a41c53d4
2023-04-01 02:19:47,False,0.08725,4.777e-05,300.0,0.0143,0x9a...bc8e,https://etherscan.io/tx/0xae13f24749fc1b73c0d42315106f3ff5a2ae0b8215a52a87a629ad59654f1b83
2023-04-01 02:12:11,False,0.08729,4.787e-05,14065.9,0.6733,0xc6...fed0,https://etherscan.io/tx/0x2a53370da7c3e644c0a1c6041345d4a56ac87b6802c3163a05099d61e47d5a5f
2023-04-01 02:09:11,False,0.08746,4.798e-05,2304.01,0.1105,0x50...ea98,https://etherscan.io/tx/0xe9831bd019d87198345891b7bd5eb4ccb442b6ea29988c2c073835cd2b5a4a9f
2023-04-01 02:08:35,False,0.08751,4.8e-05,1000.0,0.048,0xc6...fed0,https://etherscan.io/tx/0xcce60e5191b2434b8d1c45f97c6ab4c767876f1ac6c0a2445b6957e51873b384
2023-04-01 02:08:11,True,0.08801,4.828e-05,1838.39,0.0887,0x42...cf69,https://etherscan.io/tx/0x9d925e8b2bee160e4a4102d1919b3eca63c023caf332c38c64f6ecf05d292087
2023-04-01 02:07:47,True,0.08796,4.825e-05,2300.48,0.111,0xc2...ab3f,https://etherscan.io/tx/0xbef82435d535004f872ca8fdfea8a68da761286738b889dc1fb3d0ba25446573
2023-04-01 02:02:23,True,0.08788,4.822e-05,2281.4,0.11,0xa6...dd02,https://etherscan.io/tx/0xde2961e0c53715b92ab86eb015ee19fd2e0a5c044ba71b40b2db8447dd4e54d3
2023-04-01 01:56:11,True,0.08785,4.821e-05,208.411,0.01,0xa8...3731,https://etherscan.io/tx/0x708363d6f04e68a82453014c801044f62bb799af9263cdf3af50a3fe334a8696
2023-04-01 01:52:47,False,0.08739,4.795e-05,5000.0,0.2397,0xed...c98a,https://etherscan.io/tx/0x803c805f85912ff315d31cab45a6570d5c441dc38bd102f73d36b92836b0b353
2023-04-01 01:50:59,True,0.08797,4.827e-05,335.076,0.0161,0x81...34cd,https://etherscan.io/tx/0xe2e2a0f31f8cd4ee8473e865b31f50f6108561991131b2d134848c8d557f1231
2023-04-01 01:49:23,True,0.08796,4.826e-05,1519.86,0.0733,0xa8...6ff4,https://etherscan.io/tx/0x9bbd1b2e87257b5b92c7c7f2231f519d61aef16cf9263403db9fdd67e3a809d4
2023-04-01 01:49:11,True,0.08793,4.824e-05,1125.17,0.0542,0xb9...4e0a,https://etherscan.io/tx/0xe70b9bbb1a9d250295b48f33d7031a36cf0e42766bdca6580ccc4bd0d9fb4dda
2023-04-01 01:46:59,True,0.08793,4.823e-05,24.2483,0.0011,0x6a...121c,https://etherscan.io/tx/0x57ae7acef3104416941a09692775f94561a2c6d95f660ef5aeb4f21b4259b246
2023-04-01 01:45:59,True,0.08793,4.823e-05,205.501,0.0099,0x6a...121c,https://etherscan.io/tx/0x8efb961fd984c4a06ccd8e34795fcd72763214392422bf2fb335d269d85008b0
2023-04-01 01:44:35,False,0.08744,4.795e-05,694.788,0.0333,0xda...29dc,https://etherscan.io/tx/0x4ad60696de829fab406afcfc70ef0a2d2cd13c87fecb1b8eb5923a191ad52f89
2023-04-01 01:43:35,False,0.0875,4.798e-05,4370.63,0.2097,0xd5...3396,https://etherscan.io/tx/0xcb4ed13cf7f793dcde35598005375c0f215ec9f0234214abd55d4b92406dbfd1
2023-04-01 01:37:59,False,0.08789,4.817e-05,24012.3,1.15676,0x97...0896,https://etherscan.io/tx/0x06b6c09f4ff45dbda15cd55d860451e9613c082972fd5ec3ddad57886062c5d8
2023-04-01 01:37:59,True,0.0887,4.861e-05,1427.26,0.0693,0x40...284d,https://etherscan.io/tx/0x0cf22958dcf3916567533c052ae07f3ae56813a3b172838ab9106f9a9f5fde63
2023-04-01 01:28:47,True,0.0887,4.86e-05,407.893,0.0198,0x06...aca3,https://etherscan.io/tx/0xcd7e6e5ead9b3330bf17e4fc44dd6a25343545f2800e416f173f0160467eb06e
2023-04-01 01:26:23,False,0.0882,4.833e-05,4399.44,0.2126,0xad...17a8,https://etherscan.io/tx/0xe9b431d0ff5c6b4f682445f94d00d8cc8627c531346a11faeca85d78e07f2826
2023-04-01 01:21:35,True,0.08876,4.865e-05,1395.68,0.0679,0x57...efc6,https://etherscan.io/tx/0xac04c80efe50e39027f03abbc761fa458bd6f02e9ef6d508c8be6c3c3b85be59
2023-04-01 01:18:59,True,0.08868,4.86e-05,5024.98,0.2442,0x65...21ff,https://etherscan.io/tx/0xab7257b9696e7d4a53ae27f855d02eccfe9a6af2b1a59a36460e866b486d5447
2023-04-01 01:17:11,False,0.08867,4.86e-05,47066.2,2.28745,0x97...0896,https://etherscan.io/tx/0xa72735c4af03bc00a2e9eb9e21053c2b8054fd40a5d7d1b4b3454ee2058f6e9a
2023-04-01 01:14:23,True,0.08982,4.921e-05,24.1694,0.0011,0xd7...4632,https://etherscan.io/tx/0x45d5ae960bf961aeac35cf1999b05ec9769fe07b1a7bd5f0081101110ea191a5
2023-04-01 01:13:35,True,0.08981,4.921e-05,543.656,0.0267,0xa8...3731,https://etherscan.io/tx/0x944ba0e9f1aae833fd32c7bfc323fa6335e5664d992f8f5945c1fd4cb4522f63
2023-04-01 01:11:23,False,0.08929,4.892e-05,2000.0,0.0978,0xf0...07c4,https://etherscan.io/tx/0x8337fce6666caf308acb90b3c8ba611f26d4ff7ee4edb62d33d68a1cd20966eb
2023-04-01 01:06:47,True,0.08985,4.923e-05,604.043,0.0297,0xcc...681d,https://etherscan.io/tx/0x3188546cc1850c6abbf9da6593baa6eb8f2ef213f5555dea460595ecf61213f9
2023-04-01 00:43:11,False,0.08946,4.893e-05,1000.0,0.0489,0x0a...2e4e,https://etherscan.io/tx/0xce7695c7b295cef9e8d62e270f3dd8b88ca6c0fb88fa5569a87fc3ee2a7a243a
2023-04-01 00:39:23,False,0.08952,4.895e-05,1932.06,0.0945,0x76...7d5e,https://etherscan.io/tx/0x444bf2b530a1a902f046b37c623188889d192fa58881c14d5a51de80ad25c2d0
2023-04-01 00:34:35,False,0.08944,4.897e-05,500.0,0.0244,0x0a...2e4e,https://etherscan.io/tx/0xf4e828598992b0ad83c09143582ccdb7c40234da04a6c386f59bd6d5b80cfbe2
2023-04-01 00:29:35,True,0.08998,4.927e-05,405.923,0.02,0x75...fc27,https://etherscan.io/tx/0x9c6bafba6bee9751588fa3da16e4c20a99c8506131b7b279494a7c18b37ceff5
2023-04-01 00:28:11,False,0.08951,4.898e-05,1339.33,0.0656,0x59...c7c7,https://etherscan.io/tx/0x9e87f733b4fafc0e6f8a67a233852cb313f5d73ececd703ee6324c8c92cf2e03
2023-04-01 00:26:47,False,0.08954,4.9e-05,2079.63,0.1019,0xa6...9ae6,https://etherscan.io/tx/0x61ee34e6b3ef5900fbeadad10d9d4a40e2e8f2495d91f6b1e2184a6866f4bfa0
2023-04-01 00:25:47,True,0.09013,4.931e-05,46.493,0.0022,0xf1...1561,https://etherscan.io/tx/0x3820bb4c9fad40a32f583252a5f3a5863e021ef0836f7414b6b2cc2ad589a643
2023-04-01 00:22:59,True,0.09005,4.93e-05,2010.66,0.0991,0xf8...70cb,https://etherscan.io/tx/0x0f76d8e253dcdc734d108a0c2829d19c1e077f7aa1d7c89bcc8ba2f66b92b2dc
2023-04-01 00:18:35,True,0.08995,4.928e-05,301.695,0.0148,0x34...28fe,https://etherscan.io/tx/0xa6bfb87af8f48f58eac526762d28bb979e4aca1a0c415ac7e7764cce46a0fe92
2023-04-01 00:18:35,True,0.08994,4.927e-05,517.186,0.0254,0x04...eabc,https://etherscan.io/tx/0x096e7c7879c16719d03569a04fe433c58370b021c59cb7b821f6ab5f33f572b3
2023-04-01 00:17:47,False,0.0894,4.898e-05,1000.0,0.0489,0x6d...036b,https://etherscan.io/tx/0xe9ff3a81e3826a550817dbbf5b0b05c135caa5bda65f918f5346b8ceb072f30e
2023-04-01 00:16:35,True,0.08995,4.928e-05,182.603,0.009,0x1f...2d89,https://etherscan.io/tx/0x1ae7bc1380c767e00c928f0c3d4ac846865a10ef300e60480d911ea0ced619b2
2023-04-01 00:15:59,True,0.08991,4.926e-05,3523.45,0.1735,0xb5...1b92,https://etherscan.io/tx/0xa642776afaedc34019c3d57140adb9fe2b8a22b330caab14a54578256aca2405
2023-04-01 00:14:47,True,0.08984,4.922e-05,2013.74,0.0991,0xb6...666e,https://etherscan.io/tx/0x04d5ed955919c4cea99b267bb519c0d4ddf77c1e440871ea2a3989839272876a
2023-04-01 00:12:59,True,0.08979,4.919e-05,1873.79,0.0921,0x5a...4d5f,https://etherscan.io/tx/0xb3f5347142c231fc7de34dccf2755ca34b8d60ba8fc90d4aff5be35374282b77
2023-04-01 00:10:59,True,0.08968,4.915e-05,5160.35,0.2536,0x97...0896,https://etherscan.io/tx/0xc6fb2b8c3a465de21007c6cfb2d37e2d7d7f2b89d341ebb1691ab61c51220569
2023-04-01 00:09:11,False,0.0891,4.882e-05,1000.0,0.0488,0x42...cf69,https://etherscan.io/tx/0xf320768a923a2aefcdee0c51994d43422ab6e6e9fbd5b39becd6b7294ed98de9
2023-04-01 00:07:59,True,0.08964,4.912e-05,110.479,0.0054,0xd0...7fb1,https://etherscan.io/tx/0xa11b2a109bbb81cd0afeb00f0f208c4482285da57b27f2e4ff5a3a47b038db2a
2023-04-01 00:04:11,True,0.08955,4.912e-05,974.052,0.0478,0x42...cf69,https://etherscan.io/tx/0xce970ae81c9085d0001faed093d9faeb3c21fc12d5a4b98fae8e6083d55d7f09
2023-04-01 00:02:35,True,0.08957,4.909e-05,2240.97,0.11,0x72...0f0e,https://etherscan.io/tx/0x466a0a165df124ddf0dc672d37063cce38f3ffb336dfcee238f88e8c3a434571
2023-04-01 00:02:11,False,0.08902,4.879e-05,1000.0,0.0488,0xa1...da42,https://etherscan.io/tx/0xe8fc2fb60b50cca2dd73fda208626c4bb4f26d56363317f8ede22464523cb0e3
2023-04-01 00:01:47,False,0.08937,4.898e-05,27410.5,1.34278,0xc6...f366,https://etherscan.io/tx/0x8a3655bab82b21e3bb0b5ffcb39d452417c0e518016dde55c49c0b7fba3a6f4d
2023-04-01 00:00:23,False,0.08972,4.918e-05,1028.0,0.0505,0xb2...ccf5,https://etherscan.io/tx/0xa9291038702b46d9c40c291396b108a7381c4c5d410a2cf96e7327a9d86c0503
2023-03-31 23:56:47,True,0.09027,4.948e-05,460.762,0.0228,0x5b...54e1,https://etherscan.io/tx/0xd1135bac0835dd79196aa879528e53ef8f2c067623b4851707df172ff26727f9
2023-03-31 23:45:23,False,0.08983,4.919e-05,2646.4,0.1302,0xde...9e8b,https://etherscan.io/tx/0x64ea5b9a17048fe8cbb415c0d495894e27d267e5c875e35f90dd4ff28c59a4e3
2023-03-31 23:39:11,False,0.08983,4.925e-05,5000.0,0.2462,0xed...c98a,https://etherscan.io/tx/0x0a1ab65b14afb5ddf5ee9915e1034030977fd6dd45f94cf32b4ed373a6b9492b
2023-03-31 23:33:47,True,0.09031,4.956e-05,2481.59,0.123,0x28...60e3,https://etherscan.io/tx/0x7bbb0132eb69d3b0116055337718e88dfe36f4a88bfe149a5ba758a27c93274c
2023-03-31 23:29:11,False,0.08972,4.925e-05,500.0,0.0246,0x42...cf69,https://etherscan.io/tx/0xb5382328bcd3ba330bef4a9b83f76024c8a26e8c86acfa7b26089e16daafc360
2023-03-31 23:28:59,False,0.08974,4.926e-05,1000.0,0.0492,0x58...33ab,https://etherscan.io/tx/0x978871a3035cc4c6bfac61c9602c99073ac2469645787c6d9e5ffdf172574cc5
2023-03-31 23:26:23,True,0.09027,4.955e-05,1427.15,0.0707,0x42...aa97,https://etherscan.io/tx/0x77ade820f090d2f961d7668e7877b4f39c55273c5f467074c08cd3c178cd4aa7
2023-03-31 23:26:11,True,0.09021,4.952e-05,3302.42,0.1635,0xaa...f8fb,https://etherscan.io/tx/0xe7e3cce6333e552178aa37995a76e347ca2c463edd1d87125008e4c74d01b1ed
2023-03-31 23:23:35,False,0.08975,4.93e-05,13848.0,0.6827,0xe2...ca84,https://etherscan.io/tx/0x3b73625861b2389a038a9144ac8eadaf8abbda5524536d9b22aea0810a0ff54e
2023-03-31 23:18:59,False,0.08981,4.94e-05,1110.0,0.0548,0x7a...22cb,https://etherscan.io/tx/0x6c36bfb1e4db03d4b16ed4f14754b9045d0cedcb08d0bfffa90611270eec3e59
2023-03-31 23:15:11,True,0.09038,4.97e-05,947.326,0.047,0x9d...313f,https://etherscan.io/tx/0x0593d4c48491e451363bcb63cb2d5b4a629ea77b512bf975ee97fecf581220c4
2023-03-31 23:13:35,True,0.0903,4.965e-05,5289.67,0.2626,0x0c...2a31,https://etherscan.io/tx/0xbaf0a07d81902181a692c53273c6ebff3bd671850159237c70229ce679f2f902
2023-03-31 23:09:11,True,0.0902,4.961e-05,1242.27,0.0616,0x42...cf69,https://etherscan.io/tx/0x3d3352733347d4c7e0864e572f861c6ead098ee6ff5253e1f5d403a61fd1114f
2023-03-31 23:07:47,True,0.09017,4.959e-05,1049.24,0.052,0xc3...ca84,https://etherscan.io/tx/0x1bb149ed07529c6c2066c24f9da07159ed82e1f84d52c7aa76f1d3d233766425
2023-03-31 23:05:11,True,0.09009,4.958e-05,1099.53,0.0545,0x90...c4e9,https://etherscan.io/tx/0x5685cb68f56bbf300a8dcab8080dcd214b9b3368109f646f96670957c58ee972
2023-03-31 23:05:11,True,0.09005,4.956e-05,1937.33,0.096,0xc6...fed0,https://etherscan.io/tx/0xb0153c5963e37e98809c1f87d7d8f1279504ea6e05fd67179558c1a813811700
2023-03-31 23:04:47,True,0.09002,4.954e-05,800.298,0.0396,0xb1...cf1e,https://etherscan.io/tx/0xdea6e15ed4364ebd393591d5713855abbc75cad24f759e8952ec60617f5a18bd
2023-03-31 23:01:59,True,0.08999,4.95e-05,5286.54,0.2617,0xe2...ddf4,https://etherscan.io/tx/0x45528597d34a16c53fa4d6090ddf21c8fbe7edfd709626ccfa96bbdc889a74b8
2023-03-31 23:01:59,True,0.08988,4.944e-05,3576.14,0.1768,0xf6...f8c2,https://etherscan.io/tx/0x832f49b286f4df5633626e6d2aca141bd9650043eaeb14d090df6e01ee1a1940
2023-03-31 22:55:59,False,0.08956,4.914e-05,3000.0,0.1474,0xcc...a966,https://etherscan.io/tx/0x6ce14f0b6db92de3ff237f1cb7e3c2c622001675212be14548939fa6f3d9f959
2023-03-31 22:55:59,False,0.08961,4.916e-05,904.964,0.0445,0xc5...5bab,https://etherscan.io/tx/0xee1972dd3e5f8df35cdc95929b7ee9ee6e4e5da27971a547b6e421c55e659c34
2023-03-31 22:54:47,False,0.08962,4.917e-05,800.0,0.0393,0xe8...d181,https://etherscan.io/tx/0xd2e3166a5386ca88a5fe6642717e649c9025a33c2296af337b2449cfd803c943
2023-03-31 22:50:47,False,0.08981,4.919e-05,969.059,0.0476,0xb2...3036,https://etherscan.io/tx/0xf8860b4a09ebf9f6e6c7677144e460b35697dc8020a2d1e6a13fa9599c97d14e
2023-03-31 22:49:11,True,0.09035,4.948e-05,965.043,0.0477,0xe2...ddf4,https://etherscan.io/tx/0x527e83fdfe05006f485a801194be418089206c01ea7de25de619365371261e43
2023-03-31 22:43:47,False,0.0897,4.919e-05,1600.0,0.0787,0x3c...fe56,https://etherscan.io/tx/0xb0aa307703dc29109182523943548ffa0f5aceed8358e048f9fa597eb9904c60
2023-03-31 22:37:23,True,0.09024,4.949e-05,1001.34,0.0495,0xb8...fa84,https://etherscan.io/tx/0x66821f12d2b832e7ad303f2c3872ab1a0e6eb209f888b169d7b518c58eb7ae2a
2023-03-31 22:35:59,False,0.08975,4.926e-05,10000.0,0.4926,0x06...9232,https://etherscan.io/tx/0x216503e23fb0044e28b95b7a1a942fb0cea7f0d6aca04327afabee01e48a860d
2023-03-31 22:33:23,True,0.09036,4.961e-05,2276.56,0.1129,0xd6...e222,https://etherscan.io/tx/0xfa804845d8d72487869a4f12696a2ab9b3bf875b1ebafe8da779640d55fcd781
2023-03-31 22:30:35,True,0.09027,4.956e-05,4162.69,0.2063,0xe3...b792,https://etherscan.io/tx/0x58f52669e4fd129e381b00b63efea2110f48715f9cb772c6a9a9a200ee95f527
2023-03-31 22:29:11,True,0.09007,4.945e-05,12026.0,0.5947,0x68...643c,https://etherscan.io/tx/0x252597b3166c5e1093d02fac5af7e6abf2c7416aac380307b8911d63593ef2a9
2023-03-31 22:25:35,False,0.08941,4.909e-05,2210.0,0.1084,0xc6...fed0,https://etherscan.io/tx/0x37fb9c9b5b11cf93594e7b20d3c0ea1ba80db0f51ceed446bda01fe50ce3efdd
2023-03-31 22:22:47,False,0.08985,4.929e-05,27338.4,1.34761,0xa4...9251,https://etherscan.io/tx/0x73b74ce9f19733aa23f3109ef14272c6d05d74f1686d470e5b1e0d04888e7df2
2023-03-31 22:15:23,False,0.09035,4.948e-05,470.937,0.0233,0xc6...aa37,https://etherscan.io/tx/0xec5dc6f1f9d0a4a01f408dfe8ba591d73466709e8edb2405741bd3c5489df742
2023-03-31 22:13:23,True,0.09086,4.977e-05,2009.2,0.1,0xea...c189,https://etherscan.io/tx/0x1b53fe48385a8561f67200cd4d6a65fb047364fe0d7308dc9574127d19ec6c57
2023-03-31 22:00:59,True,0.091,4.974e-05,1594.1,0.0793,0x50...271d,https://etherscan.io/tx/0xe2101d7cf39a48aef88d1803e61ef92f7e7b780a2ab7c8c8d894bf0420bbc42f
2023-03-31 22:00:11,False,0.09054,4.949e-05,7723.54,0.3822,0xe5...5432,https://etherscan.io/tx/0x72675152cb2594dd04982be2acf2a69f9185fed8e80b8fb47439ca44a8dae7ea
2023-03-31 21:59:23,True,0.09114,4.982e-05,3024.35,0.1506,0x98...f1be,https://etherscan.io/tx/0x1d709f8d332f98a1ebd3c844862042da887decff76e5eec9ec1547f9c014c527
2023-03-31 21:56:11,True,0.09108,4.979e-05,1393.73,0.0693,0xb8...9f76,https://etherscan.io/tx/0xf5683574e1d98f23958be7dd6c4f334391ea9b35434bb61c3bd6dad41835fc1f
2023-03-31 21:53:23,True,0.09097,4.977e-05,1095.35,0.0545,0x53...a7a0,https://etherscan.io/tx/0xc81d7919779bb9db9ecb33b4d2ba23dfd8ffceb44caac15f3745a9136912be72
2023-03-31 21:48:35,True,0.09082,4.967e-05,13290.3,0.6601,0x68...8f1c,https://etherscan.io/tx/0x818ba9d06d9f3aca37987607cc9b2faaf65d94b6e6c0ca043a133a262bd00aae
2023-03-31 21:43:59,True,0.09063,4.955e-05,4400.97,0.218,0xb4...f7ff,https://etherscan.io/tx/0x49b43096ad7f670c4cd8b82dba1a0569258dd4f9619da3920ecc59682e0a2d5d
2023-03-31 21:41:23,True,0.09055,4.951e-05,1100.16,0.0544,0x76...7eb3,https://etherscan.io/tx/0x5c4a9607251fd6e43012dfc67ee00ad29c70c03821527c665f17be8ce36e41a1
2023-03-31 21:40:59,False,0.09,4.922e-05,1685.13,0.0829,0xf6...ca8e,https://etherscan.io/tx/0xc4d615ece1f363c2c5ed171cbe4951e60bd5b2f9bd5c03ba57a8fa8ee812e2c5
2023-03-31 21:36:11,True,0.09032,4.949e-05,5051.05,0.25,0x93...9a5f,https://etherscan.io/tx/0xb657c047c0a75aed4cd169370bf1c18a63199ab7728aa29f9c477dcde1b99d13
2023-03-31 21:29:47,True,0.09018,4.945e-05,326.219,0.0161,0x6d...c439,https://etherscan.io/tx/0xf069af9f8ee8541066c97e09a5467b7ea9ef72a48a8dc30d404ef0a203c3c777
2023-03-31 21:28:11,True,0.09015,4.944e-05,2058.48,0.1017,0x1d...e2a2,https://etherscan.io/tx/0x87e7e7a026dd8e2b8825fc5055051c3bd58c5d1263ccd82baaa7f35818fc1e3d
2023-03-31 21:27:11,False,0.08959,4.913e-05,474.469,0.0233,0xe1...6354,https://etherscan.io/tx/0x0cfdadb138a9503b18aa5b6423b5e4e868c2d6ffc55f4c2085aa1d0f8ae5ec62
2023-03-31 21:23:35,False,0.08975,4.922e-05,12569.8,0.6187,0x66...264a,https://etherscan.io/tx/0x48c11533c4fe16b3ec418b44a6ad2f10b52e92e99034cba2e01fb61859fa202f
2023-03-31 21:17:23,True,0.09014,4.944e-05,23054.8,1.14,0x87...d8fd,https://etherscan.io/tx/0x77695638c7fee713d8feaa71fe53d9dda378488c4e3d00a833c1d146c14e8df1
2023-03-31 21:17:11,False,0.08939,4.903e-05,6000.0,0.2942,0x76...6118,https://etherscan.io/tx/0x26616b45abda7f21e591d9c50a198a290830e87ada356cb5246dbba34680ceca
2023-03-31 21:16:59,False,0.08952,4.91e-05,4778.29,0.2346,0xe5...7a09,https://etherscan.io/tx/0x81a11422ce3ab6d8089e1bf680c7c051597060221f45f1ec0f88bdc91062ce18
2023-03-31 21:15:35,True,0.0901,4.943e-05,825.236,0.0407,0xe2...10bc,https://etherscan.io/tx/0x988a95eb3f578a71b8d604d3eadfb28ad7ecf08b165968d38b578a9e792f9c4e
2023-03-31 21:14:35,True,0.09007,4.941e-05,1214.15,0.06,0xc6...088a,https://etherscan.io/tx/0x28ba6820a50107a7456f917a7cbcdeb2d483e34aac8ed8253e0b9aefe3bcde1b
2023-03-31 21:13:11,False,0.08958,4.914e-05,4000.0,0.1965,0x3f...bb66,https://etherscan.io/tx/0xa17ec11bae04672b34250c899de24a688c3787b964ed39d649ec9ed9b41d192a
2023-03-31 21:11:59,True,0.09003,4.942e-05,6235.28,0.3081,0x5e...4974,https://etherscan.io/tx/0x4442cd8289d3183506fdf73a90c8ac5dce1a1d554318408e9a150f98cb0d1a6d
2023-03-31 21:11:35,False,0.08965,4.921e-05,19714.7,0.9702,0xc6...fed0,https://etherscan.io/tx/0x5d79e484a2c440da39d133719a89817bf64157b19e547a25b85a0b693378bd02
2023-03-31 21:10:11,False,0.0899,4.937e-05,3120.1,0.154,0x42...cf69,https://etherscan.io/tx/0x1dc7304dba8a4c5dcdafb3ff7ce750f0a7ec164c23aef72ede73b45824b08651
2023-03-31 21:09:23,True,0.09046,4.968e-05,742.212,0.0368,0xad...9bfd,https://etherscan.io/tx/0x73d161ad50cfcde82e44f3d9b777eb895c86f05f6d587805d0df688fe49a9f9f
2023-03-31 20:56:47,True,0.09058,4.965e-05,3293.65,0.1635,0xf6...d301,https://etherscan.io/tx/0x414c7708522c42206e0e4ad7227a2b0f0ae1cbcf965fa364861d86e69a7d40d3
2023-03-31 20:56:35,True,0.09055,4.962e-05,1640.79,0.0814,0x16...29d3,https://etherscan.io/tx/0x3f35afb5f00a2ab429e760fafdc823e4a1458e61bce48f0aa4d832ebe117d160
2023-03-31 20:53:59,False,0.09002,4.933e-05,3422.0,0.1688,0x6d...93aa,https://etherscan.io/tx/0x91f52c2fa7ed8964b37dd3eaea8451440171fa1c6da8984d6e79497309db8a9d
2023-03-31 20:50:35,True,0.09062,4.965e-05,218.7,0.0108,0x8c...11ce,https://etherscan.io/tx/0x5e70fbe2549476e43c69540e0041245b7d66a025284770676216b80164cffaca
2023-03-31 20:49:35,False,0.09009,4.936e-05,1111.0,0.0548,0xd2...9a9f,https://etherscan.io/tx/0x2248b013d2121061ced25a79c77f55ed62286c97e0f46319275a2c3ce9811ae6
2023-03-31 20:49:11,True,0.09063,4.965e-05,2395.5,0.1189,0x8c...8221,https://etherscan.io/tx/0x491a43170a7da0fd9e6440e7c790b12062a8dab17c92b1a58c4784c66632fa84
2023-03-31 20:48:11,True,0.09056,4.961e-05,2996.62,0.1486,0xe3...5e80,https://etherscan.io/tx/0x7fd17d46c719d8ee1793e63add3f9d3943a69dbb864cf8b7ba1ae6b1fb168fd7
2023-03-31 20:47:11,True,0.0904,4.953e-05,8994.71,0.4455,0x76...7d5e,https://etherscan.io/tx/0x067efb3f14aad1dc82ff264ec98297fc27e7043af46c40ae46eab8d2000c836c
2023-03-31 20:46:11,True,0.09028,4.946e-05,1402.77,0.0693,0x8a...365d,https://etherscan.io/tx/0x5fccb10247dd8be31dd2bedb0df7fa622b02ab830f8f50ca3fa2dec9ea511180
2023-03-31 20:35:23,False,0.08971,4.92e-05,6500.0,0.3198,0xcb...5cb9,https://etherscan.io/tx/0xb3a6d26d2e40836ab29a5f199306afacfb2d9982436aa607374d0ed18ca0a5cc
2023-03-31 20:32:59,False,0.08994,4.932e-05,11234.0,0.5541,0xf9...40f2,https://etherscan.io/tx/0xa1cb4bbd864e4a18852a3e46b8bce8f5cecccbee6b08fa3769734210851a3a5f
2023-03-31 20:29:23,False,0.09007,4.941e-05,1650.0,0.0815,0x30...f1a7,https://etherscan.io/tx/0x0bd827a591fdfd7bfb5d49e75dfcab3f84f9b18e0f91b635f4c11aad1de4a897
2023-03-31 20:27:47,False,0.0901,4.942e-05,602.327,0.0297,0x20...7291,https://etherscan.io/tx/0x10fa4212fbd3aef9706f3d50713a04fd58fc70cd87f40e5e2f1deec7b53ae66a
2023-03-31 20:27:47,False,0.09021,4.948e-05,8200.0,0.4058,0xc1...90b4,https://etherscan.io/tx/0x5df33419741efa0f06d262062b824eb6cb3f869f735b853e6f057ebd72db4ef5
2023-03-31 20:24:11,True,0.09081,4.983e-05,1123.72,0.056,0x42...cf69,https://etherscan.io/tx/0x86ff6930933c81a654491d63bba0b0c2537803cd6b7d4b1c7f7cb88debbcef8f
2023-03-31 20:23:47,True,0.09078,4.982e-05,815.743,0.0406,0xee...c9ed,https://etherscan.io/tx/0x11afa3154668971e78bed4692535e2dbb0fb3f649d0ca18c1e4e6f22443490a2
2023-03-31 20:23:11,False,0.09027,4.952e-05,1600.0,0.0792,0x42...cf69,https://etherscan.io/tx/0xc838551be5db410e8146a1035aed34b025086b9c83c98c8e8762abfd6f39412e
2023-03-31 20:17:47,True,0.09087,4.982e-05,2009.41,0.1001,0xde...46c1,https://etherscan.io/tx/0x6d9fd06259a00a5dd165f3ed4f93f341ac97f6f974331dcc732e04d7e06b20d8
2023-03-31 20:15:11,True,0.09075,4.975e-05,7717.62,0.384,0x93...0863,https://etherscan.io/tx/0x6703574d9ae5daf4dd6b0fde3d3544c1586777c963f97cc0dc8901f613747062
2023-03-31 20:09:59,True,0.09063,4.966e-05,5388.61,0.2676,0xce...0068,https://etherscan.io/tx/0x91c5a4c3f13bc2c809a444be2df392e6cc408ea82c7780e9665c71a4f023d1ed
2023-03-31 20:08:11,False,0.09002,4.933e-05,600.0,0.0296,0xda...29dc,https://etherscan.io/tx/0xe0212a4bb5ddbb5d663a8abea1d47eff1fdcde8955f39cecc4a1e90440b5f823
2023-03-31 20:07:23,False,0.09006,4.935e-05,2089.61,0.1031,0xd8...5022,https://etherscan.io/tx/0xc5f695c5c017745b43f1f4fb0623b1caf4b25621482fcca7d02090fe714de52c
2023-03-31 20:06:47,False,0.09012,4.938e-05,3000.0,0.1481,0xcc...a966,https://etherscan.io/tx/0x0553160c28cddd80e92b9a5cabdd98410768756fa0705bba5c9ae49c31d317af
2023-03-31 20:06:23,False,0.09017,4.941e-05,1300.0,0.0642,0xee...8509,https://etherscan.io/tx/0xd4c7c19405e93745529b014f2b8e8abcbba76b4944deb0df1bc37e06ce01a761
2023-03-31 20:03:35,True,0.09064,4.968e-05,5586.06,0.2775,0xd4...3fb5,https://etherscan.io/tx/0x35203849d9f534842a8b74cb1fdd021f0237fd72d92465ac52f000070192072b
2023-03-31 20:01:47,True,0.09057,4.964e-05,6.74109,3.346e-05,0x2b...649a,https://etherscan.io/tx/0xf48cdebb58b5fd081439224f8a7da278113934ae24f3a0b6e9a9f47c8dd1a8af
2023-03-31 19:51:59,True,0.09051,4.961e-05,5464.55,0.2711,0xf5...2ba1,https://etherscan.io/tx/0x2dd1fb9c65693178a4a137604f57b286a1972684fecd4245ffdc1acdc7da0de5
2023-03-31 19:50:11,False,0.08997,4.931e-05,6000.0,0.2959,0xb2...fcbf,https://etherscan.io/tx/0xa10f515883e080bf5f84ed85ac5b7c3dc96d35938cf9b3ce9e136dde7599d8be
2023-03-31 19:46:59,False,0.09014,4.938e-05,4453.84,0.2199,0xb1...1a3a,https://etherscan.io/tx/0xdc8815e9e47cf8365ab6104213d65a82f92e2ff99da1ebc775aebdb40885d1a7
2023-03-31 19:41:11,True,0.09082,4.969e-05,3413.1,0.1696,0xc4...a43d,https://etherscan.io/tx/0xa7f781eda00e69081d8fe82c2a4b7b89438995711d8d4cfc436a255bf0a0b7cf
2023-03-31 19:38:47,True,0.09079,4.966e-05,309.349,0.0153,0xf3...c2aa,https://etherscan.io/tx/0xd1b67edff8e567545c5543aa46acce1c41982648decde9191eb58446ab820e3f
2023-03-31 19:33:59,True,0.09074,4.962e-05,5992.65,0.2973,0x8b...ae90,https://etherscan.io/tx/0x2387c43d3b8dd69b7c8c5037cd637eb6de894b6865385905d635dcdee42af7f7
2023-03-31 19:29:23,False,0.09025,4.936e-05,11000.0,0.5429,0xf3...9aa6,https://etherscan.io/tx/0xe4ab4a4901141ee8935553642860f634a08a29a6500b258017209efe78c9abbc
2023-03-31 19:25:23,True,0.09085,4.969e-05,5984.37,0.2973,0x7d...61f8,https://etherscan.io/tx/0x6e2aa02ad92c07256403e72079dbbd04b2fa7d6a657ec03bc44c586ed0728d1c
2023-03-31 19:25:23,True,0.09076,4.964e-05,938.452,0.0465,0xfa...601e,https://etherscan.io/tx/0x9d127dd5b3da0d900f5c44983a3d809cd75e7107ebaa3eec45b62ea32d7757a0
2023-03-31 19:24:23,False,0.09023,4.934e-05,500.0,0.0246,0x1b...ea67,https://etherscan.io/tx/0x355b81390ade8ca396d64c7ee73817bda208af1ee83a2297a34d586a41a7dee6
2023-03-31 19:23:59,True,0.09065,4.957e-05,9883.71,0.49,0x9e...7ae7,https://etherscan.io/tx/0xb8bbd1d5893580e1aa270aa7f6d98fc79d08c15b00461ef80e0ddf5cf8f7b4dd
2023-03-31 19:23:47,False,0.09014,4.93e-05,13000.0,0.6409,0x13...2374,https://etherscan.io/tx/0x54f93b02a3b17f4dc5dc7afa85434d993f7f6c657ff91d6f08117bb72c115432
2023-03-31 19:22:23,True,0.09074,4.963e-05,7928.82,0.3935,0x23...8e7b,https://etherscan.io/tx/0x73c2e77cc09869cea9df76e361448afdddedce04c9a0e778363d761317dc039c
2023-03-31 19:20:11,False,0.09014,4.93e-05,4000.0,0.1972,0x74...297e,https://etherscan.io/tx/0xaf745821899c46d1d2e272151291adb98c827d353dad011c471613c6cd1c52ad
2023-03-31 19:17:35,False,0.09023,4.934e-05,1342.71,0.0662,0x05...d4bb,https://etherscan.io/tx/0xdb61c9bf0efe8ce7f8f8dca74ca6dbb48265d6279eac523fc059e6bc0efa6286
2023-03-31 19:16:23,False,0.0906,4.951e-05,23603.1,1.16873,0xc4...9178,https://etherscan.io/tx/0x55ea3f424aba46a76fcc3de3b40d3dd4031d6f8a4bfcc65d6c10952a8fec096c
2023-03-31 19:14:11,True,0.09146,4.997e-05,659.363,0.0329,0xa4...c490,https://etherscan.io/tx/0x2d3972b17756e7701920308427c4896708c856c34e71446f9d5d5200ac9bc1c2
2023-03-31 19:11:23,True,0.09143,4.995e-05,2043.86,0.1021,0x5a...b3cc,https://etherscan.io/tx/0x7747ddc82fb064121a0a7775a88c41d2a7cccf5105974e3bf9472fe9a58572d1
2023-03-31 19:02:35,False,0.09085,4.966e-05,3333.0,0.1655,0xd6...aa29,https://etherscan.io/tx/0x002ba2295df9a040a4b25b3c4d3ba445cb9ac52411b1480a63734e7c9d3df4b2
2023-03-31 19:02:35,True,0.09144,4.998e-05,120.036,0.006,0xe2...a0a0,https://etherscan.io/tx/0x18c11caefe915e1f3a53e96b898ac80aef50b45c5e2d39f1d1339281df8a1ff5
2023-03-31 19:00:59,True,0.0914,4.996e-05,2380.54,0.1189,0x9f...1b6e,https://etherscan.io/tx/0x82af445858fe287b15c27e881695ae07295a917316119bce7cf73db72a9e1221
2023-03-31 18:59:23,False,0.09107,4.979e-05,20000.0,0.9958,0xd0...345e,https://etherscan.io/tx/0x92a1adcf67714f7ded72550868531dd913702061c58e639ceda2ba46e92b2591
2023-03-31 18:55:59,True,0.09181,5.021e-05,2026.68,0.1017,0x6f...ae0e,https://etherscan.io/tx/0xdfcbbd1851ba27df080402d4096e54a9e5681eeeac14a20b10bb40348bb75708
2023-03-31 18:55:11,True,0.09178,5.019e-05,789.906,0.0396,0xd4...6563,https://etherscan.io/tx/0x7f7d4a1e18c8eeda70564c2f34b7e60a990983d73999dac7b995b8b17f551ea7
2023-03-31 18:50:35,False,0.09134,4.994e-05,8072.87,0.4032,0xc0...60aa,https://etherscan.io/tx/0x6790b32d5d122a094adadebc2f8ce65c72b6b1d8e175944d0f72ec1d23010985
2023-03-31 18:48:35,True,0.09191,5.028e-05,2168.26,0.109,0xd6...2efc,https://etherscan.io/tx/0xe1811b4191b24e44d09c8c150c4b23aea46795bfadb95463ae027a4095eed502
2023-03-31 18:41:59,False,0.09142,5.005e-05,11600.0,0.5806,0x0b...8fec,https://etherscan.io/tx/0x1558399776846363c63c6744d7284f13d299ca2d92381a980ed68b52da0a08f3
2023-03-31 18:38:23,True,0.09189,5.043e-05,565.44,0.0285,0xd6...2efc,https://etherscan.io/tx/0xb8280d3d85ec9a5fe78b0609d770674a44c4ad4b091987a69a902e08a99b62c2
2023-03-31 18:37:47,True,0.09191,5.042e-05,991.7,0.05,0x29...9a97,https://etherscan.io/tx/0x1abf6053e1066ab92ee5fb64befa506e5d6e31a584996305a21d556378f11726
2023-03-31 18:37:11,True,0.09191,5.04e-05,1081.59,0.0545,0xd6...2efc,https://etherscan.io/tx/0x9fbfed4aa7f0f51ad7408bcb0aeffd4818f52a9e8100da8cc03bdb1ec7d565d3
2023-03-31 18:33:35,False,0.09136,5.01e-05,1075.39,0.0538,0x4e...e0d7,https://etherscan.io/tx/0x40f43f21d0d8555ee68f0133b6dea73264a6435855bd1ac4d042ba6c6ee3a315
2023-03-31 18:23:23,True,0.09216,5.04e-05,1051.54,0.053,0xc6...fed0,https://etherscan.io/tx/0xc94db871b082e106edd29d565375b3d42ac71657eab5ce8f96ec2f2b71d3ea25
2023-03-31 18:20:35,True,0.09212,5.036e-05,4275.87,0.2153,0xe5...345d,https://etherscan.io/tx/0xd5b882290fdf2ee3eb04ab1a126ae78670bde9222f3c2aa10570fa42c947618a
2023-03-31 18:14:35,True,0.09215,5.033e-05,531.715,0.0267,0x93...342f,https://etherscan.io/tx/0x60f28c80206e4211ed8d9ce48f74dbdab72b88432d6c98122801143d45046991
2023-03-31 18:14:35,True,0.09202,5.026e-05,9489.84,0.477,0xc6...fed0,https://etherscan.io/tx/0x303759c294eb9b09e164cfa42d3230729aa1a6670aaebab0ff39a8606a684b59
2023-03-31 18:14:23,False,0.09137,4.991e-05,2000.0,0.0998,0xa7...c7d1,https://etherscan.io/tx/0x7ea2e5917ddb823bc1ec968936e06044147293212bd6d4d2f9bf5a4ca788147d
2023-03-31 18:11:59,False,0.09149,4.996e-05,6000.0,0.2998,0x1b...ea67,https://etherscan.io/tx/0x3fbf62709b0bf5e834d2735a188ffb1d6d6e7a0096430dc4b589f5c0fa25f49d
2023-03-31 18:06:59,False,0.0917,5.003e-05,4279.85,0.2141,0xff...f95e,https://etherscan.io/tx/0xc0ab006396466fa522349255786270392ff9571807dae17b6aa273117b4d855c
2023-03-31 18:02:23,True,0.09214,5.036e-05,107.422,0.0054,0xad...7096,https://etherscan.io/tx/0x159f7c3b5841696ff1fad06e816dbc4a15ee4e1e325fba7bbaa7b4c68ebd984b
2023-03-31 17:59:35,False,0.09164,5.009e-05,3599.0,0.1802,0xe2...388a,https://etherscan.io/tx/0x6c9959f3d129b73c17fdbddcbb96d650d3a6ec3f87704c67cf74fe95ca69abc2
2023-03-31 17:59:11,False,0.09173,5.014e-05,3380.0,0.1694,0xa0...f674,https://etherscan.io/tx/0x01a503b6ef493047071c8dc9c192ce6f4a9a0de5cd35a6c8c2dbd833bc18025e
2023-03-31 17:58:47,True,0.09226,5.043e-05,5110.51,0.2577,0x4d...f1c7,https://etherscan.io/tx/0x4f9233a57f29aac7a1850d87c8bf639badf1e7ff9e9bf0b4cb6b8db552ff65af
