datetime,buy_order,price_USD,price_native,amount_token,total_native,maker,etherscan_url
2023-03-31 19:02:35,False,0.09085,4.966e-05,3333.0,0.1655,0xd6...aa29,https://etherscan.io/tx/0x002ba2295df9a040a4b25b3c4d3ba445cb9ac52411b1480a63734e7c9d3df4b2
2023-03-31 19:02:35,True,0.09144,4.998e-05,120.036,0.006,0xe2...a0a0,https://etherscan.io/tx/0x18c11caefe915e1f3a53e96b898ac80aef50b45c5e2d39f1d1339281df8a1ff5
2023-03-31 19:00:59,True,0.0914,4.996e-05,2380.54,0.1189,0x9f...1b6e,https://etherscan.io/tx/0x82af445858fe287b15c27e881695ae07295a917316119bce7cf73db72a9e1221
2023-03-31 18:59:23,False,0.09107,4.979e-05,20000.0,0.9958,0xd0...345e,https://etherscan.io/tx/0x92a1adcf67714f7ded72550868531dd913702061c58e639ceda2ba46e92b2591
2023-03-31 18:55:59,True,0.09181,5.021e-05,2026.68,0.1017,0x6f...ae0e,https://etherscan.io/tx/0xdfcbbd1851ba27df080402d4096e54a9e5681eeeac14a20b10bb40348bb75708
2023-03-31 18:55:11,True,0.09178,5.019e-05,789.906,0.0396,0xd4...6563,https://etherscan.io/tx/0x7f7d4a1e18c8eeda70564c2f34b7e60a990983d73999dac7b995b8b17f551ea7
2023-03-31 18:50:35,False,0.09134,4.994e-05,8072.87,0.4032,0xc0...60aa,https://etherscan.io/tx/0x6790b32d5d122a094adadebc2f8ce65c72b6b1d8e175944d0f72ec1d23010985
2023-03-31 18:48:35,True,0.09191,5.028e-05,2168.26,0.109,0xd6...2efc,https://etherscan.io/tx/0xe1811b4191b24e44d09c8c150c4b23aea46795bfadb95463ae027a4095eed502
2023-03-31 18:41:59,False,0.09142,5.005e-05,11600.0,0.5806,0x0b...8fec,https://etherscan.io/tx/0x1558399776846363c63c6744d7284f13d299ca2d92381a980ed68b52da0a08f3
2023-03-31 18:38:23,True,0.09189,5.043e-05,565.44,0.0285,0xd6...2efc,https://etherscan.io/tx/0xb8280d3d85ec9a5fe78b0609d770674a44c4ad4b091987a69a902e08a99b62c2
2023-03-31 18:37:47,True,0.09191,5.042e-05,991.7,0.05,0x29...9a97,https://etherscan.io/tx/0x1abf6053e1066ab92ee5fb64befa506e5d6e31a584996305a21d556378f11726
2023-03-31 18:37:11,True,0.09191,5.04e-05,1081.59,0.0545,0xd6...2efc,https://etherscan.io/tx/0x9fbfed4aa7f0f51ad7408bcb0aeffd4818f52a9e8100da8cc03bdb1ec7d565d3
2023-03-31 18:33:35,False,0.09136,5.01e-05,1075.39,0.0538,0x4e...e0d7,https://etherscan.io/tx/0x40f43f21d0d8555ee68f0133b6dea73264a6435855bd1ac4d042ba6c6ee3a315
2023-03-31 18:23:23,True,0.09216,5.04e-05,1051.54,0.053,0xc6...fed0,https://etherscan.io/tx/0xc94db871b082e106edd29d565375b3d42ac71657eab5ce8f96ec2f2b71d3ea25
2023-03-31 18:20:35,True,0.09212,5.036e-05,4275.87,0.2153,0xe5...345d,https://etherscan.io/tx/0xd5b882290fdf2ee3eb04ab1a126ae78670bde9222f3c2aa10570fa42c947618a
2023-03-31 18:14:35,True,0.09215,5.033e-05,531.715,0.0267,0x93...342f,https://etherscan.io/tx/0x60f28c80206e4211ed8d9ce48f74dbdab72b88432d6c98122801143d45046991
2023-03-31 18:14:35,True,0.09202,5.026e-05,9489.84,0.477,0xc6...fed0,https://etherscan.io/tx/0x303759c294eb9b09e164cfa42d3230729aa1a6670aaebab0ff39a8606a684b59
2023-03-31 18:14:23,False,0.09137,4.991e-05,2000.0,0.0998,0xa7...c7d1,https://etherscan.io/tx/0x7ea2e5917ddb823bc1ec968936e06044147293212bd6d4d2f9bf5a4ca788147d
2023-03-31 18:11:59,False,0.09149,4.996e-05,6000.0,0.2998,0x1b...ea67,https://etherscan.io/tx/0x3fbf62709b0bf5e834d2735a188ffb1d6d6e7a0096430dc4b589f5c0fa25f49d
2023-03-31 18:06:59,False,0.0917,5.003e-05,4279.85,0.2141,0xff...f95e,https://etherscan.io/tx/0xc0ab006396466fa522349255786270392ff9571807dae17b6aa273117b4d855c
2023-03-31 18:02:23,True,0.09214,5.036e-05,107.422,0.0054,0xad...7096,https://etherscan.io/tx/0x159f7c3b5841696ff1fad06e816dbc4a15ee4e1e325fba7bbaa7b4c68ebd984b
2023-03-31 17:59:35,False,0.09164,5.009e-05,3599.0,0.1802,0xe2...388a,https://etherscan.io/tx/0x6c9959f3d129b73c17fdbddcbb96d650d3a6ec3f87704c67cf74fe95ca69abc2
2023-03-31 17:59:11,False,0.09173,5.014e-05,3380.0,0.1694,0xa0...f674,https://etherscan.io/tx/0x01a503b6ef493047071c8dc9c192ce6f4a9a0de5cd35a6c8c2dbd833bc18025e
2023-03-31 17:58:47,True,0.09226,5.043e-05,5110.51,0.2577,0x4d...f1c7,https://etherscan.io/tx/0x4f9233a57f29aac7a1850d87c8bf639badf1e7ff9e9bf0b4cb6b8db552ff65af
2023-03-31 17:56:47,True,0.09207,5.033e-05,7899.04,0.3976,0xc6...fed0,https://etherscan.io/tx/0x09ec79bb69f1ee09accd5fa3f128ca3bf3cf1e265afc591604e6917c7f50a30e
2023-03-31 17:56:23,False,0.09144,4.999e-05,1095.0,0.0547,0xc4...0c2b,https://etherscan.io/tx/0xee73e3b4c48ba85fba71a5863d4a181aee12becb2dc4888ac9877f47e044f352
2023-03-31 17:53:47,True,0.09195,5.027e-05,3746.36,0.1883,0x4e...3079,https://etherscan.io/tx/0x721832b1348a25dbb7a5603fc500541ffa0ebd45e80d282232b056d9db7ef792
2023-03-31 17:52:59,False,0.09144,4.999e-05,7383.93,0.3691,0x17...4c19,https://etherscan.io/tx/0x2b34796732e8847b96c5ccab37eb521f68be1dc6aee3e14314a70d4677047634
2023-03-31 17:52:11,False,0.0916,5.009e-05,6000.0,0.3005,0xa3...77fe,https://etherscan.io/tx/0x3f99c7f92cf97ed5c11f173fb431bd27b60d15f09225c2cef5f1c40591b385b8
2023-03-31 17:41:47,True,0.09221,5.043e-05,60.7424,0.003,0x2f...1061,https://etherscan.io/tx/0x671b0b9a66875f0de8e6e8ce86882bee7e533ad753ff9e8d7043dd5ed3050a54
2023-03-31 17:40:23,False,0.09183,5.02e-05,10000.0,0.502,0x34...0e95,https://etherscan.io/tx/0xb7e08db136a26846c2cc3c9933193cc0b5ddb466d009e3fe3ef64d1b9520610a
2023-03-31 17:39:35,True,0.09254,5.056e-05,791.009,0.04,0x2f...1061,https://etherscan.io/tx/0xe5c185f8f7ab7a25b09d4d4780f1f133056de9eab802c16e0517b89af4c4aee3
2023-03-31 17:38:23,True,0.09249,5.054e-05,3109.41,0.1571,0xc1...0826,https://etherscan.io/tx/0x0e6c61ed6eaf0a2e8beca757b0344c2e3b68c0de2595faf2c40081ac1b1de642
2023-03-31 17:26:47,False,0.09193,5.024e-05,3771.64,0.1895,0x76...7d5e,https://etherscan.io/tx/0x514b9980791130566888f13c8f2feed68f9c210cf0399e7e7ace0f82361a10d3
2023-03-31 17:23:47,False,0.09209,5.031e-05,6471.02,0.3255,0x76...7d5e,https://etherscan.io/tx/0xdc7c9795363e000948b9505c08bb9c72d80ccfc8821bc920bfd64ded9945d80d
2023-03-31 17:23:11,True,0.0927,5.064e-05,2237.85,0.1133,0x65...40fc,https://etherscan.io/tx/0x693373f87d914fee3477f8550f9d1f3a8eba6905fd05f8842b7ef43d638388c2
2023-03-31 17:21:23,True,0.09263,5.061e-05,1958.3,0.0991,0x92...35f1,https://etherscan.io/tx/0x73c71795345406f57499989e50df534e29167b59fea87f304bfe1aaaecaf338a
2023-03-31 17:18:59,False,0.09217,5.035e-05,8000.0,0.4028,0xcf...116f,https://etherscan.io/tx/0xfb2b986440df415fc8db9b2e157975e9329222c3cbc43988b38b33443bb239d4
2023-03-31 17:17:47,True,0.09265,5.065e-05,9105.18,0.4612,0xee...73d4,https://etherscan.io/tx/0xaaf0bf58db92eb8786e4a17416412149f44dbf0d26dce0305ef43f949c7c94a8
2023-03-31 17:11:59,True,0.09297,5.055e-05,4636.67,0.2344,0x2f...f3dd,https://etherscan.io/tx/0xd8fd0d28734a0c91cf8fcb6561e07c29679db7ad1a398290dc5ce4f155a31276
2023-03-31 17:11:35,True,0.09291,5.052e-05,234.105,0.0118,0x05...e219,https://etherscan.io/tx/0xadff286062e456bb4891fe06023810743268219f55f89537b235bf174c0b20ef
2023-03-31 17:10:47,True,0.09289,5.05e-05,1344.32,0.0679,0xe9...39de,https://etherscan.io/tx/0x78a0452e30d964e58756eacf3a6d4568018a406fb94ebfd742d3616265746aee
2023-03-31 17:08:59,True,0.0928,5.041e-05,11599.8,0.5848,0x93...e302,https://etherscan.io/tx/0xce98a363397ac3caa81900fbe76ae6624e25045bf5557d97b33ef51c7c742055
2023-03-31 17:07:23,False,0.09223,5.01e-05,10404.5,0.5213,0x13...019d,https://etherscan.io/tx/0x97c21e141b35e0ea3ed97760c31a2e086afd9ef9bca8728058c6bc577f6427e4
2023-03-31 17:05:35,True,0.0928,5.044e-05,5698.85,0.2874,0x97...8faf,https://etherscan.io/tx/0x097131cb80c706c97901a0b9aaa5ea5fb48c5c872bf97881784a1e40690b4da5
2023-03-31 17:01:59,True,0.09259,5.037e-05,3738.66,0.1883,0xa3...0d32,https://etherscan.io/tx/0xa807db0bdeb562be1a4b5375173d66e37a5d5626026d18c5f0e87dd81a7b7894
2023-03-31 16:58:35,False,0.09206,5.008e-05,5500.0,0.2754,0xfb...3f24,https://etherscan.io/tx/0x284352be1e60455ec51f18edd212ab5301d0ec081a2b905e3bb01d793a42d6e9
2023-03-31 16:57:47,True,0.09268,5.042e-05,251.622,0.0126,0x39...eb16,https://etherscan.io/tx/0xe7960a52ecdc9238a15b89caa7e9b134dde300ceea2846a69b6a79a7102a97b4
2023-03-31 16:55:11,False,0.09214,5.012e-05,1005.15,0.0503,0x3a...c183,https://etherscan.io/tx/0x8806f491ba97bc8acec0e88a22b802f52a0ad0e6dac3c042e9b9753203b6c900
2023-03-31 16:54:35,False,0.09224,5.014e-05,662.718,0.0332,0x89...6073,https://etherscan.io/tx/0x0fefdd0d11ce8ba28508c3a75f256f598cb7df90b82cf051c9ca3302831389ae
2023-03-31 16:54:11,False,0.09227,5.015e-05,988.354,0.0495,0x5a...aef7,https://etherscan.io/tx/0xcdf5de213385a32e69a5a2823b3c6b323f4b101a2b5c699743aba292693e4d1c
2023-03-31 16:50:47,True,0.09289,5.044e-05,2554.64,0.1288,0xb4...51a4,https://etherscan.io/tx/0x164d2130f917db83c7937e96c5fe1778df206d0581abc7c3ca5b75526afc2d6f
2023-03-31 16:50:47,True,0.09279,5.038e-05,5311.65,0.2676,0x5a...3bff,https://etherscan.io/tx/0x352bb8045feb85980795df7f9a42eec7cb4c78a62ed5f998d8e9ba111b5b5cd7
2023-03-31 16:49:59,True,0.09219,5.012e-05,32435.6,1.62573,0xf6...68eb,https://etherscan.io/tx/0xbce434f47a8962ddfcb8a3af59ff1f60157ff7fb962a4250251aa2d787495f7a
2023-03-31 16:46:59,True,0.09174,4.977e-05,16874.7,0.84,0x68...e7f4,https://etherscan.io/tx/0xb862387a21f54ca568d69b3f242e61ae32fc6ebeb4c3e221013a76b992488bf5
2023-03-31 16:44:59,True,0.09132,4.959e-05,10056.0,0.4987,0xdf...54da,https://etherscan.io/tx/0xd1c4dad25f096e5b8200dd67723349037b36cc8a41db90966730bb3332bd03f3
2023-03-31 16:41:59,True,0.09126,4.949e-05,4464.94,0.2209,0x17...adaa,https://etherscan.io/tx/0x1a3d48d00a4effc5dccddc7a2f38e70a42b500611475b4b1505ec1dcfa724ef6
2023-03-31 16:37:23,True,0.09113,4.943e-05,4248.15,0.21,0xfc...bb3c,https://etherscan.io/tx/0xa161f94c4484724268f5fb3012249c0c4da7c5eba1e6c12f564b3d5970b4ecce
2023-03-31 16:36:35,False,0.09153,4.961e-05,73354.2,3.63923,0x6b...2fb4,https://etherscan.io/tx/0xe5ca98e97f6db96fffa1b01b474d21992fee64ff940af21412b49f3a9cef6bf0
2023-03-31 16:35:35,True,0.09265,5.04e-05,1750.13,0.0882,0x2d...ee99,https://etherscan.io/tx/0x1a0a1459eeade2ed720c08805c31aa7eed90dd95d22df40db393a4aaacc63825
2023-03-31 16:35:23,True,0.09231,5.022e-05,23891.1,1.2,0xfc...bb3c,https://etherscan.io/tx/0x291f965dcf31806e6777fe7600572b50a6b27bbf567eb74f8e757c1d5533db0b
2023-03-31 16:28:11,True,0.0919,5.004e-05,2955.27,0.1478,0xff...d901,https://etherscan.io/tx/0x29eebca945ea7b011289aeb10ed7a818b4893e35bf0e0b5f1e27fb5bf936c0b1
2023-03-31 16:28:11,False,0.09136,4.974e-05,3640.3,0.181,0xc6...fed0,https://etherscan.io/tx/0x32c0a179c6a119e5c92ca5597e0d3612eaca9856d4729e008c0d3d5c39a7ede9
2023-03-31 16:27:59,True,0.09195,5.006e-05,791.974,0.0396,0x1e...ac2f,https://etherscan.io/tx/0xa58a8675085e20f24f9478288f85e7b5e21b99c05ad1b95fce917cbcfa505ae3
2023-03-31 16:24:59,True,0.09209,5.005e-05,825.038,0.0413,0xe6...8b6b,https://etherscan.io/tx/0xf918bb9a329b8634f534b84e6be929a3d64a08f358994762ad3e6b3e5b720292
2023-03-31 16:23:11,True,0.09178,5.003e-05,2555.9,0.1278,0x7f...f925,https://etherscan.io/tx/0x12f1c8a8d0f6966baabeb1a2b0d1a258f1a8f6768aaf124e73495645e508aeb1
2023-03-31 16:21:35,True,0.09156,5.001e-05,107.031,0.0053,0xc2...b1c5,https://etherscan.io/tx/0xd912303f75db10fd0dedde96ef1e4cfebd99f1ede6f47bac69aa96340d7a6509
2023-03-31 16:18:11,True,0.09155,5e-05,278.147,0.0139,0x9b...c828,https://etherscan.io/tx/0x48879de3c04860be4a0a5f9243484181666ab856f2fb59b85aa89547c6a982ac
2023-03-31 16:11:47,True,0.09151,4.999e-05,1294.34,0.0647,0xe1...3728,https://etherscan.io/tx/0x8f73413f9d103bc45301c0a578366e183ae8ae9cb6b5e24433d750b6e1db8f55
2023-03-31 16:09:11,True,0.09144,4.996e-05,3174.13,0.1586,0x3d...a397,https://etherscan.io/tx/0xf8ca58c224792f67ceb7dc01832943a61699d0c6a376fcda161d5efa474f2bd4
2023-03-31 16:07:59,True,0.09129,4.993e-05,2021.51,0.1009,0xc6...c5d3,https://etherscan.io/tx/0x41e44343f93a5848504e2d790be4999c5dec24c6c2eaf825cef1ff9a92d00681
2023-03-31 15:58:59,True,0.09109,4.989e-05,3273.62,0.1633,0x87...fd36,https://etherscan.io/tx/0x1599a739894ce57ca9d6f91dfc065fc5fea9d808e853099b4a86d9d18aa27610
2023-03-31 15:57:23,True,0.09115,4.985e-05,2206.37,0.11,0x81...441c,https://etherscan.io/tx/0xa91842154e3fc2d1bd3e740b7cf7fdd4dc8724e83425c4071af45d34f829a8ed
2023-03-31 15:53:59,True,0.09118,4.983e-05,596.706,0.0297,0x63...2c2f,https://etherscan.io/tx/0xe349ae9e421b6eeddde67b85f4211d357c7234a6c8c7aa9b411d63f6569cee4c
2023-03-31 15:53:35,True,0.09114,4.982e-05,1245.04,0.062,0x67...30c2,https://etherscan.io/tx/0x76dd633bef8d2a46a1b4b72f927228f1d164df7eefda169abaf8792f13c541d1
2023-03-31 15:53:35,True,0.09111,4.98e-05,797.434,0.0397,0x4b...bfd1,https://etherscan.io/tx/0x19f9c3b3055944ed2a0cade80a85c1a7d64ee3f1d99b48c33e891ea511ef1f8d
2023-03-31 15:52:35,True,0.09109,4.977e-05,3982.84,0.1982,0x63...2c2f,https://etherscan.io/tx/0xcfebadc9140f077a488b775d841b723f7f1856c51473c72a428b7368447e6339
2023-03-31 15:51:47,True,0.09096,4.974e-05,797.097,0.0396,0xf3...225d,https://etherscan.io/tx/0x165d6475cb1a2c52a9c5afa3acdf947763f7c54b46d28c851ee1d1f03dd766b9
2023-03-31 15:47:23,False,0.09052,4.947e-05,5000.0,0.2473,0x4e...7fe0,https://etherscan.io/tx/0xb42e899d017a98df327221fdc2b6e6bae42473278878c2e324f375a4401c3231
2023-03-31 15:41:35,True,0.09086,4.959e-05,30243.4,1.5,0xb7...1c84,https://etherscan.io/tx/0x9b6064ea6173c92407143839a77e0c90b8ca6945ebc2cca2baccebc0a990aae3
2023-03-31 15:41:35,True,0.09042,4.935e-05,5422.93,0.2676,0x12...0e21,https://etherscan.io/tx/0xebaa8cfc3f586e1250432ef6fd411874b652915cce3ce6ffb3282cae545119c2
2023-03-31 15:28:35,True,0.08966,4.928e-05,4841.54,0.2386,0xe5...27fb,https://etherscan.io/tx/0x949fcb015cc8fa2e4882ff5d666988a1312ef87b6e84c134352f6cc945d2a10b
2023-03-31 15:23:59,False,0.08887,4.896e-05,1000.0,0.0489,0x14...6e2f,https://etherscan.io/tx/0x775dd52d3edee21c894cb94351b19a254ccbf15a6b3f3d2679eb8f0fb97a9766
2023-03-31 15:21:35,False,0.08904,4.91e-05,20314.5,0.9975,0xba...27c4,https://etherscan.io/tx/0xe180d5c9d8607bbb25a18768bbde7f11c2fab3282fcacbea0545087cd8c05ef8
2023-03-31 15:20:35,True,0.08983,4.953e-05,380.187,0.0188,0x49...626d,https://etherscan.io/tx/0x05368f7e75a1ed1ef0b1c8f89bf0c557e11348c04bdf177b3759a69beb74e85c
2023-03-31 15:17:59,True,0.08979,4.952e-05,1105.93,0.0547,0x3f...3648,https://etherscan.io/tx/0xb47c8eefacf3326a17209bc09ba913f62c5e8a5a4204551e2bd2ddd5ea4b39ad
2023-03-31 15:17:23,False,0.08907,4.922e-05,380.0,0.0187,0xa9...d481,https://etherscan.io/tx/0xd02ede92de453f8eba9eccce499de9894ef5c1f57018d1ea664af5b3b593dc65
2023-03-31 15:16:23,True,0.08942,4.945e-05,10021.4,0.4956,0xc5...b4ef,https://etherscan.io/tx/0x5bf1b9aa39525b84eaae85e9e905613ddcd375c38b18e876cd799532582f4bf7
2023-03-31 15:14:23,True,0.08929,4.938e-05,461.654,0.0228,0x60...c165,https://etherscan.io/tx/0xdf345fcea1dba8d4d85429c6d4d6a2a557b119b9bc3024aa216089eda3c183d1
2023-03-31 15:12:59,False,0.08878,4.91e-05,3209.4,0.1576,0xc6...fed0,https://etherscan.io/tx/0x559657d906dfbef49d4008ac998dc940377f276d52c2175a2adf18b58ed733fe
2023-03-31 15:11:47,True,0.08935,4.942e-05,120.334,0.0059,0x5e...3691,https://etherscan.io/tx/0x1291efbb4e797a851b1088cd4e2fb6aee68c86d20947368158b204e731477fa9
2023-03-31 15:07:23,False,0.08872,4.913e-05,1635.04,0.0803,0x30...b97c,https://etherscan.io/tx/0x25786f314a480b616878a286a9aa12de1f29d0cebb53e42a74f194223722b444
2023-03-31 15:04:35,True,0.08916,4.936e-05,12357.8,0.61,0x75...ad8d,https://etherscan.io/tx/0x57241e95b7e7d8c7b171f1671a846ec555f93c08a81cdc2d79db39454072acb1
2023-03-31 15:01:35,True,0.08898,4.927e-05,1005.93,0.0495,0x14...007b,https://etherscan.io/tx/0x95d80cc70e548c4b1cfe1753c019e5c14c9e56df92286bf01ba6af4db19dbfef
2023-03-31 15:01:35,True,0.08895,4.925e-05,1922.82,0.0947,0x6b...21da,https://etherscan.io/tx/0xf9312b7ae75e52d95b5fe0ba0a4ddbc2c6c2bcc7139fedbb5089636abc67b65b
2023-03-31 15:01:23,False,0.0884,4.894e-05,800.0,0.0391,0x0a...6a15,https://etherscan.io/tx/0xbe0e9316dc738d5f7faa14f71b9e7f4697fd43bbf4169d1b7998e7e279aca18c
2023-03-31 15:00:11,False,0.08844,4.897e-05,3004.48,0.1471,0x98...d7f6,https://etherscan.io/tx/0xbc36babe696709535c6a797459f0b2504bc1d6d4a904e05e5f87e287de1165ee
2023-03-31 14:55:59,True,0.08898,4.928e-05,522.905,0.0257,0xe5...3414,https://etherscan.io/tx/0x9ef07ae8fa23ec6009069069597f4f1b4482c625f9483098486bbc01f93b96aa
2023-03-31 14:50:59,True,0.08894,4.926e-05,2255.47,0.1111,0x6c...b171,https://etherscan.io/tx/0xc08aac80f7b0a7cb02c11b75884b608732ce5ec8625b561bf910434dcb14da23
2023-03-31 14:50:47,True,0.08885,4.921e-05,5079.59,0.25,0xfe...04f5,https://etherscan.io/tx/0x152e720b21da7ee2541eac36b9f523f7a571a189f60bf768f19dfbed6f66185f
2023-03-31 14:46:23,True,0.08894,4.918e-05,40.3096,0.0019,0x48...35f3,https://etherscan.io/tx/0x59ea25d6decea0a252b610ea778def975e448419a050604166ca64c38b0c6429
2023-03-31 14:34:11,False,0.08877,4.919e-05,45238.5,2.22547,0x71...3f10,https://etherscan.io/tx/0x984070a16b3d0b840622c446a073f9bfcd0bafa84f6825e0f2bbbff6f71c2b98
2023-03-31 14:33:11,True,0.08985,4.979e-05,882.714,0.0439,0x2d...bfc4,https://etherscan.io/tx/0x7ff4163747e8ea0638fb925a1dd35c110be036cf3095330b527ae8bbcee6cb69
2023-03-31 14:30:47,True,0.08932,4.978e-05,600.131,0.0298,0xc6...fed0,https://etherscan.io/tx/0x64e26ad29b2adcedc95a1fa81b5fc1ccc0a8ef100fd3543cc8796cce4dbf5eb0
2023-03-31 14:15:11,False,0.08873,4.948e-05,654.0,0.0323,0xaf...02ef,https://etherscan.io/tx/0xd7d040b75bb059e08370a1b6016ac827f2a3c9838b15f6c93277d17453a0e6cb
2023-03-31 14:13:35,False,0.08876,4.95e-05,3715.74,0.1839,0x55...1919,https://etherscan.io/tx/0x39fa9ab652542f7e9d852433aa4913b5159f1bec466e43df864f2b81cad25d19
2023-03-31 14:10:59,True,0.08937,4.983e-05,795.627,0.0396,0xd4...2267,https://etherscan.io/tx/0x15113986a33d255763a91ba9fc0f4b80da9772f397a81762e0e6862c818b4f3c
2023-03-31 14:02:23,True,0.08922,4.976e-05,10048.3,0.5,0xc9...fbab,https://etherscan.io/tx/0x6536fc2c3eb8eddd3e07a731ee2333a1bc039ed0d4de6a440999703f64017950
2023-03-31 14:02:23,True,0.08885,4.955e-05,20004.1,0.9912,0x1a...3871,https://etherscan.io/tx/0x008e8b56654a10cb9473e4b2f3996cb86c0aeada3f97f228f211cc69e6cb53e0
2023-03-31 14:00:59,True,0.0886,4.941e-05,341.029,0.0168,0xc6...29be,https://etherscan.io/tx/0x61b2cf8ec4e88c8359c087117ed382a8a95614e0534b7f8d52d962ee03e63213
2023-03-31 13:57:47,False,0.08856,4.938e-05,40083.9,1.97968,0x11...151f,https://etherscan.io/tx/0xd24e78571dfc1c9bd64defeb891e06266eb345dfd23bf9a0d6407ca98c1afec8
2023-03-31 13:54:35,True,0.08961,4.996e-05,138.882,0.0069,0x00...6ad0,https://etherscan.io/tx/0x034b4b41829fd884c16065cae4558651ab4a0aff47b615d8257596f0ce724168
2023-03-31 13:54:35,True,0.0896,4.995e-05,994.33,0.0496,0x57...acea,https://etherscan.io/tx/0xb8ab06a589d8be3cca8fc53452cefb6c6e5e289eb2d2a0225f3166e894e1a078
2023-03-31 13:51:11,True,0.0896,4.993e-05,1111.56,0.0555,0x07...ae90,https://etherscan.io/tx/0x198e9d788eebc2691bdd6aa3de5cb9bc75b56beeb74e4bf0f043b8f824ca0d33
2023-03-31 13:44:11,True,0.08951,4.99e-05,4447.03,0.2219,0x42...cf69,https://etherscan.io/tx/0x987a21fd9b7d8d3dbbf5ee745c59c6f2c26ce2bd8ee142e1c85f4692463236d5
2023-03-31 13:42:47,True,0.08942,4.985e-05,2215.86,0.1104,0x47...dd6c,https://etherscan.io/tx/0x2afa07826850d66005a46829c6b18dc7d9b3874b6e6b36419967d3697cf9a5ff
2023-03-31 13:37:35,False,0.08885,4.96e-05,8648.49,0.4289,0xe4...53d4,https://etherscan.io/tx/0x42a38460b4e9d7a02d5d4183a7b964d8892ea289e0be86e91723c357753b1837
2023-03-31 13:37:23,False,0.089,4.968e-05,4182.04,0.2078,0x1d...946d,https://etherscan.io/tx/0x88bd453a73b631e34854e669f1009205b0d165628408989ab4e483f2d139f100
2023-03-31 13:36:23,True,0.08947,4.994e-05,10104.2,0.5046,0xff...d901,https://etherscan.io/tx/0xfed0c975cdc47db6e22dbea13ddaf5a432af77cb96e8941b6738590c9cfaca03
2023-03-31 13:34:23,True,0.08923,4.983e-05,6019.98,0.3,0xa1...7e36,https://etherscan.io/tx/0x4bfcfb04b0efb9a8bc1c105e0f670170045000903c6fd3d4b237667c7ea46327
2023-03-31 13:34:11,True,0.08889,4.964e-05,21168.1,1.05091,0xff...d901,https://etherscan.io/tx/0x099bffba9424bd0feda7694d2a82e732a13fcaa32de1648edf7af9a49f846709
2023-03-31 13:29:11,True,0.08781,4.904e-05,67122.0,3.29188,0x87...5902,https://etherscan.io/tx/0xb569847855aaf54dd77415a350da830a1227aaa7b680071eff061a7d62ca496a
2023-03-31 13:28:47,True,0.08694,4.856e-05,4530.35,0.22,0x45...20c2,https://etherscan.io/tx/0xc0b3c7dc512b11fe0a63d8b12d2cc6d4cfcd121ce85805e0c242921f7cc6fb4a
2023-03-31 13:28:47,False,0.08737,4.88e-05,83877.2,4.09335,0xb5...2845,https://etherscan.io/tx/0x091d34acd961162ff5232440ecbbad5b43d4044ebd083dc2e62db48bb31d1c61
2023-03-31 13:28:35,True,0.08886,4.965e-05,1651.55,0.082,0x30...b97c,https://etherscan.io/tx/0x2ea39686ee88af160be2fceb563505ab1684b0919c3e70a9bfe27fd0bc89bc17
2023-03-31 13:20:35,True,0.08906,4.962e-05,2521.81,0.1251,0x93...a07c,https://etherscan.io/tx/0x293bf16ee56dc7d7b1fabd45a7336396277b4ee54e4ace7aaea8f6e5e54f2107
2023-03-31 13:16:23,True,0.08896,4.96e-05,278.107,0.0138,0x40...1d52,https://etherscan.io/tx/0x6799838b29b77503047bbd9fe17daef93b7a9ccf6ba2b7889b8f7347160ca390
2023-03-31 13:14:23,True,0.08892,4.959e-05,899.36,0.0446,0x0a...9698,https://etherscan.io/tx/0x5f7c62f15d5fc244a9f4a0a334e3d26d5ecad1405596e3dd611fbf5ca4653d00
2023-03-31 13:12:59,True,0.0889,4.958e-05,599.698,0.0297,0xcb...31eb,https://etherscan.io/tx/0x34dd2dd8be02e5761844616951ac835f8c6d9fb8b99f3228f3901c287d9fc45d
2023-03-31 13:11:47,True,0.08888,4.958e-05,299.887,0.0148,0x35...98b2,https://etherscan.io/tx/0x24b676b7868119d2f4653dcb9342a13c5c843b12c976f8581d04bbf117c6c8ab
2023-03-31 13:11:23,True,0.08884,4.956e-05,2673.49,0.1325,0x3a...9415,https://etherscan.io/tx/0xf72b3f5df3282ab752050caae3d138e664110ea128a4be985755c9d92a755e23
2023-03-31 13:09:35,True,0.08879,4.953e-05,960.517,0.0475,0xe0...a017,https://etherscan.io/tx/0xa7c5b7d5aa7eb5b539e9daa9d48078b6abd5654b5f619c4fd289027ad7ab9d83
2023-03-31 13:05:11,True,0.08879,4.952e-05,276.199,0.0136,0xcf...d8eb,https://etherscan.io/tx/0x94ec9f6766c4904cc8b199f1728d33baf026506ea96c37f0351d12306ee9b535
2023-03-31 13:01:23,True,0.08877,4.951e-05,2226.98,0.1102,0x4f...62c7,https://etherscan.io/tx/0x1a30519e5809c46dff89324162f15b03cd6566fd492925265c3524ce767374c4
2023-03-31 12:59:47,True,0.08873,4.948e-05,1378.11,0.0682,0x27...c813,https://etherscan.io/tx/0x539064095c8b893f5be09a3b7adc7eedd5e217b52d3117b8bf13e883a31e1a3c
2023-03-31 12:57:35,True,0.0887,4.946e-05,1242.38,0.0614,0x8e...3a77,https://etherscan.io/tx/0x1666eb756e8e3abd58e3750d7ad000d76e77fabfd6f1a17d736d475c78db020d
2023-03-31 12:57:23,False,0.08816,4.917e-05,1546.28,0.076,0xa7...c7d1,https://etherscan.io/tx/0x0c46fc81737e931070f55c1afeec84cfed517770a00bf6fc570e230351fc5f07
2023-03-31 12:48:23,False,0.08833,4.921e-05,5000.0,0.246,0x1b...ea67,https://etherscan.io/tx/0x5ec3500dd381ba43c2e88a65a3b364ade0020aa4fb151db8b0786e046b12d851
2023-03-31 12:47:47,False,0.08843,4.925e-05,515.56,0.0253,0x40...bca1,https://etherscan.io/tx/0xc99185d97ff30491ceec1e230b74c18190c21822e98c5e9fbb538a45ec9f9209
2023-03-31 12:42:11,True,0.08903,4.954e-05,2156.45,0.1068,0x2f...c441,https://etherscan.io/tx/0xb8366a5206360b4e00f04cd4f267c115e9c7c76a0e3fa54ae5e6b12c2e7d05b6
2023-03-31 12:39:47,True,0.08899,4.951e-05,1100.98,0.0545,0xba...aacd,https://etherscan.io/tx/0x3da78a77649378fcb52bbae2da5079fc7c97dd2764501d067c729dbea5aa5b6b
2023-03-31 12:31:11,True,0.08886,4.949e-05,2051.4,0.1015,0x42...cf69,https://etherscan.io/tx/0xd180a60c474eda5af25874137375741e4035644c23e4c0950c1989d2fad5c37b
2023-03-31 12:28:11,True,0.08879,4.945e-05,4008.69,0.1982,0x6e...a5de,https://etherscan.io/tx/0x792af069292bf2a507745f85c59022ef1ab7fb35b36ac0417998c2ddfbf0fa33
2023-03-31 12:23:47,True,0.08861,4.942e-05,1002.87,0.0495,0x49...a3ec,https://etherscan.io/tx/0x4e02a30ac7a6f931d44059f4a8488872a1ae844971345500e49ff91563fb4dc0
2023-03-31 12:22:11,True,0.08856,4.941e-05,201.996,0.0099,0x75...f4ef,https://etherscan.io/tx/0x96e0b520cf0eea366803fd308b186a93728f891e3a1b9f7e647d0878f26d6820
2023-03-31 12:19:59,True,0.08851,4.938e-05,3813.66,0.1883,0x6a...ae98,https://etherscan.io/tx/0xe7e67daecddf8f2b9be117059a36a99bdf8d61ce5fca783958842f99de5efce1
2023-03-31 12:16:23,True,0.08839,4.935e-05,223.86,0.011,0x02...7e0b,https://etherscan.io/tx/0x2d00afa10b7290f39edfaba08803ab45508984975cd50c8443f24cf604f71041
2023-03-31 12:15:11,False,0.08789,4.909e-05,4863.1,0.2387,0xb3...443a,https://etherscan.io/tx/0x6f46b512dd1378214d34b2b172cf626b44528754f008cf9e4611ce0f2d9850cc
2023-03-31 12:11:11,False,0.08786,4.909e-05,3258.74,0.1599,0xb5...af7b,https://etherscan.io/tx/0xb6412c4e7dfe93749000adb4471f4639c9693fab56ca13326589cfc52f21f4cc
2023-03-31 12:11:11,True,0.08843,4.941e-05,10.5975,5.236e-05,0xb5...af7b,https://etherscan.io/tx/0x92f5a79b7a24dfff42c41090e4988971c5baf40021174d5a63d089f2f79a9663
2023-03-31 12:06:11,False,0.08795,4.914e-05,4500.0,0.2211,0xc6...fed0,https://etherscan.io/tx/0x9f1fea608928e4363ea0c0f6a1579c98e26c5babd47d799a9711a9fc11e263d5
2023-03-31 11:58:59,True,0.08839,4.94e-05,10049.9,0.4965,0x03...ab9b,https://etherscan.io/tx/0xb0b2226b1d4c0408606d62582087ac21c4947268578d7aa0b365c01f448d99fc
2023-03-31 11:57:47,True,0.08826,4.933e-05,202.699,0.01,0x64...836e,https://etherscan.io/tx/0x4a826e52c9b6b6dad897d00f1166d0ce53c47648f0eb68618bafb32373dcea26
2023-03-31 11:57:11,True,0.08825,4.933e-05,437.268,0.0215,0xaa...ccc9,https://etherscan.io/tx/0xbfb6a628fc296438d59ab134ecbb9e1b533ac1cf32966ade3932a904c5a93814
2023-03-31 11:54:23,False,0.08779,4.905e-05,3223.12,0.1581,0xd2...beaa,https://etherscan.io/tx/0xa9955f548a16d22d4ef6b39b0a9a95bf1a73ec7c265cb2939e3d594bf3055d19
2023-03-31 11:53:35,False,0.08786,4.909e-05,2329.63,0.1143,0xd2...beaa,https://etherscan.io/tx/0x7aa803fc022b1c982b9cc88cf755e05e9351a38dcf1d8c6518e0e83de2bc574f
2023-03-31 11:53:35,True,0.0884,4.939e-05,996.727,0.0492,0xc7...ca99,https://etherscan.io/tx/0xf9dfc3dac88d468c60a378504d92ad800381ed844875c96820ee1819f5decb71
2023-03-31 11:50:11,True,0.08831,4.934e-05,6026.13,0.2973,0x6e...a5de,https://etherscan.io/tx/0x77ed0f2dbc05d157867c38597cfc5dce28f9965d08ecd054ec59af503701b051
2023-03-31 11:49:59,False,0.08772,4.902e-05,1526.31,0.0748,0xd2...beaa,https://etherscan.io/tx/0x2351fb621a5669531e8c72c248ae9fad529a376444a9160b14dabd350f6d7d05
2023-03-31 11:48:47,False,0.08774,4.903e-05,918.402,0.045,0xd2...beaa,https://etherscan.io/tx/0x586c7a2c7c97dd8db356ad8376950c2c5b9809cf966d4d3fb52d2a3c68f82d4d
2023-03-31 11:46:35,True,0.08822,4.93e-05,4461.63,0.22,0x74...297e,https://etherscan.io/tx/0xdb397c7fb3b5bbe96589c4ce5d72e698ba20dd51439f6cb2b38e5137e195c481
2023-03-31 11:39:23,True,0.08821,4.927e-05,985.775,0.0485,0x63...7b81,https://etherscan.io/tx/0xe6b706ed22a7c242300f6972bf756ad37ac45a7e3ad3f9c39d8982b02fe7684c
2023-03-31 11:36:35,False,0.08777,4.897e-05,1000.0,0.0489,0x56...e95e,https://etherscan.io/tx/0x9352732c09adf83b51311d58f4f9613e82625778f39c8cf8ad79bdf8985f63cc
2023-03-31 11:34:59,True,0.08809,4.916e-05,16796.8,0.8258,0xd2...beaa,https://etherscan.io/tx/0x51f191d83f6b0661e83d81726af63afa30957cbde39ed3fbb95a6b7f2996ad53
2023-03-31 11:31:11,False,0.08736,4.876e-05,752.109,0.0366,0x93...d968,https://etherscan.io/tx/0x77bbe9e6f97a7d121ef7dadfa8a550e8d26b6d25569b604358e45936fe4a758e
2023-03-31 11:28:35,True,0.08791,4.906e-05,171.944,0.0084,0x0d...caa8,https://etherscan.io/tx/0x9eaf37d2d64447ad1d17f13a173a4eace9a9302850554428fba250aececdcc96
2023-03-31 11:27:47,True,0.08786,4.903e-05,3315.21,0.1625,0xa1...0131,https://etherscan.io/tx/0x8cca47b10249eb00968fd863590878c47ac01650d6bf6acd5317b3a46d24b2ea
2023-03-31 11:11:23,True,0.08771,4.9e-05,950.65,0.0465,0x1c...4691,https://etherscan.io/tx/0x6563a649f0e8e7019fd01104457d7e85044a8486ede06ecf708902ee61e22a83
2023-03-31 11:11:11,False,0.08721,4.872e-05,2650.0,0.1291,0x61...d5f5,https://etherscan.io/tx/0xdc87f836a453e92b0dcbb5c4cdc06629726a7f2704a3f0c7ada39b6fc0dd48dd
2023-03-31 11:10:47,True,0.08774,4.902e-05,1122.08,0.055,0x94...5a16,https://etherscan.io/tx/0x7c71d2711679ef60abb384e68b55dfd13c6f2bc3c9b9c067ae501043df1af1ee
2023-03-31 11:05:35,True,0.08776,4.901e-05,1391.46,0.0682,0xb3...5247,https://etherscan.io/tx/0xc915e6797357416c0218c5bae60605e23ba912332fa68e099bb9c31a3368b6e6
2023-03-31 11:02:59,True,0.08756,4.893e-05,10218.0,0.5,0x40...cea8,https://etherscan.io/tx/0x9edbea21f519e533575d9a765f72ad4754ca97398e7bfa49294a2a303f5a6e7e
2023-03-31 11:00:59,True,0.08744,4.886e-05,252.952,0.0123,0x90...f781,https://etherscan.io/tx/0xa264e463bbf7eee84659e4b035756ee6ce5ad5ac09c90e3cebc9a14d74f43551
2023-03-31 10:55:47,False,0.08699,4.857e-05,385.176,0.0187,0x36...4508,https://etherscan.io/tx/0x3742fbb641f095df0fd7f192ac92a51227c358f6ddbc5899f327a5279c864c50
2023-03-31 10:55:35,True,0.08751,4.885e-05,1115.84,0.0545,0x06...9cbb,https://etherscan.io/tx/0x7f0978d76efb14d35dc73f37badb75a0adebb22b2515a85b78d487e3be0e0027
2023-03-31 10:54:35,False,0.08753,4.887e-05,46702.0,2.28246,0x43...0f75,https://etherscan.io/tx/0x885ef2f861bdbda93709cd90a831f62e6bc38d08acf3705937b601401887e3f8
2023-03-31 10:52:23,False,0.08841,4.931e-05,18509.0,0.9127,0xc9...d921,https://etherscan.io/tx/0x0c445bf95022b135207d1eef6a554f8bcd578890f022d82b5a68272327f69285
2023-03-31 10:52:23,True,0.08788,4.902e-05,105130.0,5.1536,0x97...aa4a,https://etherscan.io/tx/0x15530fc9434686b9f6f70bd88d684e88edd339abe6b929fd4dd5f563118eb757
2023-03-31 10:49:35,False,0.08613,4.804e-05,2000.0,0.096,0x80...d85b,https://etherscan.io/tx/0x39d5f812ebb933a328829d763e68a33a099951c13761b4f1fa3f4e952ebe0488
2023-03-31 10:45:11,True,0.08648,4.833e-05,1050.99,0.0508,0x3f...19e4,https://etherscan.io/tx/0x9fa015f754ccc29b31ead38e2466ac7d392458896a3cb30a7a5962c3caf004e4
2023-03-31 10:43:11,False,0.08625,4.821e-05,26275.7,1.26681,0xd3...762d,https://etherscan.io/tx/0xc5aba81b32b2366380e96154db6661669365887f89a40ffaefe715e699dd8ee6
2023-03-31 10:29:23,False,0.08707,4.855e-05,24995.5,1.21359,0x99...9e07,https://etherscan.io/tx/0x827e7acd705890b4460582912ee3d5b70b89c08d2bbf13e1f57dc2c5b877009c
2023-03-31 10:23:11,True,0.08781,4.898e-05,4758.64,0.233,0xb6...d7dc,https://etherscan.io/tx/0x450bcbb0c0284fa00a31fc3487e247f14b3746c2fba8b8e5dea260d8d52bf309
2023-03-31 10:20:47,True,0.08773,4.893e-05,2043.55,0.1,0x1d...17c9,https://etherscan.io/tx/0x7ddccfac212fe7cc5edd622d77f24a09c079091d0c960854a6061076f9e88a21
2023-03-31 10:18:59,True,0.08779,4.891e-05,911.921,0.0446,0x65...193a,https://etherscan.io/tx/0x9341272c2c45bae5b59be0143809be2b3bc6830836f17884d1f0a41df4a1b0ae
2023-03-31 10:15:23,False,0.08754,4.877e-05,24279.2,1.1843,0x6b...eab0,https://etherscan.io/tx/0xfeb12add32cf42f41df7ee01e2c3f5a6e867bb2a45eb25425c839cbfaf4c885d
2023-03-31 10:12:47,True,0.08838,4.919e-05,6246.45,0.3072,0xd2...305d,https://etherscan.io/tx/0xfc82f13e82dbedc7eb8a6ada50accf277b4d3569e599ce673feff17462723e7a
2023-03-31 10:12:11,True,0.08831,4.915e-05,217.506,0.0106,0x60...999c,https://etherscan.io/tx/0x04167aa974276bc89676d08f610fcfad3702a7017bcbdf798ba3cbfcc851240a
2023-03-31 10:11:47,True,0.08829,4.914e-05,1190.13,0.0584,0xb2...97e3,https://etherscan.io/tx/0x6e72b5edf4d99072f8daff04956e80ad4d89d27b025fe8b9a5df105fafc7d4d0
2023-03-31 10:07:59,False,0.08774,4.884e-05,716.502,0.035,0xc8...5001,https://etherscan.io/tx/0x5f489ba8c0324cde4ec29816bbd270cf86192091dc781cddb56db4d0f1ba7a2d
2023-03-31 10:05:47,False,0.08795,4.896e-05,16935.5,0.8292,0x98...b63f,https://etherscan.io/tx/0x8bef714122ed896d8badf0d1119cc10ddc0b8a5f5aa4d6349cd5583b4d096d05
2023-03-31 10:02:11,True,0.0886,4.936e-05,607.68,0.03,0xc6...fed0,https://etherscan.io/tx/0x201920b82b08246efd2e32de466290de46430f8c1b5ef867586b01d4cd96376a
2023-03-31 09:51:23,False,0.08789,4.913e-05,10000.0,0.4913,0x4a...4fba,https://etherscan.io/tx/0xf7cf1294d4045b765e4785478a6fc155553cf0f9cdfb111b8da1f8e09312207e
2023-03-31 09:48:11,True,0.08835,4.949e-05,1121.58,0.0555,0x5e...7be7,https://etherscan.io/tx/0xa023a13c4a3fe764039ddfad8bfcf7e60aeb0a3e20293b055b75d5fdcbaffd3d
2023-03-31 09:47:47,True,0.08838,4.948e-05,134.499,0.0066,0x11...b671,https://etherscan.io/tx/0xe53961b9f1c2593eff329e4956886336ec0642f709513390d7e3bdae40b78cd6
2023-03-31 09:42:35,True,0.08823,4.945e-05,3692.54,0.1826,0x4c...973c,https://etherscan.io/tx/0xaed9e3a46d1afbbffe28e4299482c820b38c48a66b8a8ccbb1b7624c55453972
2023-03-31 09:37:35,False,0.08785,4.915e-05,2938.0,0.1444,0x19...fa4e,https://etherscan.io/tx/0x3df4509dee1c4b1ae9a1ba1a726302da39572f1a55be7a76a09f251bad7d0a9e
2023-03-31 09:28:11,False,0.08826,4.942e-05,36741.1,1.81604,0x17...a59a,https://etherscan.io/tx/0xf802c81ff3da170af9c44935373f399ee32f9d6aa89ed11b7747999e4df70689
2023-03-31 09:27:59,True,0.08924,4.997e-05,100.043,0.005,0x3d...9492,https://etherscan.io/tx/0xec3e89a95c3eecea6f323bb16e3e36edab8b4b11161616424b4cfb9d399c372c
2023-03-31 09:25:59,False,0.08874,4.969e-05,3000.0,0.1491,0x91...dcb9,https://etherscan.io/tx/0xe4155fe26416fadf029cfc83e11eefd6dc9511fc172a62545cc73697e866f682
2023-03-31 09:22:35,True,0.08882,4.98e-05,31393.1,1.56342,0xc5...e6d8,https://etherscan.io/tx/0xca49358845a4a40759ab1d60f1a224d1b240639d46e7ba3c2ef34f473710dfe7
2023-03-31 09:20:47,True,0.0888,4.957e-05,1880.07,0.0932,0x70...fb84,https://etherscan.io/tx/0x5e5819b3e5c96a9fd7615996a27a3ccb0b622217e55b7e5c3bed3c95589ae9a6
2023-03-31 09:10:11,True,0.089,4.955e-05,196.14,0.0097,0x42...cf69,https://etherscan.io/tx/0xdd1e476b249accc0b7f7d8fc688ca5dac609f010588d405e2fd0b6c2f3dfb9b2
2023-03-31 09:06:11,True,0.08907,4.955e-05,326.646,0.0161,0xf0...4862,https://etherscan.io/tx/0x80bc43ff7fa8921af88eab8a6c636b1b60b0f4061cbaae01f1b9cc4d96b9ae17
2023-03-31 09:03:35,True,0.08905,4.955e-05,148.741,0.0073,0xc3...8bcd,https://etherscan.io/tx/0x446cdbf6ae2c2f99544c01e33d1c1a869daa62be3f45f708293f43d807faf8d7
2023-03-31 09:03:35,True,0.08904,4.954e-05,591.044,0.0292,0x7f...5100,https://etherscan.io/tx/0x46b76a0f94534994bbc402f6c3a6ca9f2a556edb5e37d533f850bb5c33e6c516
2023-03-31 09:02:23,False,0.08861,4.931e-05,9623.5,0.4745,0x3a...730a,https://etherscan.io/tx/0x23b7ee74288fb1bd89da8470cdf9d8371d07f6cf7791e7da8b6848fc5336dda4
2023-03-31 09:01:59,False,0.08873,4.937e-05,495.625,0.0244,0x9a...bc8e,https://etherscan.io/tx/0x42dc4f3db32de8e01e77830c4eefa2df45879a8b6b2dea5c0e90c520c3f01e2d
2023-03-31 08:55:59,True,0.08919,4.96e-05,11110.8,0.5511,0x9c...bf82,https://etherscan.io/tx/0x630dfc4168495a42d022e0d9d1fc2beea98032a2ded15cf31d24b6322bb39e35
2023-03-31 08:53:59,True,0.08907,4.952e-05,1120.97,0.0555,0xb3...53fe,https://etherscan.io/tx/0xdd8ac153340655dff09f64622917b1fcee5a1231c7ecff40a05924309e9b77a3
2023-03-31 08:52:23,False,0.08852,4.922e-05,1000.0,0.0492,0x4d...3d32,https://etherscan.io/tx/0x73420c7bfdd982cf2f714713513b7ab6a8ed487d8eccf1e7790efa86b301fedc
2023-03-31 08:52:11,True,0.08906,4.952e-05,424.791,0.021,0x42...cf69,https://etherscan.io/tx/0xeb16380874aeab91c8c4b875f6545d9e7b2749b0374b6c244c19d5602867a644
2023-03-31 08:40:23,True,0.08897,4.95e-05,2648.55,0.1311,0xf8...df1f,https://etherscan.io/tx/0xa74507e0554d450ace641adc379cb301aa34edee4df528d91263571f869427af
2023-03-31 08:38:23,False,0.08855,4.927e-05,12288.0,0.6054,0x0c...05c5,https://etherscan.io/tx/0x232a8ec9d4c556f32c68a7d286d9dd1c54b33f797f008133eb550d43fca370f3
2023-03-31 08:29:59,True,0.08923,4.964e-05,834.59,0.0414,0x86...b8e6,https://etherscan.io/tx/0x63ce49b7e90b786d42fd1f00a29ae7b5e83baec6ad594f6420b5f6a60aac6f2b
2023-03-31 08:28:59,True,0.08921,4.963e-05,559.164,0.0277,0xe9...8fa1,https://etherscan.io/tx/0x1c96840548b0f8387320c0ddba55d8df209359fde8e4d3b448e7e1e13feb0847
2023-03-31 08:28:35,True,0.08916,4.961e-05,2718.53,0.1348,0x35...86a8,https://etherscan.io/tx/0x7103570452a46519fda63e81b63b5123afb1689eef500413c80c4df2679a5f82
2023-03-31 08:27:35,False,0.08865,4.933e-05,5000.0,0.2466,0x71...6d2c,https://etherscan.io/tx/0xc8de2277519893a3f9354852cf2f773df6aba0f551aaab18328ddd1d92c48a7a
2023-03-31 08:20:59,True,0.08923,4.965e-05,2014.09,0.1,0xa4...6e88,https://etherscan.io/tx/0xd9cce7adba53cdb608b3647cb10ee845a734f0f7cef38ef30794223c1633e06b
2023-03-31 08:17:23,True,0.08914,4.961e-05,2796.93,0.1387,0x75...0bd0,https://etherscan.io/tx/0xd7cafcdd7f8faeabe37eef11f194971b14db50f3118eb02e674b6d93e2d8d221
2023-03-31 08:16:47,True,0.0891,4.959e-05,299.8,0.0148,0xe3...679d,https://etherscan.io/tx/0x4378c6e006cfb9ded7124cddb430a4d607a6c44960470dd34ba16dcf2cab2ef2
2023-03-31 08:16:11,True,0.08909,4.959e-05,199.88,0.0099,0x7b...1210,https://etherscan.io/tx/0x777d16cb4c45d994fec5920809fe0a35f39e92f196f510c321803ec7acf62520
2023-03-31 08:15:35,True,0.08906,4.957e-05,2605.17,0.1291,0xc4...c224,https://etherscan.io/tx/0x2d229a4faad0967073c2355115697e0bc344fd79adaafc8f840b6cd0cb85d4ce
2023-03-31 08:12:11,True,0.08897,4.952e-05,4038.19,0.2,0xf3...ecc0,https://etherscan.io/tx/0xc82fd704f5c1c6a1d7beb55aab77786755647b86b21ae5acd7de553771dfbece
2023-03-31 08:07:35,True,0.0889,4.949e-05,879.259,0.0435,0xe7...83a5,https://etherscan.io/tx/0x9d42e4ce66c30e24193207bda45937de6bcdb354e241f52ad0b7116ca567d9ac
2023-03-31 08:05:59,False,0.08846,4.924e-05,8119.0,0.3998,0xb8...fa84,https://etherscan.io/tx/0x0e18e06ad87e9fb4e270afdbdb14d575b87e0c91291cae9b40e907193dbc11fe
2023-03-31 08:03:11,True,0.08909,4.959e-05,319.781,0.0158,0xb8...adb8,https://etherscan.io/tx/0xcc35f75efd28302e12eab9c26ffc3d72d109948b5a7b49e28daf81d90ac6b141
2023-03-31 08:03:11,False,0.08856,4.93e-05,900.0,0.0443,0x5e...8e72,https://etherscan.io/tx/0x051a3d7d12a19d9b5fc4944a504610fbbed149009508550c007827d4b7de75e5
2023-03-31 08:02:47,True,0.08909,4.959e-05,1121.18,0.0556,0x6b...96fe,https://etherscan.io/tx/0x5500b4d1a63181a345a638c7b72ba4ccd6896195c4225a3fdfd5beca3aa6e6a7
2023-03-31 07:59:35,True,0.08908,4.959e-05,239.869,0.0119,0x03...12ed,https://etherscan.io/tx/0x85cfd06f4b32ef45581c277edb9f592ec7b396136cdd3b28a857a71b6e6b4532
2023-03-31 07:48:59,False,0.08891,4.932e-05,5000.0,0.2466,0xf0...07c4,https://etherscan.io/tx/0x8cf918c0f22c8dcff3aaf7ffc49347cf6b7f2361c299e57a497dbb1397d440b9
2023-03-31 07:48:35,True,0.08951,4.965e-05,399.264,0.0198,0xe9...8fa1,https://etherscan.io/tx/0xa681d334a562908aed64ff90ed03ba50ba2c75bef537d168a8382696482b406a
2023-03-31 07:47:47,False,0.089,4.937e-05,3000.0,0.1481,0x2f...de44,https://etherscan.io/tx/0x9ac1d41f92fa1ebcaf23a1a06c7db4fbcbc36880cf94d22b547e02282e30b8e0
2023-03-31 07:46:35,False,0.08909,4.939e-05,339.0,0.0167,0x5e...8e72,https://etherscan.io/tx/0x487a29acee763f98d7129a4ebe2d9ca8579258fae77443c5a380717b1dedfada
2023-03-31 07:43:11,True,0.08959,4.967e-05,2913.28,0.1447,0x2b...a996,https://etherscan.io/tx/0x3e56d3d18e9d982ae6b68f3de580488b214ad75cb8c69111551c62c7004049a1
2023-03-31 07:41:11,True,0.08955,4.965e-05,576.115,0.0286,0x42...cf69,https://etherscan.io/tx/0x542e0d182264a1501246b54e6863272910552a3065e689aec3720a5c15fd5108
2023-03-31 07:35:11,False,0.08903,4.935e-05,930.0,0.0459,0xef...32f1,https://etherscan.io/tx/0x866ad7a4fc1fbe0696f54c737bc5759f1abe337ca7877805c164c40f092e9932
2023-03-31 07:32:59,True,0.08957,4.966e-05,299.413,0.0148,0x5b...98a9,https://etherscan.io/tx/0xf65c62e6066c6e0a69dd4a337ec480410b3c08eec931d6cd28bf0dfee80b0ea7
2023-03-31 07:28:23,True,0.08949,4.965e-05,1105.61,0.0548,0x68...8484,https://etherscan.io/tx/0xbd09b78e9f3293a5e8908b1bb7b51bd9aee74be99ce4cd392b3419e070a654c0
2023-03-31 07:25:35,False,0.08896,4.935e-05,1000.0,0.0493,0x41...6846,https://etherscan.io/tx/0xb452b6a80734e88a79fde106256676e6e06b5e1ac029d274f4d583c17e79bffe
2023-03-31 07:21:35,False,0.08918,4.945e-05,14262.0,0.7053,0xe3...1554,https://etherscan.io/tx/0xa00df9068ce40eeda3016923ee03a666c1352d2b12066bbf38b8bcbdb304cfeb
2023-03-31 07:11:23,True,0.08995,4.984e-05,531.299,0.0264,0xa3...aced,https://etherscan.io/tx/0x08db6b606f0bfffdda0c59e06b0d3e58c26268a12c559a7a5aa2311edeea8415
2023-03-31 07:11:11,True,0.08993,4.984e-05,595.726,0.0296,0x42...cf69,https://etherscan.io/tx/0x50e8b16740ddf0a3541139cbae7dfef5212563fca551142214a103a90d5e6fd1
2023-03-31 07:09:47,False,0.08946,4.954e-05,1000.0,0.0495,0x45...f755,https://etherscan.io/tx/0x18c0b97a3e6192be5b599ca94289066a969b4d34515592b221087162ff33264b
2023-03-31 07:08:11,True,0.08995,4.984e-05,397.707,0.0198,0xa0...56bf,https://etherscan.io/tx/0x325ae33459eb04c652b39efe5fb91168794961825159729ca7440b0344b58abf
2023-03-31 07:07:35,False,0.08943,4.956e-05,2250.0,0.1115,0x1b...8caa,https://etherscan.io/tx/0xaba9e827702635ee030636f4179ceea6612b69294e6c4c3af732e611562a183e
2023-03-31 07:05:11,True,0.08998,4.987e-05,810.38,0.0404,0x78...cb50,https://etherscan.io/tx/0xd73df65d707b3ac9dae60be8fff1d2950c4bac36043195e434f958738ccc0f45
2023-03-31 07:04:35,True,0.08996,4.985e-05,894.645,0.0446,0x6c...d2e5,https://etherscan.io/tx/0x60af5ac52777b6fffdde746aeb362b6f103ffd84e65bf6f8121483baaa670aef
2023-03-31 07:04:23,False,0.08943,4.956e-05,1600.0,0.0793,0x8a...0c5a,https://etherscan.io/tx/0x629f9f766f7b4a7fc310e3cccd80f1d31aa54176e25831300d660c8f80bfc115
2023-03-31 06:57:35,False,0.0895,4.96e-05,4000.0,0.1984,0xe2...edc1,https://etherscan.io/tx/0x7cc8df3956a3b817032001efb15f18f91bdca31025544538362df47344542236
2023-03-31 06:54:47,True,0.09003,4.989e-05,5463.62,0.2725,0x6a...9e43,https://etherscan.io/tx/0x56ae41a7866b01b3a620486489d1b2b62d8d3ee2c57a97ce77e317662866eee5
2023-03-31 06:52:23,True,0.08995,4.985e-05,472.526,0.0235,0x98...e625,https://etherscan.io/tx/0xa50579c0cafd28ee5349fe6bd2dc0c73fdfef891b9104d0f2dbb7b55ae46df9e
2023-03-31 06:40:35,True,0.08976,4.978e-05,8631.42,0.4297,0xb2...056d,https://etherscan.io/tx/0xd8f1adc848e1c1640864bdb84b2c40c2fcb15b78cfdc03671b3fbc3e9dff86ba
2023-03-31 06:36:59,False,0.08917,4.949e-05,10000.0,0.4949,0x71...6d2c,https://etherscan.io/tx/0x018ae81ccd52326b779b44a6d78cafcaa168482fd4fd9191a2150601d76adc96
2023-03-31 06:35:47,False,0.08937,4.962e-05,8500.0,0.4218,0x1e...ca71,https://etherscan.io/tx/0x9b7a0b68e1a3da091e01e60e77b69863b0f1adb7466f725ba0cfb9853fc7fc03
2023-03-31 06:27:47,True,0.09001,4.998e-05,551.69,0.0275,0x85...5f2c,https://etherscan.io/tx/0x85903ee632d6d7cef6624985653ec3d8e07af4b1dccc0cc44982737903ad375d
2023-03-31 06:24:35,True,0.09001,4.997e-05,595.075,0.0297,0xfe...cedf,https://etherscan.io/tx/0xaadb33ca4ac086c1f397c7beece53eeec2ac554f89a1b8e524ef942b45330b20
2023-03-31 06:24:23,True,0.08996,4.994e-05,3373.96,0.1685,0x1e...fb15,https://etherscan.io/tx/0xecb19b92e11fdd2a7e91b51e0360ffb3878ddb32b7e82fa68034fb4a41b30629
2023-03-31 06:23:11,True,0.08989,4.99e-05,2115.84,0.1055,0x46...071d,https://etherscan.io/tx/0x374394739575c43c131d7c3f9b457ae1f827cd51149ec4b75f80cd7c2d7d09c5
2023-03-31 06:15:59,True,0.08983,4.988e-05,1366.23,0.0681,0x7e...3ecc,https://etherscan.io/tx/0x7e0a06b6d771173278dbed1eea2662a55e6c267fce6b01ba8a32f0601f2d3546
2023-03-31 06:12:11,True,0.08983,4.986e-05,1335.64,0.0666,0xcc...b454,https://etherscan.io/tx/0xaf46e37894c7dfc6d3243c9b174c727c50a723df7bfc51009f48ed2c1882b4f0
2023-03-31 06:08:23,True,0.08988,4.985e-05,330.371,0.0164,0x7f...4294,https://etherscan.io/tx/0x3a6fe4abbf9f8aaeaa96f1df770d149b582636a96a1328412bb18441f851c3df
2023-03-31 06:04:35,False,0.08936,4.955e-05,774.841,0.0384,0xc6...fed0,https://etherscan.io/tx/0x78d1c99e56b45384a567d7ec82f4fb0e21b32d22e14f1003c620c0424145b610
2023-03-31 06:04:23,True,0.0899,4.985e-05,357.864,0.0178,0xf0...f88c,https://etherscan.io/tx/0x1ad2d598b2ecf4ad3534a445e52d7b17cbcd030249cc0701ddc9c3e12e5c8b38
2023-03-31 06:01:11,True,0.08994,4.985e-05,322.348,0.016,0x4a...0809,https://etherscan.io/tx/0x592713023026f9a00cde79c8164810830d08d2d21a8875ab19c88c98e03e5dc7
2023-03-31 05:54:59,True,0.08989,4.981e-05,5900.47,0.2939,0x38...b01c,https://etherscan.io/tx/0x76854e01a41b8337b8f5cf85aae2b9d3f5eeb68981c32fbf3d29a1409aa70f85
2023-03-31 05:54:11,True,0.08977,4.974e-05,3367.52,0.1675,0xc6...01af,https://etherscan.io/tx/0x3bbde41d82acf70e4aa7501b564d4ebce793a63ef82bab496162471e0b01fe8b
2023-03-31 05:44:59,True,0.08983,4.971e-05,1395.75,0.0693,0xe0...a7e2,https://etherscan.io/tx/0x2c99745845114f2dd0f63fc3ad06a1291b2123adf261f727ed3021696623d613
2023-03-31 05:43:47,False,0.08947,4.956e-05,22525.3,1.11637,0x2a...593c,https://etherscan.io/tx/0x549b31f3c357bc804ea66164de94af37225c2a9c2441f7b1d7c6efd3313e4c9d
2023-03-31 05:35:35,True,0.09031,5e-05,991.081,0.0495,0xd4...6563,https://etherscan.io/tx/0xf447ebc72b4cae9bb78db026a8fb9b9e8c7b1c0c0410a36c5021029ed20d4c37
2023-03-31 05:32:59,True,0.09027,4.998e-05,2316.23,0.1157,0xd0...0dc9,https://etherscan.io/tx/0xfa71b7253c16a96c6a05572262d2df952e78dfb11a703ea68d1cd2d79e1258c6
2023-03-31 05:29:11,False,0.08976,4.973e-05,10000.0,0.4973,0xb5...4505,https://etherscan.io/tx/0xe38a5065b3f5f29c3c6bb4fd556a2d9567c74765bac4e412ece21631dbe8a09d
2023-03-31 05:25:47,False,0.08991,4.984e-05,5000.0,0.2492,0x72...4533,https://etherscan.io/tx/0x46dfda08c366dbf30270e2b12153b9960d264ace1e368d0335da543ddfc9851f
2023-03-31 05:25:11,True,0.0905,5.016e-05,2173.66,0.109,0x05...d3ef,https://etherscan.io/tx/0x4fafe8defc1d3d3c8f8f454fcd46320230a5e9f36bcb4e440d718e67bd101dbd
2023-03-31 05:24:59,True,0.09027,5.003e-05,16000.0,0.8005,0xc0...b9d0,https://etherscan.io/tx/0x1fc2a6ed98e4ee3a604ece1bf4c2ec72b73c217cde69f4b666f493389e1fcb54
2023-03-31 05:18:35,True,0.09,4.99e-05,2184.71,0.109,0x93...5529,https://etherscan.io/tx/0xdc106204b64288f191eb5a4eea5bf829c164287cbb0f9a44d5aba8391f95daa3
2023-03-31 05:10:47,True,0.08994,4.989e-05,149.006,0.0074,0x3b...3675,https://etherscan.io/tx/0x6574eef8acaed20bdb0d1399ffe9fad7d4d8b1e7972a4139cc02a7708625d9f4
2023-03-31 05:07:59,True,0.0898,4.981e-05,10644.8,0.5303,0xfe...51ac,https://etherscan.io/tx/0x6465997740546f6f07501c1a2a8d4ff218fcf9af52733fa0710ed7f9fe7ba1ac
2023-03-31 05:01:59,True,0.08961,4.97e-05,5400.0,0.2684,0xae...7116,https://etherscan.io/tx/0xbbfa021654cf6949a6dff73cd934051b03b96c6d2cf9637e9ef8ac1ba2bf1e8f
2023-03-31 04:55:11,False,0.08915,4.944e-05,10000.0,0.4944,0xb5...4505,https://etherscan.io/tx/0xaf573ef8653b07f6a34ab8c19e932219849d1b96f1615fbb7f0cc64e91d84e2e
2023-03-31 04:51:11,True,0.08988,4.98e-05,185.172,0.0092,0x62...3dbb,https://etherscan.io/tx/0xf89d6b17ad3f047a0b092dc618ddf8f97047a696bc38ff458922cf748933fb77
2023-03-31 04:50:35,True,0.08986,4.979e-05,1445.21,0.0719,0xf7...8912,https://etherscan.io/tx/0x69575d8a9fe209a311518ae56cb3f7121cc4d29f929a33f13af4e037a1d883bd
2023-03-31 04:47:59,True,0.08977,4.977e-05,1679.48,0.0835,0xc9...09a3,https://etherscan.io/tx/0xdb5de06a63ba79dd13bc6bc60517da47f1903661a5b505520a3148d97a60ef3a
2023-03-31 04:43:35,True,0.08973,4.974e-05,3049.03,0.1516,0x79...970c,https://etherscan.io/tx/0xc7cf04d2ef43d60cbfc5885ad39b93c9ff73a02e0548b12547a5cea827de8072
2023-03-31 04:41:47,True,0.08969,4.971e-05,996.975,0.0495,0xae...d436,https://etherscan.io/tx/0x82c5e1950cb8a20ea8d8f3fe912fcac3524955bd03da27a403a69000f401eac6
2023-03-31 04:40:47,False,0.08916,4.941e-05,1000.0,0.0494,0xd8...d962,https://etherscan.io/tx/0xbdba5d64490c1aade7614fdc84b438ed82e50874c76e326b97eee2c8b302ef1a
2023-03-31 04:39:59,False,0.08927,4.949e-05,10000.0,0.4949,0xb5...4505,https://etherscan.io/tx/0xeb029ebfed83531a10bd510438000c3b8669bed7b1433cfbc6db55c98e3119b0
2023-03-31 04:35:47,True,0.08982,4.985e-05,397.652,0.0198,0xa9...31ee,https://etherscan.io/tx/0x9a67c12e3e463c52f05521ec0fd345f9b90dd1f7acb3c334dfe53ad0c0126c06
2023-03-31 04:32:23,True,0.08986,4.984e-05,1252.89,0.0624,0x8e...3958,https://etherscan.io/tx/0x8efc17e83104019d89c29eef1b27e43213798e89206c6b4742108c0462a688f0
2023-03-31 04:28:59,True,0.08983,4.983e-05,198.912,0.0099,0x62...f935,https://etherscan.io/tx/0x7bb5e1160e6b83160b280a49a98a9c74e53989d4c6cbf4563b7462907eb31ebe
2023-03-31 04:27:47,True,0.08982,4.982e-05,895.24,0.0446,0xc4...79fb,https://etherscan.io/tx/0xe56f5bb6334299a40ae9fad7e019dbd0bbecc44233697f4dabd731c65fbecfef
2023-03-31 04:18:11,False,0.08926,4.955e-05,5000.0,0.2477,0xa3...0b71,https://etherscan.io/tx/0xe388a0c84a2733e8e63e0a0f10b8026c8b2ad97769c2fa463d091b7c677d149c
2023-03-31 04:17:23,True,0.08983,4.987e-05,2385.09,0.1189,0x8a...f98c,https://etherscan.io/tx/0xa610a0decc4c612a63e72439387d0e3779971bc4fa1a97c8c73d95137bba57ba
2023-03-31 04:16:23,True,0.08979,4.985e-05,397.668,0.0198,0x67...b512,https://etherscan.io/tx/0xfac04a1e8f5f443b14f7d084649676bae8a203e832a797d7ecf3f5035efb25ec
2023-03-31 04:15:59,True,0.08978,4.984e-05,437.486,0.0218,0x23...c7d5,https://etherscan.io/tx/0x871643064cadf2911f2a82f64a283311867079b6e8e023adadc63d1afcd167f8
2023-03-31 04:15:11,False,0.08924,4.954e-05,548.995,0.0272,0xe4...adeb,https://etherscan.io/tx/0x13d9a52c17edee6e6b5f017a5bb98a5cc6aeaf501f6dd4fac37e0e27a5007764
2023-03-31 04:11:35,True,0.08986,4.985e-05,198.845,0.0099,0xd9...ae87,https://etherscan.io/tx/0x6189130e270bfc29b24bb48daa1040c502eb1298124ffc65bb2966f94b0afcbd
2023-03-31 04:10:11,True,0.08984,4.984e-05,1173.41,0.0584,0xd9...ae87,https://etherscan.io/tx/0x3ce2d9b59747ac4a29ab760969b2ea2f81d77e01094e09364a451c82224c6e87
2023-03-31 04:10:11,False,0.08936,4.957e-05,5431.08,0.2692,0x95...3c54,https://etherscan.io/tx/0xe5881b32ba3588dee1ed896755651acf830295a67a4e6c6d62985dbd5ede0863
2023-03-31 04:09:59,False,0.08945,4.962e-05,2300.0,0.1141,0xba...bd59,https://etherscan.io/tx/0x5f44e99a6a9762fd617e3d4c16dec7d7a9e949311f13f2dbd4907bfe6b226af9
2023-03-31 04:03:23,True,0.08996,4.991e-05,3318.31,0.1656,0xda...be8f,https://etherscan.io/tx/0xbf7ee3dc4a21d4bfd7787e26ba642780a938e41135be0b643627b5dc57a92c7c
2023-03-31 03:57:59,True,0.08988,4.989e-05,178.809,0.0089,0x46...7659,https://etherscan.io/tx/0xa0839470c3332cccf87af718c63eacae05325724eab97b736052ba9920609cc1
2023-03-31 03:54:47,False,0.08962,4.976e-05,25242.6,1.25625,0x8b...2a7e,https://etherscan.io/tx/0xeebf6de92d39a59c872f0ef1b059b1a2894f15e0acccc3eef8e2e6c4df952bad
2023-03-31 03:54:11,True,0.09049,5.022e-05,2072.16,0.104,0x2c...ea0d,https://etherscan.io/tx/0x3d028b410d8d029001a62d863f1d9c9bb501a9bff22684d16dfbf2d626cf4729
2023-03-31 03:53:35,True,0.09051,5.02e-05,858.375,0.0431,0xc0...31ce,https://etherscan.io/tx/0xda70be2943d1b45e6e44fccf94adff806ecdf8f6b6f7fad0728f4deccf72e427
2023-03-31 03:46:59,True,0.09046,5.018e-05,2990.06,0.15,0xae...ae13,https://etherscan.io/tx/0x72f5b4375845e98061bd4f1982612e80086ec0c11de81d03381e48e01e6121f6
2023-03-31 03:46:23,True,0.09038,5.014e-05,2174.46,0.109,0xfe...2833,https://etherscan.io/tx/0xb124e9f4ae1f2e87374b5ea3f59d1980f94a0f934a9723b50547c84ef58a64bd
2023-03-31 03:45:59,False,0.08987,4.983e-05,469.089,0.0233,0x3f...ed5e,https://etherscan.io/tx/0x958b4a09ea6a54150867094c311aea2f7e67ff963386d71c438204a7325d8825
2023-03-31 03:45:35,False,0.08994,4.987e-05,5000.0,0.2493,0xb5...4505,https://etherscan.io/tx/0x97094f4aa230a2fbfc22abb84aa7135eb68e08036e614d77b055971d1c54ce3a
2023-03-31 03:41:59,False,0.09009,4.992e-05,2185.92,0.1091,0xfa...601e,https://etherscan.io/tx/0x87565dead4c59265f012d20024d720f84d4e45c15ccbb0ac23a07b67fcb2dfe9
2023-03-31 03:41:23,True,0.09058,5.02e-05,4343.62,0.218,0xe8...d24c,https://etherscan.io/tx/0xd3d6b028bae4631f8bc06a0e97fa71b1849701591d9847dab76695268fd522d3
2023-03-31 03:38:59,True,0.09064,5.016e-05,889.116,0.0446,0x25...7bc4,https://etherscan.io/tx/0x3e03238e985ea2e53c043788ac1a4067c1821ff8d4265397679783f216c2ea13
2023-03-31 03:37:35,False,0.09023,4.993e-05,11000.0,0.5493,0xf3...9aa6,https://etherscan.io/tx/0x52b89fe3a30dff30fdee3aef02d8a609ec574502aaf09feafec6a0d217abaaff
2023-03-31 03:29:11,True,0.09112,5.03e-05,1773.45,0.0892,0xc2...2d7e,https://etherscan.io/tx/0x8f842246a9b4bae7edf6e3eefb5cdc37964296e4c0cb6a5976a925d77de6a87d
2023-03-31 03:28:47,True,0.09106,5.026e-05,3253.61,0.1635,0x76...4215,https://etherscan.io/tx/0x55393d352e12bde084557aaed5f73775b0c0910b42ceb6c7c06a09aaae227659
2023-03-31 03:27:35,True,0.09101,5.024e-05,315.659,0.0158,0x34...818b,https://etherscan.io/tx/0x86286e363fe3b24b2041c0c479f128ed09c6ecd2a4a371603102d90e380e2027
2023-03-31 03:24:23,False,0.0905,4.995e-05,2409.16,0.1203,0x09...1759,https://etherscan.io/tx/0x95dab64aaedbf98bdcc8d9f32852cebabef646c9a8c28939304193e5cea334f0
2023-03-31 03:19:23,True,0.09097,5.022e-05,7765.68,0.39,0xe4...b956,https://etherscan.io/tx/0x91a016816eceec6db48bcc6994e37154fa768ec04ceceb9ed1ac76e81bb7c035
2023-03-31 03:19:23,False,0.09034,4.987e-05,500.0,0.0249,0x1c...a1f7,https://etherscan.io/tx/0x47994c6f582e564b64dc9d95d94eafcac75b7442448ccb9cc5ab1f7f469d38cc
2023-03-31 03:18:59,False,0.09042,4.99e-05,4437.29,0.2214,0xf4...6356,https://etherscan.io/tx/0x6e7474c93b1d4be098021dc9125ba8b7b938bae82d0357ca791f0983df384466
2023-03-31 03:15:11,False,0.09057,4.994e-05,730.0,0.0364,0xb8...8206,https://etherscan.io/tx/0x4a7cf0f1a345283e2f7801d18777f2d036666b34fc7721e61f037eb1a04dc521
2023-03-31 03:11:23,True,0.09123,5.024e-05,326.435,0.0164,0x7a...7699,https://etherscan.io/tx/0x70086a19f256031cdb37be8f4f871070aadf0696d094d176d2cf80498b2da929
2023-03-31 03:10:23,True,0.09123,5.023e-05,276.228,0.0138,0x85...6aed,https://etherscan.io/tx/0xc07ac52a82f8b586fac246a9a631dcf5e9742022aa944b54d458ad795c313c24
2023-03-31 03:06:59,False,0.09072,5.001e-05,11000.0,0.5501,0xf3...9aa6,https://etherscan.io/tx/0xd06a75afdf98156bd2b178a3550959060abef84af173875912126104cf183557
2023-03-31 03:03:59,True,0.09127,5.037e-05,1967.63,0.0991,0x0e...e250,https://etherscan.io/tx/0x4203809cd55b794098e351a2242ad09c9139d246cf6f8a5538a28d23fb6519d4
2023-03-31 03:01:47,True,0.09095,5.035e-05,1771.79,0.0892,0xab...39b5,https://etherscan.io/tx/0xe2b6cf6a479e2eb10e2d9a0f7e36ffa9ee76678dac37516ab5cd5e511de82d56
2023-03-31 02:58:47,True,0.09091,5.033e-05,965.013,0.0485,0xf6...12f2,https://etherscan.io/tx/0x188cb0ab3712aab8cc93c2f26df9bf47e3bf0c1bd0fbd91c592014cda908231e
2023-03-31 02:58:47,True,0.09089,5.032e-05,381.912,0.0192,0x87...b2f1,https://etherscan.io/tx/0x80dfcd5fb6e4506f2785746f0a1e2419fdf7d29361e9a6684709b8bf953d460f
2023-03-31 02:56:11,True,0.09091,5.031e-05,667.788,0.0336,0x95...d052,https://etherscan.io/tx/0xa4f93c11cfc767e491025859c7af7e5b55f36e142ff5aabeb3ac88c096c0d6b3
2023-03-31 02:56:11,True,0.0909,5.03e-05,184.634,0.0092,0xcd...58ac,https://etherscan.io/tx/0x0b78dd1fea8a2fb1b55a8c590d4bcb671d7ae3577dbb72b18564214c7053497c
2023-03-31 02:55:11,False,0.09067,5.018e-05,25575.0,1.2835,0xc6...fed0,https://etherscan.io/tx/0xac31626328bf6100ec84db4575bdf61bfcd17664d276fee4de9e65a997616370
2023-03-31 02:52:59,False,0.09082,5.037e-05,2000.0,0.1007,0x0d...f76a,https://etherscan.io/tx/0x32590a79bbbbddfba40c539f388e1556ab02b088ed81716412bbcf2cc7bf6fd9
2023-03-31 02:50:23,False,0.09073,5.041e-05,2279.64,0.1149,0x76...7d5e,https://etherscan.io/tx/0x81f48b63d0e0ffcc4ce7bdb1c1e33ae155d3092c586f62233965c2dc04b1efa3
2023-03-31 02:49:59,True,0.09133,5.072e-05,1084.56,0.055,0xaf...3b17,https://etherscan.io/tx/0x5acd433e287828c778e98a302a3ed2fa5da43dea850f7ec5ccd8670372460f06
2023-03-31 02:49:23,True,0.09131,5.071e-05,376.721,0.0191,0x88...2ee4,https://etherscan.io/tx/0xf36a6c419e119b242bf8015b1d8a807c44384ceec7d80bb72f999b1020c9045a
2023-03-31 02:47:59,True,0.0913,5.07e-05,301.465,0.0152,0x02...c0d4,https://etherscan.io/tx/0xd982e31bb84a52fbe7a953c31e45113168ea23a4e62fdf58898f83c4f16353cc
2023-03-31 02:46:23,True,0.09128,5.069e-05,1810.64,0.0917,0x0a...19b6,https://etherscan.io/tx/0x768a44dd45afd4d1bd84fc45003c2a721dc50f9923a3c6c7dcbe4ef61a2d5c70
2023-03-31 02:43:59,True,0.09122,5.067e-05,1042.98,0.0528,0x8e...b417,https://etherscan.io/tx/0xaf015ec85f34813b985e8490bc92ed5e03a3c89ef1c7d9012bfe91823c27762c
2023-03-31 02:31:59,True,0.09127,5.064e-05,3170.98,0.1605,0x6a...f219,https://etherscan.io/tx/0xd6ad6e1cdfe00eb7d55e8c4f254e664abe8025febedfda47665686617fc44948
2023-03-31 02:28:35,False,0.09048,5.044e-05,17995.7,0.9077,0xc6...fed0,https://etherscan.io/tx/0x8b201ebd5ae42043200f0d319e120c676a745f9c9d8cdde552e5c7e386cd96f4
2023-03-31 02:27:59,True,0.09115,5.085e-05,2923.84,0.1486,0xfd...95fd,https://etherscan.io/tx/0x359dfed62bb3be79fc084e019c3c2b8d5f001aa368455a2f1d0d31aec7b2fd0b
2023-03-31 02:27:11,True,0.09103,5.081e-05,1950.56,0.0991,0xf9...5828,https://etherscan.io/tx/0xdf70b03f8eb9195f1dc1fa066afa7f67a8601709c44587ea9d583899471ff917
2023-03-31 02:15:23,False,0.09058,5.051e-05,1288.0,0.065,0x44...0b92,https://etherscan.io/tx/0xe1859c9adb95ec7c12eab393652f93b14a91f9411c7b6a11c14b06ae429bdb38
2023-03-31 02:14:47,True,0.09111,5.08e-05,3121.99,0.1586,0x8e...1566,https://etherscan.io/tx/0x8f8468efc075fd9b6040fc9b2355735100551bee8d667b78e65ce1b2fc543021
2023-03-31 02:09:47,True,0.09116,5.077e-05,54.0342,0.0027,0xbf...9a66,https://etherscan.io/tx/0x97b577342fc2644c70e02418867e42c79f27b9e3cf64bae56f5ef69530a94612
2023-03-31 02:03:35,False,0.09075,5.054e-05,9827.28,0.4967,0xf2...fe01,https://etherscan.io/tx/0xe2ba2327ae4d3f352eb73debdda117c2184aca29548c4c7203d39b07e3690a4f
2023-03-31 02:02:35,True,0.09129,5.09e-05,1755.65,0.0893,0xc2...da18,https://etherscan.io/tx/0x8198c36a7e82ec08cc9f97b29d373312a9fadd253457590d5cd99cd98cdc26cf
2023-03-31 02:01:23,True,0.09126,5.089e-05,389.566,0.0198,0xf7...f22b,https://etherscan.io/tx/0xad53de606c7b93b33d8fd04f2ba2dc3550f105cf940c4a765110aab869297048
2023-03-31 01:51:23,True,0.09108,5.085e-05,4000.0,0.2034,0x79...6dc9,https://etherscan.io/tx/0x0555d1d3cf5de88920ca91fb0ece8aa1fb6f876e91a03203f09cda8a36cd2292
2023-03-31 01:47:35,True,0.09103,5.083e-05,11.7008,5.947e-05,0xd7...5cd3,https://etherscan.io/tx/0x253967f60e430d43e38aa1ca67c83f7f15fdcf8ff282111a33d21861cac0e2da
2023-03-31 01:46:59,True,0.09102,5.082e-05,1209.29,0.0614,0xee...0319,https://etherscan.io/tx/0x969c067e62cb1825f18b3aa7965d535d572b054456250a14127b4097ca88dd7f
2023-03-31 01:45:35,False,0.09047,5.051e-05,777.0,0.0392,0xe9...009a,https://etherscan.io/tx/0x00b0c5696e7271f8eed77f3ab97fe489ffefa8bd4d5ec02413b244278b1edb6f
2023-03-31 01:44:35,False,0.09068,5.063e-05,15869.3,0.8034,0xb7...91c9,https://etherscan.io/tx/0xc4b57209476be4dd216c0b4fe1b75cb9f5088527e78da0d2802a650716b75c65
2023-03-31 01:39:59,True,0.09131,5.097e-05,10649.1,0.5428,0xe2...635d,https://etherscan.io/tx/0x6e026ac59d5d53472a3a5d274ecb3a3be3c8609994721a3298e57a1896332a2a
2023-03-31 01:28:47,True,0.09104,5.088e-05,1285.61,0.0654,0x37...bfc6,https://etherscan.io/tx/0x7dacd29147a77796d398c108e6fa8c88dfa262eb9ba24e2eab2b099f686369f2
2023-03-31 01:25:35,True,0.09103,5.087e-05,762.784,0.0388,0x62...7a71,https://etherscan.io/tx/0x87ff139233d1258aff2437fc849ea39ff7c64df36fe60dd364610779ec8986bf
2023-03-31 01:22:23,True,0.09095,5.084e-05,3041.21,0.1546,0xc3...39c7,https://etherscan.io/tx/0x357dd47d5e881e6a9aa94ab56ace0fb295f819da485960e86386a3b60bf3dc12
2023-03-31 01:21:35,True,0.09091,5.082e-05,308.678,0.0156,0x00...f126,https://etherscan.io/tx/0x745149c12415380990292c32b866f86c4b58caaed7e2352c9c699bb2b7adeedc
2023-03-31 01:17:11,True,0.09078,5.08e-05,1748.21,0.0888,0x1a...e7f0,https://etherscan.io/tx/0x41addd7264e6ace969c6fb1ba3f226c47cd343e8f1eaa5ae604c1719fc6ec9d5
2023-03-31 01:13:35,True,0.09071,5.079e-05,89.9189,0.0045,0x2f...1061,https://etherscan.io/tx/0xeb109b5f236492d7e6f4acd2fa1f2b00e4c345420f1fb586bd47fb18758efbaf
2023-03-31 01:12:59,True,0.09063,5.075e-05,5457.63,0.277,0xaf...d794,https://etherscan.io/tx/0xb405b4e0506867a38686ef4d90dddae573336702fa6bf723ee2f4dee14c4b579
2023-03-31 01:08:35,True,0.09058,5.071e-05,773.011,0.0392,0x2f...1061,https://etherscan.io/tx/0xbb28990db6399d95e4ea69c8e02b712d4fb6aee4209e8be3b2ac66f30e19ac9a
2023-03-31 01:06:47,True,0.09056,5.067e-05,3824.58,0.1938,0x84...cce8,https://etherscan.io/tx/0x7c1f0a97b6cdce76a103c0edb622725065889d2e16902d403b319e8b0efca9af
2023-03-31 01:03:11,True,0.09023,5.057e-05,10441.4,0.528,0x17...e4b6,https://etherscan.io/tx/0xa52a1a3b30c0a1c733ea4b821e7268ae27671bbb0a5eeacbd87ab654ef823921
2023-03-31 01:03:11,False,0.0896,5.022e-05,3634.91,0.1825,0xd8...62e3,https://etherscan.io/tx/0x8e5da776d81e18e2fa2379812ff6a6b01c8015ae7f51edfc38dbeb5210e5a988
2023-03-31 01:01:59,True,0.09012,5.055e-05,547.561,0.0276,0xd0...e777,https://etherscan.io/tx/0x0d96102368f8adc390512eee409684c9058955ed45793b62a52a6c99e091fc57
2023-03-31 01:01:35,False,0.08958,5.024e-05,333.0,0.0167,0xd8...62e3,https://etherscan.io/tx/0xfdf4abc8677d2afceee4f905a023e6de33b0718b2d280cb50c05d1c9e01ffc4b
2023-03-31 01:01:35,True,0.09005,5.05e-05,5939.54,0.3,0x3d...ea76,https://etherscan.io/tx/0xbb3924385e43f697d0db10069fecd85e58526f6173128f5b77a257d05b837d4e
2023-03-31 01:01:35,False,0.08984,5.039e-05,32418.5,1.63367,0x3d...04e4,https://etherscan.io/tx/0xbb1fb7dc179759728775313a1ca02f1bfaacbd5b085797481a7d2e58da6e78db
2023-03-31 00:49:11,True,0.09101,5.091e-05,1754.0,0.0893,0x90...f770,https://etherscan.io/tx/0xe3bb8940ea51456fb95b6fcab2ebb4acf76d9ef40e2eb066f76014410b662df0
2023-03-31 00:48:35,True,0.09084,5.078e-05,21665.9,1.10029,0x78...c8ad,https://etherscan.io/tx/0xfbfbf1a1abc8ad97af3a9ec5f380652a481d9bc215c828cde83fae6925004cfa
2023-03-31 00:47:23,True,0.09081,5.066e-05,391.335,0.0198,0x92...0478,https://etherscan.io/tx/0x77c519d770f8038aef8fc1629673c6b09aaaddb86b73600fd9de5721a9efe61b
2023-03-31 00:42:47,False,0.09026,5.036e-05,2500.0,0.1259,0x58...b867,https://etherscan.io/tx/0x3a7dea790b5160dc1bdff8a03979df74080e39dd834a76c7b18993f00d42fa67
2023-03-31 00:36:23,False,0.09044,5.044e-05,10500.0,0.5296,0x79...4dce,https://etherscan.io/tx/0x3fc2d38f3be57568fa15e386c8f2de79a2152bdf1f59c95ef60ddb12f772bd4a
2023-03-31 00:30:47,True,0.0911,5.078e-05,3318.14,0.1685,0xe0...0a76,https://etherscan.io/tx/0x11d955236eca36836e3d64472ea804d7ffbed96d114cf7392f01d6676117935f
2023-03-31 00:21:23,True,0.0911,5.076e-05,380.526,0.0193,0x06...c199,https://etherscan.io/tx/0xc35820cc924c7dadc02dd97525c314ba8432c4beabb5a780176a38527ba03df9
2023-03-31 00:19:23,True,0.09105,5.075e-05,1953.16,0.0991,0x21...89a3,https://etherscan.io/tx/0xf4895356076847b1b83a15c7f612e6f075313a301505a763e21211c0a8163e68
2023-03-31 00:14:59,True,0.09097,5.072e-05,2175.85,0.1103,0x16...29d3,https://etherscan.io/tx/0x556fdd0127586c0b2151d9d9dda0a6d52d00ddc094e1a3d6eb9cfc183995314f
2023-03-31 00:12:47,True,0.09092,5.071e-05,511.8,0.0259,0x2c...2492,https://etherscan.io/tx/0x6fbb893a50beac68e7336100d9407dc08cd3ddf1b8fc84b477f006197ee68a04
2023-03-31 00:00:11,False,0.0904,5.044e-05,6000.0,0.3026,0xc6...fed0,https://etherscan.io/tx/0xfc7eb96a530458439080f12824c7de490336ea4f6de98cdc4ad01a6e6f1216db
2023-03-30 23:59:23,False,0.0905,5.05e-05,4990.47,0.252,0x5d...bb2d,https://etherscan.io/tx/0xc3933959560395087dbffa376cf7fa221eaf261f287c22cdb9c6a273ed210944
2023-03-30 23:55:23,True,0.09101,5.083e-05,619.214,0.0314,0x51...5e84,https://etherscan.io/tx/0x7f5daa9e0e10489d13952989372f61cbf650e654c913a9b642be4c2931946126
2023-03-30 23:52:47,True,0.09099,5.081e-05,1638.89,0.0832,0x37...6347,https://etherscan.io/tx/0x6756bef5e493452aaedb993e993cc0e59f7fc058388a751586f42abc5f0fa25a
2023-03-30 23:49:59,True,0.09091,5.079e-05,1631.05,0.0828,0xd6...a17f,https://etherscan.io/tx/0x9bb7fd072f9e979a6e53110c8410cd9bb2b59bbfc085887142ca499870d0f315
2023-03-30 23:47:35,True,0.09101,5.078e-05,253.725,0.0128,0x48...6dd8,https://etherscan.io/tx/0xd3d8ca8c7c265199684f17f349944ca6ba5a00f170812313201ece140538a427
2023-03-30 23:46:35,False,0.09047,5.048e-05,1000.0,0.0504,0x24...0161,https://etherscan.io/tx/0x60a0011d73135fbe2b49d0394db011451e720c3d086e7365fb8209d5ac1c544b
2023-03-30 23:43:11,True,0.09092,5.073e-05,11332.2,0.5749,0x80...c2c7,https://etherscan.io/tx/0xe5604b1c65e00744fdd640888aa3af0573bd8767f63bf520f8c1711234ef0ef5
2023-03-30 23:42:23,True,0.09075,5.063e-05,5676.81,0.2874,0xaf...f91f,https://etherscan.io/tx/0x3e567fc27a2e5aee5174be9fb84c4dbdf4b177cfd1be8d5d106c5e5ee64b6661
2023-03-30 23:39:35,True,0.09067,5.059e-05,2401.44,0.1214,0xb9...4e0a,https://etherscan.io/tx/0xdfed221f5ee7a03b394e76f74994c75ab2c4d4780be2ad9518d3897b13db6c29
2023-03-30 23:38:47,False,0.09022,5.034e-05,12123.0,0.6103,0x6a...344b,https://etherscan.io/tx/0x743c7e10a7e550f509475edfd3c5154b4b8a70d2e02b52c78e832958ca87cfe6
2023-03-30 23:30:11,True,0.09091,5.07e-05,1954.96,0.0991,0x28...cc96,https://etherscan.io/tx/0xdc141c3ae24869c2a3ddcf89062eb7ca5406ee4aa273c29898c09bbcf66ecd47
2023-03-30 23:27:23,False,0.09047,5.045e-05,12180.0,0.6145,0x13...f36f,https://etherscan.io/tx/0x677b4a019e10be500b98c1bf91be2ca857e4edd81233c55e41399e31aa195bf1
2023-03-30 23:26:11,True,0.09103,5.078e-05,7792.68,0.3957,0xe3...f9dd,https://etherscan.io/tx/0x54e5e6f3cd84d752d3abc7a21547ad815518a2b0524d228fa9ae464db310cd28
2023-03-30 23:25:35,False,0.09041,5.044e-05,1110.28,0.056,0x3f...6d16,https://etherscan.io/tx/0xcb4ec33fb117297c4cd786fd4334c47fa818e1a8aa1537a1ab6dfb511656e901
2023-03-30 23:22:11,True,0.09098,5.073e-05,4357.34,0.221,0x07...626c,https://etherscan.io/tx/0xfdad26ac0e64035ce1f66c3ed480e25d0f328691d1ef4809e3ca7959bc7cbe02
2023-03-30 23:19:47,True,0.09099,5.07e-05,392.954,0.0199,0x80...bc0c,https://etherscan.io/tx/0x9d2e879c6f41b964dc59ad462adf8781832143209a1fcd048c4db22a2e1a084a
2023-03-30 23:15:23,False,0.09049,5.042e-05,5000.0,0.2521,0xdc...7820,https://etherscan.io/tx/0x445b10f21a5d38b1590e1dad22fb267c5ee011aaa8ce9d2dac8b0283bdaefd69
2023-03-30 23:12:47,True,0.09107,5.075e-05,293.129,0.0148,0x3b...5c90,https://etherscan.io/tx/0x4f44186d234038a25b1ca0c369473b33af2fc886de54ccb961b433e1f49255fa
2023-03-30 23:11:47,True,0.09095,5.068e-05,11733.6,0.5947,0x41...3e77,https://etherscan.io/tx/0x1eb9ca50e407afd942d2246d135db4f866eb3242e44732dd29e8484a86cbf648
2023-03-30 23:11:35,False,0.0903,5.032e-05,1200.0,0.0603,0xe8...d181,https://etherscan.io/tx/0x0d5b1c7933bf22e0bbe75db493f6f85cd327861e80729428d9ad7ae6dae19362
2023-03-30 23:09:35,True,0.0908,5.06e-05,5928.63,0.3,0xac...6017,https://etherscan.io/tx/0xdf2c6981a6ca243a05fba076be8008b5665348f67c277da942e2ef6ba042a46d
2023-03-30 23:06:59,True,0.09076,5.055e-05,2373.64,0.12,0x32...a438,https://etherscan.io/tx/0xbcdda1b7d08d9f835502a2784c36f52179599bca3e61995187e5cac37bed983a
2023-03-30 23:03:47,True,0.09083,5.054e-05,353.037,0.0178,0xee...c0a0,https://etherscan.io/tx/0xdcc228945ec176316ab3204661f5a4e5a0a751af1499d7e6777f4ac4a3abab14
2023-03-30 22:59:47,False,0.09027,5.026e-05,5999.0,0.3015,0xa9...31ee,https://etherscan.io/tx/0x5c75da5fa1726ebed69cdd6f9c2131843ffec0a100e9bf3f1617a41b810c245f
2023-03-30 22:58:47,True,0.09084,5.058e-05,2939.15,0.1486,0x5b...6fc9,https://etherscan.io/tx/0x30130780718c55a4e0bde8f6cd687d16b5db4549ac6215f32cc7705dd58294d3
2023-03-30 22:56:23,False,0.09029,5.028e-05,2406.0,0.1209,0xc6...fed0,https://etherscan.io/tx/0x9e3c66f0fd6b73bd93cb99cdf625bdda198b83256b61aac0a62c055c03be696a
2023-03-30 22:55:35,True,0.09085,5.059e-05,753.392,0.0381,0x05...b919,https://etherscan.io/tx/0x4f056da2d02f4ce9554c8be0b0fea8be4a22e133beb9da52346ed371ad8f1cb2
2023-03-30 22:54:35,False,0.09032,5.03e-05,3000.0,0.1509,0x68...7016,https://etherscan.io/tx/0x71b6a0a4856e159ff8bb882fb99b677504645b571ea90a913d9d6c4081ea3b90
2023-03-30 22:48:59,True,0.09096,5.061e-05,1762.59,0.0892,0x2c...847d,https://etherscan.io/tx/0x346fe6dc13156d5650be0c53832decae2e051e365acf1b023437271f26a92ee5
2023-03-30 22:41:35,True,0.09081,5.059e-05,2018.12,0.1021,0x3b...5c90,https://etherscan.io/tx/0xa5b1904d5369b16d94c50188d9bbef4003233067bc2b9d0046f1a9936099952a
2023-03-30 22:40:23,True,0.09059,5.047e-05,19639.8,0.9912,0x49...bf43,https://etherscan.io/tx/0x6d0f898051b7cbf63fbdcc93f5f399be58c6760a5ba716b56a68cffcb63ed0db
2023-03-30 22:38:23,True,0.0903,5.035e-05,628.328,0.0316,0x12...2ec7,https://etherscan.io/tx/0x60e3034e43410d02480340be5c4918b73791a353c487999e4dff1b04f3060800
2023-03-30 22:37:59,False,0.08979,5.009e-05,8354.79,0.4185,0x4f...7447,https://etherscan.io/tx/0xc9491dcd70a1ecc801d7674b0b9877bcc3786a0a85f9b2d1ffe6dcdd3d6ebb18
2023-03-30 22:35:47,False,0.08969,5.02e-05,10000.0,0.502,0xd8...9753,https://etherscan.io/tx/0x465ea3714ce4731d1a6ab65f9da3a26a5349f98c5cf8cac0b14a852ff327506b
2023-03-30 22:34:35,False,0.08982,5.027e-05,3000.0,0.1508,0x82...bf59,https://etherscan.io/tx/0x33028269107edbefbde4466660c9a8514d08ffffaffe4d41288195ad307caa7e
2023-03-30 22:33:59,False,0.09003,5.041e-05,22500.0,1.13438,0xc6...f206,https://etherscan.io/tx/0x56af10792b2b5925dfadfcd9ed5487c326c59cd0f594c4ab0a86d52835e7b21d
2023-03-30 22:33:11,True,0.09079,5.084e-05,876.679,0.0445,0x46...b3ea,https://etherscan.io/tx/0xdcc5cd51712d294702b963ac11020a336ef85027d09820554067b3ee7e2c14af
2023-03-30 22:26:59,True,0.0907,5.083e-05,877.514,0.0446,0x89...99ae,https://etherscan.io/tx/0x6a96216066500055dd8c1d5f5cae2e01ddb6d6b52e162c6ad112bc46ae48491b
2023-03-30 22:23:35,True,0.09053,5.08e-05,3511.78,0.1784,0xc4...38c6,https://etherscan.io/tx/0xcf6935cee1020f7c789323479e19902f514c0de018cc36a324a99def03754b81
2023-03-30 22:23:35,True,0.09047,5.077e-05,2196.26,0.1115,0x71...e171,https://etherscan.io/tx/0xdb6fa6bd14ab407762e5f7f806f70e8102255b1ed757eff41c829d21ad9da4e5
2023-03-30 22:22:35,True,0.09037,5.076e-05,410.088,0.0208,0xa6...c774,https://etherscan.io/tx/0x2c44eb073f2882df4d669bf6a41f9cefcded8c9ca23f97d45d506f07a029c201
2023-03-30 22:19:35,True,0.09023,5.068e-05,12711.8,0.6443,0xa7...2ed1,https://etherscan.io/tx/0x6fb83b2f5278aacdbcbe259249a71c1182f3a4be0103f7ca56a677f16f13dbcf
2023-03-30 22:17:11,True,0.09005,5.059e-05,3953.18,0.2,0x6f...1bcb,https://etherscan.io/tx/0x26c7f5a3634c16ddcdca82a759a39c86ef8dcdbbfeb7a4704a80f45d9ef0be81
2023-03-30 22:15:47,False,0.08965,5.036e-05,17128.2,0.8626,0x53...0432,https://etherscan.io/tx/0x76e5e71c68b5eff77d66cad76958adf1ffd3133fd99678ec6b836d8330e60082
2023-03-30 22:12:59,True,0.09035,5.075e-05,878.805,0.0446,0x05...6919,https://etherscan.io/tx/0x7b462006e4aed3b54935c20df8dcf44f443edc87f685b0dc516d6bda88f970ed
2023-03-30 22:11:23,True,0.09033,5.074e-05,1953.52,0.0991,0xa1...d9d4,https://etherscan.io/tx/0xa24c4ce4e00cde91cf2f0f38e9db740f62f003e99e2d3b51c7a4a39c8bc885e7
2023-03-30 22:11:23,True,0.09029,5.072e-05,1560.63,0.0791,0x7f...18eb,https://etherscan.io/tx/0x663005d2432fb9735f6529408e5aab2c8e07172ccac6a197c55dcaa641ac90e7
2023-03-30 22:08:23,False,0.08984,5.043e-05,4266.24,0.2151,0x2e...f345,https://etherscan.io/tx/0x732d695fcb83267b6cc0889a6dd8f1750b9002ace0d99a9996ddf5b65d31566a
2023-03-30 22:01:23,True,0.09038,5.075e-05,1926.05,0.0977,0x2e...f345,https://etherscan.io/tx/0xdd4804c5e3d2c29721526b42674bb0c6c58cfbd24f4d2cabb8c81845182cddd8
2023-03-30 22:00:35,True,0.09035,5.073e-05,996.452,0.0505,0xee...c0a0,https://etherscan.io/tx/0x6997c39383a9fdc06f9854ce41edd7ffde0535af9052f0fbe14e4b2f1ebd8a9a
2023-03-30 21:58:35,True,0.09036,5.072e-05,876.555,0.0444,0x75...8825,https://etherscan.io/tx/0x32b056b267c1f1a5deb83d748f1dcf36d21c2ae61ebd268613e1ba726f44dc39
2023-03-30 21:54:59,True,0.09032,5.07e-05,1648.19,0.0835,0x93...28f1,https://etherscan.io/tx/0x11beb88388844beebc5095dfd63aee3436d788e24d48883a2a03485d191c1353
2023-03-30 21:54:47,True,0.0903,5.069e-05,711.295,0.036,0xda...30e6,https://etherscan.io/tx/0x170c0ac5a0fc682cdb812049e77effdd0b5cfad38b0ad97326cd6fe1fa0b4e3d
2023-03-30 21:48:11,True,0.09017,5.063e-05,9826.13,0.4975,0x41...73ca,https://etherscan.io/tx/0x095b4533cf145386cbd1c880ba9ef5365b0791eb00076991767c71d84edaeb6f
2023-03-30 21:38:23,False,0.09,5.054e-05,48000.0,2.42628,0x8b...2a7e,https://etherscan.io/tx/0x6a50a72d97213f09142e95f651d85ccc422558118a3db5c4aba7c6fc108195a7
2023-03-30 21:35:23,True,0.09105,5.112e-05,49.0684,0.0025,0xdf...2afc,https://etherscan.io/tx/0x97bd391b32b1e2f00952881420fdf3909869ec1175d4a9ae9992fb5ec92b3808
2023-03-30 21:34:23,True,0.09111,5.112e-05,332.539,0.017,0x90...4fa8,https://etherscan.io/tx/0xc3232edda7919571ef137a3e39422d5ad0414874bd70ad8d74b56ad86504421a
2023-03-30 21:31:47,True,0.09107,5.11e-05,3006.57,0.1536,0x8e...3958,https://etherscan.io/tx/0xf52500c32d8fad017b718cf48028ed20b23949e2254c3af34d7ac88a8303d450
2023-03-30 21:29:47,True,0.09104,5.108e-05,217.85,0.0111,0x79...4b86,https://etherscan.io/tx/0xb4a2e1c43ca28a31a421f5d7ee922843061f4c33e8269ceec79326db82718722
2023-03-30 21:25:35,False,0.09033,5.078e-05,1300.0,0.066,0x19...372c,https://etherscan.io/tx/0x1a388293df1c89ed5d14a793767a7f61a5e22f9129eb9a8dc3dbc4e564a83136
2023-03-30 21:24:35,True,0.09089,5.109e-05,28.0915,0.0014,0x7b...07ce,https://etherscan.io/tx/0x83f53a41a584652b247e31526f30462dd8764dbf46a485e7632fdd117c2e591a
2023-03-30 21:21:11,False,0.09035,5.079e-05,1000.0,0.0508,0x26...3587,https://etherscan.io/tx/0xf978e3b51a56ccebb690e763be2a9f625821d44b7d6b1258f2f1c2878a7f37a6
2023-03-30 21:18:59,False,0.09029,5.08e-05,444.08,0.0225,0x2e...127c,https://etherscan.io/tx/0x9aae7447cd4459ee428649880f5824504afd9ea3fac482a7efe8ca794dcf3f9b
2023-03-30 21:16:11,True,0.09086,5.111e-05,67.4977,0.0034,0x0f...4b28,https://etherscan.io/tx/0x5d43dc4cb587e33e96b9e7fda58e5823e7bf77d8d65c740e7ac63e85e7721aa4
2023-03-30 21:15:23,False,0.09091,5.114e-05,59336.0,3.03482,0x77...65d1,https://etherscan.io/tx/0x79d7a1b8cb167b7ce7377d53acb4b3fc67877d7545e7a89b273acca342fecd60
2023-03-30 21:15:23,True,0.09172,5.159e-05,34002.7,1.75451,0x91...e6e4,https://etherscan.io/tx/0x925f4f9607c93b23287f4598c572086da8059ed91399dc71f56ae709932a2284
2023-03-30 21:15:23,True,0.09076,5.106e-05,59336.0,3.0298,0x77...65d1,https://etherscan.io/tx/0x9d235ff41c01cf735b241400278fec9224a0dec8d19e0ee4f478bc6e25e24231
2023-03-30 21:14:47,True,0.08985,5.054e-05,31231.6,1.57869,0x7c...4967,https://etherscan.io/tx/0x44342311b5ad36c42fe0711f4d66545f02dee804c6b8871ec9b6636430f07f40
2023-03-30 21:11:59,True,0.08949,5.036e-05,1836.03,0.0924,0x98...b17d,https://etherscan.io/tx/0x3d09d54b245217ff2b2c5a42071b85f6191459aa54b350519bb245a64215ddfc
2023-03-30 21:10:23,False,0.08896,5.005e-05,1000.0,0.05,0x54...a320,https://etherscan.io/tx/0x2af6e41dc326c8f2bf828a0e75b50fd9a63f8ba59ddd3d9899dcfcbe1a9afba2
2023-03-30 21:08:35,True,0.08949,5.035e-05,1699.41,0.0855,0xf5...5931,https://etherscan.io/tx/0x4e6541a047705e0a55b66638f5a74569dd44f49595e46b799743df37a145af07
2023-03-30 21:08:11,True,0.08942,5.034e-05,221.399,0.0111,0x31...3347,https://etherscan.io/tx/0x4c475f3e6b86465c01fcf08f7cfbcb678d7ac1ed93bee474a2bc7122f71ce679
2023-03-30 21:08:11,True,0.0894,5.032e-05,2214.59,0.1114,0xc9...09a3,https://etherscan.io/tx/0x84676c7fcdd3f141fb9d77915a264f9f52ca4da667224fa5b09127e44d58bc53
2023-03-30 21:07:23,True,0.08935,5.03e-05,2009.93,0.1011,0xfb...f01c,https://etherscan.io/tx/0x7c2d03f4fc95b91cc9c5bcd3b93c000aafa6f48136ef00f6143e4e621cc76518
2023-03-30 21:06:59,True,0.08932,5.029e-05,157.674,0.0079,0xcb...34a0,https://etherscan.io/tx/0x0a9c3dc38917c07c71cb6e16ddee412c57ffb950e6fb218874f8587d4442b76c
2023-03-30 21:06:47,False,0.0888,5e-05,1639.0,0.0819,0xba...4216,https://etherscan.io/tx/0x4692484083a48740a96cabbd8c3844b27db59c780b72ce8eaff8f08fe34e018b
2023-03-30 21:06:47,True,0.08934,5.03e-05,906.406,0.0456,0x78...9317,https://etherscan.io/tx/0x4c83616fb1d93f4825d6eda2ba5f647966336221d926d7111c46c934ac448ef9
2023-03-30 21:06:35,False,0.08882,5.001e-05,2700.0,0.135,0x18...263b,https://etherscan.io/tx/0x5a5803981bda3b6f86bb635736d24dd7a53da9afe332f5f0724913a4168f5fc7
2023-03-30 21:05:35,False,0.08886,5.003e-05,1583.87,0.0792,0xc6...fed0,https://etherscan.io/tx/0x927d78542c58651d6e594b741dedb3620b92df1423b19775179f13b607df427d
2023-03-30 21:04:35,True,0.08941,5.034e-05,49.2197,0.0024,0x0d...f257,https://etherscan.io/tx/0x4873d86f7f5279ba052ba224bd4d834ec92e50726734420623bc2242dc6d112a
2023-03-30 21:03:11,False,0.08894,5.005e-05,1097.0,0.0549,0x07...081e,https://etherscan.io/tx/0xe886d52d012e688f7c56a81bb70c3fd51f90253f2646116cc4903f3cce047f52
2023-03-30 21:00:23,True,0.0895,5.035e-05,354.312,0.0178,0xbe...8085,https://etherscan.io/tx/0x19bcc3e32c6419516f7eff071797c37202d56e6d308a39cc971deace5506b321
2023-03-30 20:58:23,True,0.08949,5.035e-05,607.644,0.0306,0x34...ae76,https://etherscan.io/tx/0x83d79050f1d1822b19b136fa6341d956954027aa08dd3b5f07b6836265275b9c
2023-03-30 20:55:35,True,0.08936,5.033e-05,1986.56,0.1,0xef...4fc7,https://etherscan.io/tx/0x58fd320d6b1a9f4f0141bcf46ac9a2ac9ef880bffe169ad79f3bde99fbad9247
2023-03-30 20:53:11,True,0.08934,5.032e-05,1220.95,0.0614,0x42...cf69,https://etherscan.io/tx/0xab64526e1b9dfb23935f4807e0464efdbe010b3981b8841804b43f5ea775d14e
2023-03-30 20:49:47,True,0.0893,5.03e-05,1182.24,0.0594,0x2a...bf45,https://etherscan.io/tx/0xa03fe7cb5d118b169ec2668e3e166b9ae77b58b049003dc52eb3e584e1fdb42b
2023-03-30 20:42:59,True,0.08923,5.031e-05,48.5272,0.0024,0x4e...e23e,https://etherscan.io/tx/0xb57c694ad1f8462f9e3a145890ceef025982de2fa81963248fd999a31f7b938d
2023-03-30 20:37:23,False,0.08874,5.002e-05,4500.0,0.2251,0xec...c1d9,https://etherscan.io/tx/0xc9363eb285b90d45d83aa08e13613eaaae0cd9dbbc923396474d5defdc9b5f93
2023-03-30 20:35:11,True,0.08917,5.028e-05,11433.1,0.5749,0xa8...899c,https://etherscan.io/tx/0xca29543e16b41378cb89cdc96e0db531575e4a0a42595120dde499b211f13391
2023-03-30 20:31:59,False,0.08854,4.998e-05,12000.0,0.5998,0x5e...86b8,https://etherscan.io/tx/0xf25ce786edcc067c6e71db485d7184a15638dd808346f395b641fc7d29256426
2023-03-30 20:29:35,True,0.08916,5.032e-05,4923.92,0.2478,0x3b...6bbe,https://etherscan.io/tx/0x95a1b1dec4fac223e7fcdd6ccf545d6d302f5fe22839a2ca9246ce311c22cfa6
2023-03-30 20:29:11,False,0.08858,5e-05,375.462,0.0187,0xd8...25f1,https://etherscan.io/tx/0x6731e7d9f8e960a0f488dcdce5a770e894743309140085e5b702d7caef0fa01e
2023-03-30 20:25:23,True,0.08908,5.029e-05,1384.6,0.0696,0xbe...72c9,https://etherscan.io/tx/0xbde7300e6d88b50e46891842d970d680063512f4c5c875f8dad68502f01226bc
2023-03-30 20:24:47,False,0.08857,5e-05,3000.0,0.15,0xa1...5a53,https://etherscan.io/tx/0xa1233b34fb5463f8f5745625b22eca6d6722bdeed784e99f51a495fb6938ef47
2023-03-30 20:20:35,True,0.08911,5.031e-05,2167.28,0.109,0x07...6016,https://etherscan.io/tx/0xd993c9a3586640c6cf72e7d2c673364a8e7df8545710b6f4535ba46f84d71dac
2023-03-30 20:20:35,True,0.08902,5.026e-05,6674.69,0.3354,0x2e...f345,https://etherscan.io/tx/0xbe9d3491067010dbeb50be47b7dde845b27aa97992871cee497f78ef62beb5a8
2023-03-30 20:14:35,True,0.0889,5.022e-05,33.4058,0.0016,0x46...31a4,https://etherscan.io/tx/0xd8d93fd3d8054f02010a10d59f1a22916b455123208ea30280874638bdd65540
2023-03-30 20:14:23,True,0.08884,5.019e-05,5616.67,0.2819,0x0e...ab8d,https://etherscan.io/tx/0x67b7510ee54cbe4e8e6fe06aa9a9995b0ca1068e3febb7285f89b406d7d17492
2023-03-30 20:11:11,True,0.08873,5.016e-05,278.562,0.0139,0xf7...1bf5,https://etherscan.io/tx/0x9a41e56c6271cd1eb112602cbf82647a430751aee8867ed168f3cf5db47507d2
2023-03-30 20:10:59,False,0.08822,4.986e-05,1778.1,0.0886,0x33...f878,https://etherscan.io/tx/0xc70008e73907d57bbec0f5d04f09d792565d0ceafe3f9849bde74b3db2bdc045
2023-03-30 20:09:35,True,0.08871,5.014e-05,5139.16,0.2577,0x89...1b52,https://etherscan.io/tx/0x120f77ac3e99bb274574f29095ae6f5ed301d28c4daabddc854c928ae745055b
2023-03-30 20:07:47,False,0.08858,5.005e-05,42000.0,2.10224,0x1d...e0ab,https://etherscan.io/tx/0x554e3b2850425f004a18298fc90e8708ac5842d0d9ce19f35656eaf0ec3a8c42
2023-03-30 20:07:11,True,0.08951,5.058e-05,1472.09,0.0744,0xd0...3481,https://etherscan.io/tx/0x74d366650bd834cdf59e061360e5f319bfe8d3ae439a1bb81227417f57fe9ccb
2023-03-30 20:03:35,True,0.08951,5.054e-05,4898.29,0.2475,0x54...48db,https://etherscan.io/tx/0x183437a3e0c37019290d3ae1ec8db549e91fe972082bed63a3961c5148a72f1e
2023-03-30 20:00:11,False,0.08887,5.023e-05,3731.39,0.1874,0xcf...116f,https://etherscan.io/tx/0x8e58d204f8b1281b8778c43f18927803c6e350921ee69a611333adc6498e0afb
2023-03-30 19:59:59,True,0.08944,5.055e-05,229.015,0.0115,0x34...5c01,https://etherscan.io/tx/0xc69167e564e692a5e222ffb9bd8f6b398597cb0d8b842c39a7c08a955844a288
2023-03-30 19:58:35,False,0.08913,5.036e-05,20453.4,1.03021,0x1b...2195,https://etherscan.io/tx/0xbd3824fc2e36094b3a850b4a36d93097b5c7ecc855ed1dfc0ace89b03e2bf06d
2023-03-30 19:54:59,True,0.08978,5.075e-05,5516.57,0.28,0xc5...eef8,https://etherscan.io/tx/0xb7e1bd0f50f5d86a18dcbdb8fe1687a0f2af6d22014aa1664fe866f531893a54
2023-03-30 19:52:35,True,0.08966,5.067e-05,8387.37,0.425,0xc5...eef8,https://etherscan.io/tx/0xe8a501498447ebf2943b9f23bd22b99feb447764471545def32230833aa68445
2023-03-30 19:45:23,False,0.0892,5.038e-05,10000.0,0.5038,0x2e...f345,https://etherscan.io/tx/0x58d471d727c04d460521563f8162a39bc2413e3d74c5c710fad75cf19010bf34
2023-03-30 19:43:35,False,0.08964,5.069e-05,45000.0,2.28119,0xd6...7587,https://etherscan.io/tx/0xc682d71fd659289604aea4e9264cf44543594739410fa324b2ac262de1dded47
2023-03-30 19:39:23,False,0.0903,5.097e-05,5000.0,0.2548,0x26...3bc4,https://etherscan.io/tx/0x123afa73472c77357517c04d3af5b957d70c06b2c24da5bbc9d61fe7d91c0875
2023-03-30 19:38:59,True,0.09073,5.128e-05,4711.27,0.2416,0x89...35ec,https://etherscan.io/tx/0x29152919735b06870a045048cdff1f8ee6fb7d7303d2f1431072fe6840626d5e
2023-03-30 19:35:47,True,0.0907,5.125e-05,917.024,0.047,0x20...5ff8,https://etherscan.io/tx/0x03f872495e240f5c825823bce3dd193f7c5d5d647ac15ab44071048fc055095d
2023-03-30 19:35:47,True,0.09064,5.121e-05,5206.15,0.2666,0x58...cc4d,https://etherscan.io/tx/0x666693a79493aa15bdb55fb05fd3f9c7d007f1cf5b5c6507f5d0d56025a238a0
2023-03-30 19:35:35,True,0.09058,5.118e-05,759.706,0.0388,0x93...d968,https://etherscan.io/tx/0x62071cc3d9bb05312ec55b93c33cf8ada246d248cb15718fde096a9d15ebfba8
2023-03-30 19:34:59,False,0.09045,5.11e-05,40071.5,2.04771,0x07...b1a0,https://etherscan.io/tx/0x7ace3300397beda877a7ea8b16ef8117f69370e277fa4dbd30eda025aa8cebd3
2023-03-30 19:34:47,False,0.09127,5.156e-05,40000.0,2.06251,0xfa...c0c5,https://etherscan.io/tx/0x075953908e3ef775e14ae167cb5bca5ff9bea9cc7f202a31eb3815445279b0a9
2023-03-30 19:34:11,False,0.09193,5.193e-05,24504.0,1.2727,0x76...7d5e,https://etherscan.io/tx/0x967786e8caf7ab852e9cb7fd787776d4f3945ff398ff24b2fa1716f9ef58bddf
2023-03-30 19:33:59,True,0.09248,5.225e-05,24113.4,1.26,0x20...5ff8,https://etherscan.io/tx/0xb067c8bf41d6d25124929bd4d55f934ea473ad8fc03bb5a04ddf27c739e8ad58
2023-03-30 19:33:59,True,0.09221,5.209e-05,2359.35,0.1229,0x8b...143f,https://etherscan.io/tx/0x460a72c6d7c510ec39a9c6841b11376dc68ecebd050d3dae23b11cca609bc2c6
2023-03-30 19:31:11,True,0.09248,5.207e-05,2000.0,0.1041,0xaa...20e8,https://etherscan.io/tx/0x1842593456b818a3cc14848e51e158aab08bc1db4decd52ac28751ea2d2048af
2023-03-30 19:28:35,False,0.0926,5.195e-05,35775.0,1.85878,0xc6...fed0,https://etherscan.io/tx/0x8516b4d8f691f4e0170f650f5126aff4dabda0d28cc46ebe01a8536f09c8b845
2023-03-30 19:26:11,False,0.09305,5.218e-05,2884.6,0.1505,0x14...9ed8,https://etherscan.io/tx/0x8794e186aaa7f721da943689d0025fd182dc61df9ec7baeb00e1855893f8e09e
2023-03-30 19:25:11,True,0.09358,5.248e-05,5889.45,0.309,0xde...94e6,https://etherscan.io/tx/0xaf5745f4c58656c597bff5be213a8fb2eb4bdc350a01f31dfda5debf30221521
2023-03-30 19:25:11,True,0.09336,5.236e-05,14453.1,0.7567,0xf5...3d84,https://etherscan.io/tx/0x3fcc6d7210b94656fb7dd886bbbf4678e443c8340ec088b6b595d46c0394ebc9
2023-03-30 19:24:35,True,0.09319,5.225e-05,2674.51,0.1397,0x4d...0d9a,https://etherscan.io/tx/0x3413a15a508729c3bfb4b5ea2dcaa2ace6214fd4e576746fd9b280499b85a91b
2023-03-30 19:22:47,True,0.09314,5.223e-05,639.564,0.0334,0x2e...f345,https://etherscan.io/tx/0xae4f525cd66b85bdd75d27e32fe36596e9a025f1ccbc925fd7eca34b3739c5cc
2023-03-30 19:19:59,True,0.09313,5.223e-05,759.132,0.0396,0x25...b155,https://etherscan.io/tx/0x3c1adfb0f2989ab21136e9342bf2581f801029cd6edca26ebafd5bb3dfcf284c
2023-03-30 19:17:35,True,0.09325,5.222e-05,445.881,0.0232,0x75...c6f4,https://etherscan.io/tx/0x57e0805d7a24b89735520a9417c35bd5f1b070b723d33cd424e50a31daec1acb
2023-03-30 19:14:47,False,0.09277,5.192e-05,3500.0,0.1817,0x06...2bec,https://etherscan.io/tx/0xd2ed577976670a7ff17371700305c27ca6ddbf965a2d674dedac521702694ee3
2023-03-30 19:13:11,False,0.09287,5.198e-05,6000.0,0.3119,0x42...cf69,https://etherscan.io/tx/0x5a8b1c1e23c7e2316b51d2644ebe90d001e5825e32333d1500f8410b467ad011
2023-03-30 19:10:59,True,0.09348,5.232e-05,738.768,0.0386,0x72...0f0e,https://etherscan.io/tx/0x6a553bfc88cfaeb197303d719e38441eabb2f93493c61760ab7d81aa4b02a774
2023-03-30 19:08:47,False,0.09301,5.206e-05,9284.26,0.4833,0x76...7d5e,https://etherscan.io/tx/0x25f18f7fea0a4258fafa5f72c0659964c069dde352388125d5d68f32cee929f4
2023-03-30 19:08:23,False,0.09322,5.217e-05,10000.0,0.5217,0xa4...bf87,https://etherscan.io/tx/0x7498209e280cff862816a936dbbdb71d92186b7f7e68acff048a433098797333
2023-03-30 19:08:11,False,0.09342,5.229e-05,9403.02,0.4917,0xd0...5b64,https://etherscan.io/tx/0x41446bd41d327ec4b4c2b42d8cfcde5ff91bf6145bbe3669544d0aecc2da7d5d
2023-03-30 19:08:11,True,0.09335,5.225e-05,68947.8,3.60286,0x55...1919,https://etherscan.io/tx/0x1a52d67c22597fc8f5c23c4777eceaad9b98c1fe881530f5adf063a1f6b06499
2023-03-30 19:05:35,True,0.09221,5.162e-05,38732.4,1.99949,0xc6...fed0,https://etherscan.io/tx/0x64f14ff1cb4dc1209237e305e07b8ebbf3bb7af4ae09263ab8277744d9fb32a6
2023-03-30 18:59:35,False,0.09136,5.116e-05,12000.0,0.6139,0x13...beb5,https://etherscan.io/tx/0xbdd85be3cc0c9d37c68d8468d51b9b1b1f73bfc1c7086e1acd9821573ae2b523
2023-03-30 18:59:11,True,0.092,5.151e-05,3727.86,0.192,0x25...9c68,https://etherscan.io/tx/0xf139fedfa19f5ca16054e18981b01790296ba11d4d368c68244388fc44ed78ac
2023-03-30 18:58:59,True,0.09196,5.149e-05,808.064,0.0416,0x6a...ff6e,https://etherscan.io/tx/0xa04518f2b8145a0eeeeae42b666a0f683e5fc6d8ab77dab2b80b075c1e43622d
2023-03-30 18:55:59,True,0.09184,5.142e-05,10888.2,0.5598,0x95...f6e3,https://etherscan.io/tx/0x7fcdbf4ef01eac56e5bc14864633edd7e46ca252874270a18d53637cc1fafc0f
2023-03-30 18:52:47,True,0.09165,5.132e-05,5793.89,0.2973,0xf3...fdac,https://etherscan.io/tx/0xc85fe2d87abc2ca4a2624fa396553fd80ccad59dc8d9b711e5f0c39515282213
2023-03-30 18:51:47,False,0.09112,5.102e-05,6985.0,0.3564,0x2b...c75b,https://etherscan.io/tx/0xea46e40ee02ca502de2e5dff76e3b1f6cb5aa0b010e7a8189645bb7cf1eb946f
2023-03-30 18:49:35,False,0.09133,5.114e-05,13443.8,0.6875,0x76...7d5e,https://etherscan.io/tx/0x0648b2f0b7384b2c3bf30877ad7c3bd57e15d3d923286aa63a23c2a8933b7d8b
2023-03-30 18:49:35,False,0.09149,5.122e-05,1283.06,0.0657,0x76...7d5e,https://etherscan.io/tx/0x0648b2f0b7384b2c3bf30877ad7c3bd57e15d3d923286aa63a23c2a8933b7d8b
2023-03-30 18:47:35,False,0.09164,5.132e-05,14989.1,0.7692,0xda...4bb1,https://etherscan.io/tx/0x7d1f838f1946046b256b3d14dd5560f299eb77ca1458f14149a1759d3d2484b9
2023-03-30 18:47:23,False,0.09182,5.14e-05,419.703,0.0215,0xb7...acf6,https://etherscan.io/tx/0x098060650cd44ba0c98639bf470fbfe1c29e98fe51b0334f8168823d4475fa9f
2023-03-30 18:47:23,True,0.0914,5.117e-05,94803.4,4.85143,0x97...aa4a,https://etherscan.io/tx/0x0bfa043f80768a768397592b2111592de1221e25694877f02d1e3321f4b75ab6
2023-03-30 18:44:23,True,0.09048,5.062e-05,1863.79,0.0943,0x00...d4ea,https://etherscan.io/tx/0xa9f95faddd234d59294af7bfff5e4107abceb8680443e8bd489c2b25ab84e891
2023-03-30 18:43:59,True,0.09044,5.06e-05,2135.25,0.108,0x92...de0b,https://etherscan.io/tx/0x634c141cd67496aaca73305a3f7cbec3d8abf3a61463fc3a76f54daa397d236d
2023-03-30 18:43:23,True,0.09031,5.052e-05,10990.4,0.5553,0xf1...2b90,https://etherscan.io/tx/0x4eff3a5e5eeffa5b531f2579076ca44563960cdb803d2cf96070f58c6b647f21
2023-03-30 18:42:47,True,0.09007,5.037e-05,15402.4,0.7759,0xc6...fed0,https://etherscan.io/tx/0x7461a68dce7c046e22f06a3bac68429a665621f7a2ff3a1b7139af95b64ede9e
2023-03-30 18:39:23,True,0.08987,5.027e-05,3184.23,0.16,0x98...b17d,https://etherscan.io/tx/0xa3f8fef30410f45a1a598c9cf6fb2e659859d7ce91bc621a7abfc43bd3c120fd
2023-03-30 18:37:59,True,0.08979,5.023e-05,3946.48,0.1982,0xc0...413b,https://etherscan.io/tx/0xc477d1d860045247f4ddf9402092ddbdf3bad8ed55e6fc39a9ad238839f14574
2023-03-30 18:34:23,False,0.08927,4.991e-05,686.0,0.0342,0xf0...870f,https://etherscan.io/tx/0x38d837c9bcdbae55f2f2b250c547ffd04d42362e9ddc261fd252dd250551853a
2023-03-30 18:33:23,False,0.08959,5.009e-05,32120.6,1.60917,0x31...5fa9,https://etherscan.io/tx/0xf7689fce456886edac387a9abe1ab4853323a3928b4edf1ec043097899b84d4b
2023-03-30 18:32:47,True,0.09044,5.057e-05,740.864,0.0374,0x3c...2450,https://etherscan.io/tx/0xd34c8a99d53df1c8faad582011d6fe74055123e75c21c8ffacb01a4de1e608fc
2023-03-30 18:31:47,True,0.09043,5.056e-05,603.0,0.0304,0xb7...336f,https://etherscan.io/tx/0xe9f29cd586ed1c2bfdd13ceb360d07e9582994cd97d8151f022675eca54cc1fd
2023-03-30 18:26:47,False,0.08982,5.031e-05,10000.0,0.5031,0x63...809f,https://etherscan.io/tx/0x2fa391809ed91f50b02cd7e69c98ecc92792b4a59328a19070843b34605c0bdc
2023-03-30 18:23:23,False,0.09003,5.042e-05,9336.69,0.4708,0xca...3ff0,https://etherscan.io/tx/0x9631552786ac88ca9fc984103ff2ede2c2fae4ba94dcb0c046f075da8f8402df
2023-03-30 18:22:35,False,0.09025,5.051e-05,7000.0,0.3536,0xad...18e4,https://etherscan.io/tx/0x1ae18da6823e6ccf0103a436a84e1479da45b209d2fd8d33faf1b99cc172aac2
2023-03-30 18:21:23,False,0.09061,5.062e-05,12555.0,0.6356,0xc6...fed0,https://etherscan.io/tx/0x4681573e88311763c3dfbc7a261fac42212eb3b7245c6ddd8209bc58dc881484
2023-03-30 18:20:11,False,0.09049,5.077e-05,13950.0,0.7083,0x2e...f345,https://etherscan.io/tx/0xaf44df825cedc513c8a44a4806b9097ccf2597a073d8a4dac2ba4840f9aa000d
2023-03-30 18:18:59,False,0.0909,5.095e-05,17100.0,0.8713,0xc6...fed0,https://etherscan.io/tx/0x518f81753aaec91f2c6398593c312ee26f9d3dbc5cb543da41c53372ae03ca2f
2023-03-30 18:17:47,True,0.09156,5.135e-05,193.009,0.0099,0xc0...7aa1,https://etherscan.io/tx/0x3f7e25bbb2a457db9b818056ff19089145f64635440aaaf0a6ba122080704633
2023-03-30 18:17:11,False,0.09106,5.108e-05,5489.22,0.2803,0xd7...a3b2,https://etherscan.io/tx/0xef74dc7b45739553ed01dc67eee3362e8de5db01cbe364dc1864634dee375b7e
2023-03-30 18:16:35,True,0.09135,5.124e-05,30710.7,1.5737,0xd7...13f6,https://etherscan.io/tx/0x3c249059ad96b4741389b607191117068e7c566fb2609adf42e0140df12b4ad9
2023-03-30 18:16:11,True,0.09103,5.106e-05,873.572,0.0446,0xe8...f8f5,https://etherscan.io/tx/0x0953ac897d4b23a4c68ebc7b02a12e21d2c606a93ed72361368bea3bddd88f72
2023-03-30 18:14:59,True,0.09096,5.102e-05,5555.0,0.2834,0x7d...42eb,https://etherscan.io/tx/0x5014669757ef9f8da5dc224f76f51c539efa7281182461955b8db9f5d0140a85
2023-03-30 18:11:59,False,0.09046,5.07e-05,2773.89,0.1406,0x4c...9710,https://etherscan.io/tx/0xb6df00998bd02dff7151c9c501b9be8b600a7511762e3b2ffd59af3ed9093f2a
2023-03-30 18:10:59,False,0.0905,5.072e-05,1537.82,0.078,0x1b...ea67,https://etherscan.io/tx/0xd1cf6d1f2cfaf9cb408c72a9294e2c31248544d968ae776007ae7910ac5f1696
2023-03-30 18:06:47,False,0.09043,5.074e-05,1195.17,0.0606,0x51...67eb,https://etherscan.io/tx/0x1b2f71c4ab2eabf70371aca55fde6c65e7ea272d9cf50e298b370a0d9e32ceac
2023-03-30 18:06:47,True,0.08982,5.039e-05,116455.0,5.8691,0xfd...455a,https://etherscan.io/tx/0xba00a26b72bd8176319686ec42cf06aedd30e32ad925d8beb6c401f2e5106a46
2023-03-30 17:59:47,True,0.08886,4.968e-05,11625.7,0.5776,0xbb...c1bb,https://etherscan.io/tx/0x466cb3aca8d49a34f36f3bb748b9e987d97f00df8732a96a10d00152baaeaeb2
2023-03-30 17:59:23,True,0.08868,4.961e-05,1698.25,0.0842,0x25...74a3,https://etherscan.io/tx/0xbf7bdf8b6dfa6ec2ffd83bcf101a3f861ec5329309e6525296544292b5496e0b
2023-03-30 17:55:59,True,0.08857,4.959e-05,2696.13,0.1337,0x81...441c,https://etherscan.io/tx/0xe7b6a6b4c3f87f4494363d33dd4e09c5f0eff91ca7a184b77169878dd823f0bc
2023-03-30 17:49:23,False,0.08815,4.928e-05,1900.0,0.0936,0x18...263b,https://etherscan.io/tx/0x398bc54482d821fea525def7da1127a8f644ba62ce3257adb53591f6c969f06b
2023-03-30 17:47:59,True,0.08859,4.954e-05,10092.8,0.5,0x25...922c,https://etherscan.io/tx/0x59cb5d5e863307f62e0793e49ddeccfadddfddcd4c609af82ff4338a941f716d
2023-03-30 17:47:35,True,0.08845,4.943e-05,10026.7,0.4956,0x93...e302,https://etherscan.io/tx/0x081c621ba7cc5400907c5af0aab1213b0c069c4408a58222bc3fb1b8939904b0
2023-03-30 17:41:35,True,0.08832,4.937e-05,863.327,0.0426,0xb8...5d37,https://etherscan.io/tx/0xa6b86d3894e6211bb99041714497358928a1ce5032e7b3551c1b4b8e6894ef7e
2023-03-30 17:39:59,True,0.0883,4.936e-05,1005.0,0.0496,0x98...17b8,https://etherscan.io/tx/0xf04d41373b06639fb416f9f0fdcfbc99cfd7a08936ba9753dffcb30a38e9ddb9
2023-03-30 17:37:47,False,0.08793,4.912e-05,12000.0,0.5895,0x39...35fc,https://etherscan.io/tx/0x0068877e546a129ae3453a7405f526bae85cfb7b2bf548b997de9b428a7909a2
2023-03-30 17:36:35,True,0.08855,4.947e-05,3005.63,0.1486,0xa7...5d21,https://etherscan.io/tx/0x400592c89f5e71a532042dc144f5548da80e1763750eaf1124480b6e6e78b234
2023-03-30 17:27:59,True,0.08843,4.945e-05,500.129,0.0247,0xef...fcce,https://etherscan.io/tx/0xab41125a025a16e19e66f5386c41945c495b932baeffa666151b5f49db60b11e
2023-03-30 17:27:47,True,0.0884,4.943e-05,2606.78,0.1288,0x1e...1cf8,https://etherscan.io/tx/0x19f03a43ea60fcf836f3215e5ade6520dd82cbc4d14f359b4b4f1fb18ef05b01
2023-03-30 17:26:35,False,0.08807,4.915e-05,6123.81,0.301,0x85...ae22,https://etherscan.io/tx/0xdc972bca5bab434b9365e70a85b7f206d25f00c6fd72599b8c20c9681dad1317
2023-03-30 17:21:23,False,0.08827,4.921e-05,5000.0,0.246,0x8f...1ed2,https://etherscan.io/tx/0xd36cd282c185c49191d3de1c45fa08dfdefbfd58f5058be69296c6f3240e8aaf
2023-03-30 17:21:23,False,0.08835,4.926e-05,2999.99,0.1477,0x3e...6c30,https://etherscan.io/tx/0x3eabfcba528eaea86217a892d9a23b0973b4c4639511dad95bb73e0e50529aec
2023-03-30 17:18:23,True,0.08887,4.957e-05,459.925,0.0228,0x9d...61b5,https://etherscan.io/tx/0x6604bd2a2e0a21e38259e2bed3c6e3dccf53c02148bebe0f4222cce6028cf449
2023-03-30 17:17:47,False,0.08834,4.928e-05,2000.0,0.0985,0x88...76ab,https://etherscan.io/tx/0x624a822b13f7c744ae46693d77c1d03c67560627db257dc68779e8d588134ef1
2023-03-30 17:13:35,True,0.08895,4.958e-05,500.751,0.0248,0xef...fcce,https://etherscan.io/tx/0xc0b8bcc00061fa713ec2b92753ae8163bddfdb0fb1a8844d6f2272d0ddb38005
2023-03-30 17:08:47,True,0.0889,4.954e-05,7042.36,0.3489,0xe2...6851,https://etherscan.io/tx/0x4080c01408913797731d252c9cbe65b1e22720a41e7845cf2fc9df7f9a28728d
2023-03-30 17:08:47,True,0.08796,4.902e-05,90065.2,4.415,0xb0...5784,https://etherscan.io/tx/0x89a3bdd999b60d1288e2faae117b06ac8b347a2c8069b8435af05f80456f8374
2023-03-30 17:08:11,True,0.08709,4.853e-05,575.74,0.0279,0x25...ab0f,https://etherscan.io/tx/0xd5589378d8fdab8070da669b4c670271886bf39f44968d683c5a072bc11e70e3
2023-03-30 17:07:35,False,0.08658,4.825e-05,2000.0,0.0965,0x8f...1ed2,https://etherscan.io/tx/0x43825e61e4c7819770176f3ec6fa0bc6772e9212b4e137c4a6868824c4abd352
2023-03-30 16:57:11,True,0.08708,4.855e-05,204.159,0.0099,0x76...eb38,https://etherscan.io/tx/0xe647cede11a867529c6e024abb9b6077e3f53e9bc79f0e3e0863ea7612d98aa2
2023-03-30 16:54:23,True,0.08704,4.854e-05,2246.35,0.109,0x3d...d180,https://etherscan.io/tx/0xccfb5a9f157133d95d96a200f48288e26673faf63ba88426d84ada0b5a2c32e6
2023-03-30 16:53:59,True,0.08702,4.852e-05,706.346,0.0342,0x0c...bfae,https://etherscan.io/tx/0x2007ddf12ee181a210c3962e32e2d95a12788c6db323977cec45574a970c2c72
2023-03-30 16:53:23,True,0.087,4.851e-05,515.276,0.025,0x81...441c,https://etherscan.io/tx/0x2a5357dbd7692b50721b7f02d88ccc6fbc5b98ce9aae076f80e45c5c019e4cc5
2023-03-30 16:52:47,False,0.08682,4.841e-05,36000.0,1.74291,0x8b...2a7e,https://etherscan.io/tx/0xbc0ddd7d9ab54c32bb45825506a7acdeec6283121aaec947730b6a2b82d5e4dc
2023-03-30 16:48:47,True,0.08772,4.888e-05,1824.85,0.0892,0xc0...60aa,https://etherscan.io/tx/0xcf03896883b53d6c2be451c7f0e5a3b54a72553c459d6d721412babce722f9bf
2023-03-30 16:44:47,False,0.08718,4.858e-05,500.0,0.0242,0xae...8ae5,https://etherscan.io/tx/0x41532b39f23368ce0c174e50e308dce2ee81cf47354731109e3db549f0d84ddc
2023-03-30 16:43:47,False,0.0872,4.859e-05,1000.0,0.0486,0xb6...3c74,https://etherscan.io/tx/0xede9ae038589d704eda3e40adaa6aa4febc62fc8ec9acb84e9f39c5b4546cfd3
2023-03-30 16:34:59,False,0.08725,4.865e-05,10000.0,0.4865,0xb6...3c74,https://etherscan.io/tx/0xac65ba2f0b7b80950282db43cdb0ebb82a23b76d0968fac2a30865a54d76d8d6
2023-03-30 16:26:35,False,0.08733,4.872e-05,2500.0,0.1218,0x74...297e,https://etherscan.io/tx/0x011515024bab26ee1fffcfab7577bc622c7e94c666d0d79536643fc71287bb2d
2023-03-30 16:26:11,False,0.08737,4.874e-05,1500.0,0.0731,0x2f...2c53,https://etherscan.io/tx/0x08f0f06e59957da0934c4b721bf68a88f060c6fa85f5ddb013f6374f711d3a40
2023-03-30 16:24:11,True,0.08796,4.903e-05,1819.41,0.0892,0x95...5ae4,https://etherscan.io/tx/0x91fb0f189fcc3657ee083585c8acaa2c1605025c9d97fe1ad8eb1c87820b2715
2023-03-30 16:23:23,True,0.08804,4.902e-05,407.981,0.02,0x8d...5caa,https://etherscan.io/tx/0x2ffb38a094dbd9fdf050b57389d684546f42b3efefd7c92520107fc86a87a91a
2023-03-30 16:23:23,True,0.08803,4.901e-05,614.737,0.0301,0x33...e004,https://etherscan.io/tx/0xc9d0b81941d04c4ae4f6b4afa56ee402561de0bace2b551abb614421e82ebb16
2023-03-30 16:21:47,True,0.08803,4.9e-05,1014.12,0.0497,0x2a...fa7b,https://etherscan.io/tx/0x4bef98d86eef41f35bbcdd7d564570097f103035c35dd9a5e5cf70ed01ef8932
2023-03-30 16:20:47,True,0.08786,4.897e-05,4284.34,0.2098,0x79...56ee,https://etherscan.io/tx/0xa3826dcdb0cf569dc79f29dbfe4dabebd759c0a072a315db202eed15c3bec203
2023-03-30 16:17:35,False,0.0878,4.898e-05,60000.1,2.93908,0xf6...68eb,https://etherscan.io/tx/0x73212f48e89ada1cdedc34e280e1b5525f392e4791e6d5768582de132a032f0e
2023-03-30 16:14:59,True,0.08876,4.959e-05,2225.64,0.1103,0xe7...1772,https://etherscan.io/tx/0x7c311fa12889cf1a97654cb8e98e2be7ce89ab405249e290d7e420cfe93e107f
2023-03-30 16:13:35,True,0.08859,4.949e-05,15360.7,0.7603,0x7f...36f8,https://etherscan.io/tx/0x865529b9e9423b2bbf42affb335c26b0746904ca99d42c76e5f045deff02cfbb
2023-03-30 16:12:59,True,0.08827,4.936e-05,8031.37,0.3965,0xd1...6c7b,https://etherscan.io/tx/0xa4e0c57393462c1bf70127892ac5a2656ba8c822abfb62e24c9f90271f00f1f3
2023-03-30 16:02:59,True,0.08834,4.926e-05,10676.4,0.526,0x68...b75e,https://etherscan.io/tx/0x4087218ab9f38d272d5579be4954e9ec33acd9558ef607ed6bb296718ae59651
2023-03-30 16:01:35,True,0.08844,4.92e-05,1138.13,0.056,0x0c...dc8b,https://etherscan.io/tx/0x7a774c3cc21e1ee300d36ee0ac4c35cce12091030218a706588112ba6b1565d8
2023-03-30 15:59:11,True,0.08838,4.913e-05,10993.1,0.5401,0x76...7d5e,https://etherscan.io/tx/0xeb8024e27a155f8ec5306f7d6343d7c8d8709443cf4ad1a3ae40bab6e9676d84
2023-03-30 15:48:11,True,0.08828,4.905e-05,5233.99,0.2567,0xde...3b60,https://etherscan.io/tx/0x2afca93f33e0a2de3fd869574156cca76058dbb22dc9790f9fbcd391b26c198f
2023-03-30 15:44:47,True,0.0882,4.9e-05,3459.0,0.1695,0x22...8d6b,https://etherscan.io/tx/0x21dca884e64895b945a3ac8d6aaa681ff25da1742b21616c02483f3780a6b604
2023-03-30 15:39:23,False,0.08785,4.881e-05,23123.1,1.12876,0x40...c898,https://etherscan.io/tx/0x2c309c8d9fe1ce0c37d13e8449864ac3fcc32908907b86120a46f17d58eed0c9
2023-03-30 15:37:23,True,0.08863,4.921e-05,4028.49,0.1982,0x89...894c,https://etherscan.io/tx/0x2dbed5783fb1bf064a06bb94f9fac2cf2fe5a2bed97ca30395fff4187c5e04d0
2023-03-30 15:36:11,True,0.08855,4.913e-05,10915.0,0.5362,0x49...c18d,https://etherscan.io/tx/0x371b0b58c2fdbba3e47e268243d82321b2ef9fe5c56b42d5dd8df411bb961257
2023-03-30 15:32:47,False,0.08802,4.884e-05,12966.0,0.6333,0xdf...ef04,https://etherscan.io/tx/0x908122d567daf85b171bb1d79e4b0a7178587d015081bd576431c9b5183e6564
2023-03-30 15:32:11,False,0.08817,4.893e-05,2500.0,0.1223,0x79...559c,https://etherscan.io/tx/0x2e408d20ab8ca856999ec27c90ea7dff54474271889a1773674056408cdfed32
2023-03-30 15:29:59,True,0.08872,4.922e-05,1776.42,0.0874,0x61...30d1,https://etherscan.io/tx/0xf963c2ce9a302194ef9855a0857feb0dd57c0df85ebd2f623449c1a3ba7a0e72
2023-03-30 15:28:47,True,0.08862,4.919e-05,4390.61,0.216,0x93...0863,https://etherscan.io/tx/0x4df08762af3cbfd26f850a3ef6e9727e7318f406a9f1bd60cf75f6369fdbafb7
2023-03-30 15:27:35,True,0.0886,4.916e-05,604.802,0.0297,0xfd...5e97,https://etherscan.io/tx/0xbb599ad46ae56310c1c7558a7e736efe8110e75dd687c5fb4d78ecae019c2687
2023-03-30 15:26:35,True,0.08858,4.915e-05,2258.64,0.111,0x89...1b52,https://etherscan.io/tx/0x79492a1aeee4f217d2296c22e0a3e44a113676fe9e183e1eb0bfda2463ba8730
2023-03-30 15:25:35,True,0.08854,4.913e-05,383.589,0.0188,0xcc...0c4a,https://etherscan.io/tx/0x916fac91f3ccef9f224672457e3629c677fc6c26b99529e2510274f0b643ba4e
2023-03-30 15:22:35,True,0.08861,4.913e-05,280.184,0.0137,0x6c...1513,https://etherscan.io/tx/0xa03af6651d584588bd30af3cdba2f3ac39ea51cfc79d6672a30dabdc75506815
2023-03-30 15:21:35,False,0.08808,4.884e-05,1000.0,0.0488,0x2e...f345,https://etherscan.io/tx/0x3e0144db007acbe66f8c94df00024fcac6f2d586795dee93b032d45cb987c059
2023-03-30 15:14:59,True,0.08852,4.912e-05,3026.5,0.1486,0xcd...579c,https://etherscan.io/tx/0x8601929dbf454e61033e94286eeaa28be6343086dcb938a91ccc0a7ec18062f5
2023-03-30 15:12:35,True,0.08851,4.911e-05,100.918,0.0049,0x39...10eb,https://etherscan.io/tx/0x26aa80710b3581d9037c98dae364b3fac1e02bf55361968a1e1d6ea917dafdf6
2023-03-30 15:11:35,True,0.08851,4.911e-05,288.495,0.0141,0x99...6bfd,https://etherscan.io/tx/0x0fc0d67d9a98cdc57ecc5b892e0a0df9cee4198c2fed87fef38e39fc7d965a18
2023-03-30 15:09:11,False,0.08798,4.881e-05,275.763,0.0134,0x42...cf69,https://etherscan.io/tx/0xa7ccc432e0ca995e830db9bc29fe89621e651a145e13f201f67ffc293198873c
2023-03-30 15:06:35,True,0.08857,4.909e-05,3028.59,0.1486,0x40...88b6,https://etherscan.io/tx/0xcd620d9c88428e3257e5bbc2d5658e7b2868d4c7e8afe5a05b0156d020a5575f
2023-03-30 14:56:47,False,0.08802,4.879e-05,2000.0,0.0975,0x1b...ea67,https://etherscan.io/tx/0x5161941e543a71b63bab77a0de438bbeff287347ca3ac5485098354dbba406dd
2023-03-30 14:49:59,False,0.08807,4.88e-05,100.0,0.0048,0x8f...32dd,https://etherscan.io/tx/0xad72a92aa356b27dd20911561dc920ff3081f02637c627a195bf4bd32a6811ee
2023-03-30 14:48:59,False,0.08809,4.881e-05,1125.0,0.0549,0x45...5e41,https://etherscan.io/tx/0x6e14435d552c95e6a23f891456fd487fdc4a0d52e6cb6835749d5a319ef225d3
