datetime,buy_order,price_USD,price_native,amount_token,total_native,maker,etherscan_url
2023-03-28 19:28:11,False,0.0717,4.141e-05,1400.0,0.0579,0xa1...d9d4,https://etherscan.io/tx/0xf0396d6640414e1259646e64025c774905bdd77ee9d8f65a005852a5ecb5e2b8
2023-03-28 19:27:35,True,0.07213,4.167e-05,23.7877,9.912e-05,0xaa...e1c0,https://etherscan.io/tx/0x2668134305309e3c379e4cfb98b236e62307e5548f915dc7127fca6b7ccdaede
2023-03-28 19:25:47,True,0.07142,4.122e-05,105713.0,4.35846,0xfe...fe37,https://etherscan.io/tx/0x9f62934d5e06619c389aa7a5ebda33ac428f70681df7640090ebc043bdfa436b
2023-03-28 19:25:35,True,0.07064,4.078e-05,2881.09,0.1175,0x9b...a223,https://etherscan.io/tx/0x7ac0ab3ae1447e753394d6daacd0f828af5ec96621c95228b6399eea1bfaa424
2023-03-28 19:24:11,True,0.07042,4.068e-05,21138.6,0.86,0x00...b7c2,https://etherscan.io/tx/0x155ff312aa16058824dc7a5c67e9ed881827504cc1ef418a9069023f9725cb0b
2023-03-28 19:23:35,False,0.07027,4.059e-05,60077.8,2.43904,0xda...4bb1,https://etherscan.io/tx/0xa3f02a85118f876a03a7ddf776af11b5aae586ffa05050f5c80c4b8d79053b75
2023-03-28 19:23:35,True,0.07036,4.065e-05,107066.0,4.35225,0xfe...fe37,https://etherscan.io/tx/0x11d35317057116f58d039bae79d89be9daea0a388f16e0f6b248bd0f541a5bc3
2023-03-28 19:22:35,False,0.0694,4.009e-05,28687.5,1.15013,0x6b...eab0,https://etherscan.io/tx/0x4bc6f52019227104b29f3826c5aa79ce484479814c688681af3ed5b37a7fdd5c
2023-03-28 19:20:47,False,0.06972,4.025e-05,12500.0,0.5032,0x4d...e5a8,https://etherscan.io/tx/0xec4027ec7f37333515d24b9f9e19597c037ec2043d039b93a494c4e1f2639387
2023-03-28 19:17:23,False,0.07004,4.033e-05,7031.0,0.2835,0x78...8ce0,https://etherscan.io/tx/0x8f2a2fe666ce74ac1eef670c3c957bbe7faf64ebc4854a2ab160a0634543329d
2023-03-28 19:13:23,True,0.0705,4.059e-05,1629.39,0.0661,0x2e...f345,https://etherscan.io/tx/0x2182da63611e5372f22dc02c2ae27f57545032bc7f017cf554be60af9584ba43
2023-03-28 19:10:59,True,0.07035,4.047e-05,30039.1,1.21571,0xda...504f,https://etherscan.io/tx/0xd367c77681624c720bc82012e93781b49f8ca8a23936f7fe864e2f49afa3c0ad
2023-03-28 19:10:47,True,0.0701,4.031e-05,7867.39,0.3172,0x5f...f9fd,https://etherscan.io/tx/0xc8b08017529a7c940b0afd192a9bd7f50b9540a30dae85f5c889f504d02e1896
2023-03-28 19:08:47,False,0.06993,4.022e-05,45220.0,1.81902,0xa0...9ec1,https://etherscan.io/tx/0x55b00e16f6a6198a175fa78bfa6f513b3d6c41d6010849cbe2003b37851161ac
2023-03-28 19:06:59,True,0.07048,4.064e-05,1411.16,0.0573,0xf0...5d3e,https://etherscan.io/tx/0x07b17a24848a486a459dd37dac3f1776155adcead1da1970bf30c42cb2a9ed7d
2023-03-28 19:06:47,True,0.07025,4.051e-05,30971.4,1.25476,0xd1...95f3,https://etherscan.io/tx/0x4dddb129cdbb51ea8a46f75d1c69707808ba441b30c4198a1925d6d049dd3fa1
2023-03-28 19:06:35,True,0.07006,4.037e-05,2841.05,0.1147,0xa3...2f3d,https://etherscan.io/tx/0x5ff5c1d6fa6507707f8127132b77964ca56e4ee373315c94b9c35668c9c32d35
2023-03-28 19:05:47,True,0.07003,4.036e-05,1159.91,0.0468,0x4a...42c6,https://etherscan.io/tx/0x31be1b59947db5f39acf1e8cdc0e4e3c91037387e7563082dc5bdb2d9d684df0
2023-03-28 19:05:47,False,0.0699,4.028e-05,41910.0,1.68825,0xd0...5b64,https://etherscan.io/tx/0x08ed2ea5dd9e55fc90dff4c92eebb2e141d17ddfe3bc1cb74ed4e65cad167ebd
2023-03-28 19:05:47,True,0.07048,4.061e-05,18464.1,0.75,0x7f...6f41,https://etherscan.io/tx/0x599f2a266f3c21c3811132cf250ebf979268c5495ec6821d5f09241d0cf1f36d
2023-03-28 19:05:23,True,0.07016,4.041e-05,32063.3,1.29584,0xea...cc64,https://etherscan.io/tx/0x4d2b8c372925e0dffcf22c382036011fe93baad18be94594855e9ebd9956c583
2023-03-28 19:01:47,True,0.06982,4.025e-05,7770.29,0.3128,0x76...7d5e,https://etherscan.io/tx/0x15ffaef06850a2e1c86ec2d1f26460b5de17d40e06a927cd98b2c96ec28e744f
2023-03-28 19:01:11,True,0.06976,4.021e-05,1325.76,0.0533,0x46...b6af,https://etherscan.io/tx/0x62e3ace011dc17160f9692399188f488d7860f517c0b0f1fa1a93df7d49139e9
2023-03-28 19:00:59,True,0.06971,4.018e-05,6240.33,0.2507,0x7f...18eb,https://etherscan.io/tx/0x53b5ce608e6ebf4c07be16627cfc0d0eee3079fa39e84d88b79dcf135efc61cf
2023-03-28 19:00:59,False,0.06949,4.006e-05,35000.0,1.40218,0x99...e2a0,https://etherscan.io/tx/0xcb91728e95e12ede8be2bb8475a90075163d0c86a0e599477c65f22acb91bd74
2023-03-28 19:00:35,True,0.07013,4.043e-05,2836.54,0.1146,0x5b...9676,https://etherscan.io/tx/0x7fb5ac00ecf5aaf78e072b5623dc469afb0e4facf2669613a1bfcab45f52a19d
2023-03-28 18:58:47,False,0.06969,4.018e-05,2000.0,0.0803,0xfd...c4de,https://etherscan.io/tx/0x582cb7d24aa9497372633c9db0948658b50772a5e5b926bb9e46bfe917793e82
2023-03-28 18:58:23,True,0.07008,4.041e-05,6186.29,0.25,0xe5...3bdf,https://etherscan.io/tx/0x1e5663dce0b1885ff6b125e185826fc7b5bd81aca5a0607e50c72293465e2e80
2023-03-28 18:58:23,True,0.07001,4.036e-05,4438.99,0.1792,0xa3...d1a2,https://etherscan.io/tx/0x31cff096623b5475058a12e17bcef7e9d83ed1e9d7977e5d2b601c709f599d89
2023-03-28 18:57:35,False,0.06987,4.029e-05,46614.6,1.8784,0x20...603f,https://etherscan.io/tx/0x9667f8d613c1e031451585ef919e92e686c451b6139042d147fdc1c365730113
2023-03-28 18:56:35,True,0.07053,4.067e-05,13331.0,0.5422,0x92...2a11,https://etherscan.io/tx/0x87b066237dcffd1d4ce31b968af468539251071042ae907257707095f2f8f3c6
2023-03-28 18:55:23,True,0.07037,4.058e-05,8185.51,0.3322,0x28...f12c,https://etherscan.io/tx/0x410dcc4818f7d9e5b11f02000f5eef7b19b22ea932c768b88d68062a4d087f0e
2023-03-28 18:55:23,True,0.06996,4.034e-05,51056.0,2.05995,0xca...1137,https://etherscan.io/tx/0x0c5290e467896742334d3ad589fd790c6d4ad7fdab09f6193b67bb45a1f4c472
2023-03-28 18:55:23,False,0.06985,4.028e-05,96000.0,3.8674,0x8b...2a7e,https://etherscan.io/tx/0xd0166060d93db9a235241b39b47b97bf0195249bfdd7ddf3f918eb5b4b50c2c0
2023-03-28 18:55:23,False,0.07088,4.087e-05,50393.1,2.05995,0xca...1137,https://etherscan.io/tx/0x432b9526aeedfd7130484568226196890295bd98291766498cd4112e5bc67498
2023-03-28 18:49:23,True,0.07182,4.133e-05,16.788,6.938e-05,0x71...b854,https://etherscan.io/tx/0x5541e165ed740945a2c4311bfa42934fc6dfdf59718d193eafd117ae5543d835
2023-03-28 18:45:23,True,0.07179,4.132e-05,2398.87,0.0991,0x34...dba2,https://etherscan.io/tx/0x620c8f13e75384545608c80d7420e45292384da9f1220aee3f512ece52bbded9
2023-03-28 18:44:23,False,0.07137,4.107e-05,1569.18,0.0644,0x1f...b921,https://etherscan.io/tx/0x36e37bcd28140a17017ba4f9b75e8f2a169fc5fa6c26047008d3de3ab1c2aa51
2023-03-28 18:44:11,True,0.0718,4.131e-05,1254.75,0.0518,0x10...37be,https://etherscan.io/tx/0xf3df2586bed92db4e2980b25e50e7505654c5b480ad869041afdf9704091d44d
2023-03-28 18:44:11,True,0.07179,4.131e-05,68.5124,0.0028,0x15...35a8,https://etherscan.io/tx/0x047820e788a74616a7852691611b36682dd79a1b207e345c8a91c3abac975bd9
2023-03-28 18:42:59,True,0.07177,4.129e-05,3486.69,0.144,0x51...5ca7,https://etherscan.io/tx/0x182f9d01cd7f83a48b3ac4a441704f607af61b7b71fc01beceba7b4f482c8c39
2023-03-28 18:42:11,True,0.07174,4.128e-05,475.297,0.0196,0x54...d279,https://etherscan.io/tx/0x43188c3902777d881c7f9cf0163afe20cd3f68c95e1ee76b2687c7e8f8c8cbb9
2023-03-28 18:41:47,False,0.07156,4.117e-05,35125.6,1.44643,0x47...ffc0,https://etherscan.io/tx/0x6b2a77d68b59f51d49dde8403529ee51b97c8bddff82b1852f406df7f97b7245
2023-03-28 18:41:23,True,0.07224,4.157e-05,473.406,0.0196,0x54...d279,https://etherscan.io/tx/0x26449d5ff753db5811d64b87ba6880801df1b03aa0147a755538b42929a9511e
2023-03-28 18:38:23,True,0.07225,4.156e-05,23.8458,9.912e-05,0x14...0173,https://etherscan.io/tx/0xb0059f338730bb3d5c273de81fb2b838873fbfabad35cab47b4aba9b33e4feda
2023-03-28 18:36:47,True,0.07225,4.156e-05,786.974,0.0327,0x53...b5dc,https://etherscan.io/tx/0x23d9e19dc6a20f431f93bed640de8b6376a97202b3bb78a846f73a1d6605edbb
2023-03-28 18:36:23,True,0.07225,4.156e-05,78.5255,0.0032,0x09...51f3,https://etherscan.io/tx/0x69e5c658fdadf77efdbe003be1260dbbd21e001df41ff571ca8c7c99186e6ff9
2023-03-28 18:35:11,True,0.07213,4.153e-05,5485.01,0.2278,0xc8...0b44,https://etherscan.io/tx/0xbfed1f851e7868d68a5a2916ca4e75e7d27f8d7a06a15cb5afc333a40af474f4
2023-03-28 18:34:47,True,0.07201,4.146e-05,11952.6,0.4956,0x27...3b10,https://etherscan.io/tx/0x9c9651d7f70cd37a27fe6b2137c3f169d42cea395c753a7b2081b187fccbfbfd
2023-03-28 18:34:23,True,0.07128,4.105e-05,87673.4,3.5992,0x74...d510,https://etherscan.io/tx/0xa205d36da6d9edf925adf3ecc21621cc48c6943fe85cf41b3c7a6c5f8c345146
2023-03-28 18:34:23,False,0.07174,4.131e-05,210000.0,8.67621,0xfe...fe37,https://etherscan.io/tx/0x9bca91fb440588990a3e43531398eac1879537d676b7d3bed1a9524b9c57c380
2023-03-28 18:32:11,True,0.07366,4.245e-05,114.834,0.0048,0xce...7724,https://etherscan.io/tx/0x05216ff0fe10594b4a3550caa181c4a99538135f13a8a36d2597a7887ea40666
2023-03-28 18:31:23,True,0.0737,4.244e-05,1887.02,0.08,0x77...d7ee,https://etherscan.io/tx/0x035329d642aa5cd9ef1ce7b02d5f4a6872002afc382e755ecb04e5a24a1b3a2b
2023-03-28 18:28:23,True,0.06579,3.789e-05,1172871.0,44.4409,0x49...2563,https://etherscan.io/tx/0x186f8d291a2fbc815b6741a9f5fbf7b14e3d48701651653ef5b18cf2af3d4837
2023-03-28 18:28:23,False,0.05882,3.387e-05,75000.0,2.54049,0x65...ee4c,https://etherscan.io/tx/0x7e436e7cded3d8ceeecfe383d0bb4d81146620112a06a86e9b0ed0bbb9a20cc0
2023-03-28 18:28:23,False,0.06629,3.817e-05,1164007.0,44.4409,0x49...2563,https://etherscan.io/tx/0xcf56d8f37845e26f1d66a75434bbcf266796b3048fcfbc1530ea873aa34bef8a
2023-03-28 18:26:59,False,0.07421,4.273e-05,2200.0,0.094,0x65...21ff,https://etherscan.io/tx/0xbd43ba172f25c4f54aa8fa2c9d0b6e1e227e4b987b8cf2a92760f59e4023c50e
2023-03-28 18:26:23,False,0.07432,4.279e-05,11385.0,0.4872,0x81...441c,https://etherscan.io/tx/0x1a133d9aa8dfe53d461bf8ee98efcfe303e85aeb85b49625b42e416b7c0807c3
2023-03-28 18:26:11,False,0.07463,4.297e-05,30000.0,1.28933,0xfb...8515,https://etherscan.io/tx/0x8040c3388aa4581258e8449e9ffb5323157f0d5f5f090f4b66aac15bf77b8978
2023-03-28 18:24:23,True,0.0753,4.336e-05,672.949,0.0291,0xdd...4965,https://etherscan.io/tx/0x3ebe9ffa6006a0c19079f53fb5e5f56dbf84a943952ef56e38cc6d64d5029c17
2023-03-28 18:24:23,True,0.07529,4.336e-05,1028.75,0.0446,0xb2...ccf5,https://etherscan.io/tx/0xecae51d41d1a16314bfd02680263e29da5fa9105671f3357b5db6440f5062042
2023-03-28 18:20:11,True,0.07525,4.333e-05,3654.95,0.1584,0x59...c6b0,https://etherscan.io/tx/0xf8b2c5be1267a103404172d7b4b66d684f288ed3ed59f7e0a059c398f13d49ab
2023-03-28 18:15:23,True,0.07536,4.33e-05,4574.87,0.1981,0xa3...82ca,https://etherscan.io/tx/0x52be42f3c9af96c8d3d4de1bc028e5a48f19568b4d7fbea01974e5dd7161c92d
2023-03-28 18:14:47,True,0.07514,4.317e-05,24258.2,1.0473,0x2e...f345,https://etherscan.io/tx/0x1c751b7bf1e01bff2822346402c6f1fdc01abee50809e663f0e5af30abd6a2ae
2023-03-28 18:13:35,False,0.07456,4.282e-05,4355.76,0.1865,0xbc...b078,https://etherscan.io/tx/0x67a0436a0d241bc17491a6c8f5d8b0a9c0e446f25820382f9ca8ae3722661d6b
2023-03-28 18:11:59,True,0.07504,4.31e-05,713.225,0.0307,0x72...4d2f,https://etherscan.io/tx/0x633b4550a688bea395708058382160ce92cd66a00ab83d30706c6d0ea012bb10
2023-03-28 18:08:47,True,0.07505,4.307e-05,4602.19,0.1982,0xde...3439,https://etherscan.io/tx/0x0c93f2b8cd10e091c5b34cd11d33743f60da38c5b37d0f1e41c7667b02c17310
2023-03-28 18:07:47,True,0.07487,4.302e-05,6972.52,0.3,0x08...37f2,https://etherscan.io/tx/0x182bccac68863607cc97004fe93b471004d8cece719f08d13b6920a672954ce3
2023-03-28 18:07:47,True,0.07481,4.299e-05,666.331,0.0286,0x0b...dc5a,https://etherscan.io/tx/0x93cc84bac76b608e7e754daea391aa9011020f11291a78caf991b9881b5ab742
2023-03-28 18:06:59,True,0.07476,4.295e-05,7110.21,0.3054,0x93...1c97,https://etherscan.io/tx/0xc04978b28f5a7f990ccb2cecafc680b8e29d8dced88dcdd0a0a3d19bcfaa1f13
2023-03-28 18:06:11,False,0.07441,4.275e-05,20000.0,0.8551,0x37...d13f,https://etherscan.io/tx/0x3089a3dc72a4294b9b7d6d8dfe07fd5df0dbe84d9ed50e3fb16f491189027419
2023-03-28 18:05:11,True,0.07516,4.31e-05,22.9973,9.912e-05,0x14...0173,https://etherscan.io/tx/0xb5a91d71477d0575d6555ada5166fd6dcbbab7fb5acd587819b7a4eb17032a9f
2023-03-28 18:04:35,True,0.07516,4.31e-05,232.009,0.01,0x99...9c8c,https://etherscan.io/tx/0x5f4c7f7d1efd0e002b62ec52c1979f53ae4688bbbdf07730f37c8090b129c074
2023-03-28 18:01:47,True,0.07512,4.309e-05,667.001,0.0287,0xee...0b60,https://etherscan.io/tx/0x0ebba81a63f6c75911c727e22724d1cb756dc954328522d89defe935217edf16
2023-03-28 18:01:23,True,0.07505,4.305e-05,8543.72,0.3678,0xa7...c63f,https://etherscan.io/tx/0xb7957c0d13db5eea5f2e8881170171b005b09abc0a2bb999e0ab185eca951a1e
2023-03-28 17:59:47,True,0.07489,4.296e-05,11664.9,0.5012,0x87...ecb7,https://etherscan.io/tx/0xe64dfebbc61e59a6eb8416f4430bbf98abcda54d960180ab6b277b204c86858d
2023-03-28 17:57:59,True,0.07472,4.291e-05,20.7877,8.921e-05,0xbb...d802,https://etherscan.io/tx/0x8ecc86787a0c6e71808469dc42d6fe131cb61a75328c5f6e6cf700842c618baa
2023-03-28 17:56:35,True,0.07458,4.284e-05,15637.0,0.67,0xa9...14e0,https://etherscan.io/tx/0x2356e6343e3e7e227e6ed0e39246a0019e90d2bdf3f5a7904c65f01d364bc353
2023-03-28 17:55:35,False,0.07428,4.267e-05,35392.2,1.51042,0x62...3d69,https://etherscan.io/tx/0x31ea81abff28fdee16fbb16297da14b21b93486d8f0e08562eb5274f1906970d
2023-03-28 17:54:35,True,0.07499,4.307e-05,2369.95,0.1021,0x68...7f32,https://etherscan.io/tx/0xefba0103922871a4a2fc6884c0076eaa5e200b8683c933b53207aa8e7c330a19
2023-03-28 17:53:23,False,0.0746,4.286e-05,11780.0,0.5049,0xb7...91c9,https://etherscan.io/tx/0x8bbb63c6d3e5d804e86e3d5f3eaefd09a5958c0ace48a9bcbc9d801d5b903b98
2023-03-28 17:49:47,True,0.07492,4.305e-05,2774.24,0.1194,0x94...d7f3,https://etherscan.io/tx/0xb1baf4903853ab8d62320bba3d4923eb0790bdc89ac2b5ab5cd9a92b7d02d6aa
2023-03-28 17:49:47,True,0.07467,4.291e-05,29695.1,1.27426,0x2e...f345,https://etherscan.io/tx/0x817d7e31ef8db1025a527ee21d46c4b6eeaccbd81d87870c49588f168c3a5ace
2023-03-28 17:49:11,True,0.07444,4.277e-05,784.93,0.0335,0x8e...d81e,https://etherscan.io/tx/0x0395d4eaa4f6fb02cc3cfca7aa5d826f72a98dfc46282ef8efb88471c5da55bf
2023-03-28 17:48:47,False,0.074,4.252e-05,1007.03,0.0428,0x2e...f345,https://etherscan.io/tx/0xee5641a183fad3060d8bcdeda976460b00197e8acd675b6c9fe0616de903e0ef
2023-03-28 17:47:59,True,0.07442,4.276e-05,4172.27,0.1784,0x67...c37a,https://etherscan.io/tx/0x275a4950f3056f28ed97c5ef65d94261be8150933b96325f2134ab66e9baad72
2023-03-28 17:45:59,False,0.07414,4.251e-05,6143.11,0.2611,0x96...40b3,https://etherscan.io/tx/0x60cd254e6c1c2263067bffa9e57844a69ae4afaa503717359ce632f09842aa49
2023-03-28 17:45:47,False,0.07433,4.262e-05,17948.2,0.7649,0x67...0323,https://etherscan.io/tx/0x44d3b1bed489d0373a3d11f7a74dbb5f516af31d871e23bebde702ead8fa4d56
2023-03-28 17:44:47,True,0.0749,4.295e-05,1746.22,0.075,0x1e...771b,https://etherscan.io/tx/0x97945e7acb97d5fbb70dfd96170e10178507ebe4a38d7cdb7e21271a57735e6d
2023-03-28 17:40:23,True,0.0747,4.281e-05,30101.4,1.28862,0x7d...a07d,https://etherscan.io/tx/0x91fee54ebd456bbfe77d9ef0082b16ae53fd0e8fbe0d4aa64c170535f544cea8
2023-03-28 17:39:23,False,0.07442,4.266e-05,55848.3,2.38281,0xf6...68eb,https://etherscan.io/tx/0x0826581bbe10cf5eff5eeee19ce38641b2e34a36a8524e9836af2f0b8fd066f2
2023-03-28 17:38:35,True,0.07526,4.314e-05,4813.74,0.2077,0xf8...9b05,https://etherscan.io/tx/0x6e1daec0caf89e92358d2f3bbece8ddcc8bd5f62d3be9a1487196fb3b244900a
2023-03-28 17:37:23,True,0.0752,4.311e-05,3088.56,0.1331,0x8e...d81e,https://etherscan.io/tx/0xb1c8d14dcfa024ec8bf569e7cfc64af486ffbe1e586f27c8b4526801941b6d3f
2023-03-28 17:36:59,True,0.07511,4.307e-05,4410.51,0.19,0x07...c0d6,https://etherscan.io/tx/0xebcee116ca22811c0f616adeeee74185e5acc3da0ce6df924ccb3a7937730667
2023-03-28 17:35:47,True,0.07473,4.285e-05,46214.9,1.98056,0xd7...a3b2,https://etherscan.io/tx/0xa420ccd4195e2a4eef2c3404518063ef3bc9a6c292148666b0b821cbcde4c2e5
2023-03-28 17:35:47,False,0.07428,4.26e-05,46524.7,1.98195,0x1d...f241,https://etherscan.io/tx/0xb6a81329bc885fcdbc0daf2a07583cc65f2c6b0daafd57b949d983e7c91ae853
2023-03-28 17:33:59,True,0.07506,4.305e-05,690.641,0.0297,0x1c...4691,https://etherscan.io/tx/0xb468d407399ffb39e78f2a6ad4a42f95462439783ed40c1d8e48f99bf4dcbb68
2023-03-28 17:32:35,False,0.07461,4.279e-05,500.0,0.0214,0x66...312e,https://etherscan.io/tx/0xa5e31c0a3dfdffaf95f9821d6ac76aa1f7f19502880022234310aa6243a3fe52
2023-03-28 17:31:59,True,0.075,4.303e-05,5505.05,0.2369,0x72...5e0b,https://etherscan.io/tx/0xa4e9f9f23075f7bcf6fac4d06ec090e50d4fff24faa6403f35c1740838a73280
2023-03-28 17:31:47,True,0.07492,4.299e-05,3458.24,0.1486,0x3e...13e7,https://etherscan.io/tx/0x5ad9c393748d28b669f1d038c82bd6c854ebf8f601254c1ba3e41d60a5476ec5
2023-03-28 17:30:23,True,0.07479,4.297e-05,1326.31,0.057,0x71...b09c,https://etherscan.io/tx/0x061252d38d3eaba259c3ced8804b266969af4da7a1f7ccc62266f03a70677427
2023-03-28 17:29:47,False,0.07434,4.273e-05,5330.86,0.2278,0x7f...18eb,https://etherscan.io/tx/0x0c83f97ace249b4c81ba8e4d86f9d483a50454e020c600f8b8f82dac9a510468
2023-03-28 17:29:47,True,0.0748,4.299e-05,4611.03,0.1982,0xab...cac7,https://etherscan.io/tx/0x995fbef42f9d8b2e7833f6275ef0461d16338d15b9ae4a55a5d92a88d0ebf01c
2023-03-28 17:29:23,True,0.07473,4.295e-05,4719.96,0.2027,0xa7...c63f,https://etherscan.io/tx/0x478dba9b47c9cece3961dcf13a1862391bae153edb6d93535bfbd8fc6ec907ab
2023-03-28 17:28:23,False,0.07431,4.271e-05,9392.69,0.4012,0x76...7d5e,https://etherscan.io/tx/0x2d2fe2ff17862c8b37998f326e505b74bf6d7ce2fc2ae3b86a542199756ad0f4
2023-03-28 17:28:11,True,0.07453,4.283e-05,40230.2,1.72338,0xbd...53cb,https://etherscan.io/tx/0x9f4e3c3beaf500079cb239222072e5cfa5212ad9d93336430cee074962dae7d1
2023-03-28 17:28:11,False,0.07378,4.24e-05,732.777,0.031,0x98...3727,https://etherscan.io/tx/0xbd829b087d5cf1eab977ca2c7c14b6cfa5a5fc84b76b67c24c4a5ea3c1aa37d7
2023-03-28 17:28:11,True,0.07416,4.262e-05,9331.89,0.3977,0xa7...c63f,https://etherscan.io/tx/0x45a3f885be2df99aead07d7036c331a2320a9258c7478d8fd82511e96732c28b
2023-03-28 17:26:23,False,0.07371,4.234e-05,2721.13,0.1152,0x30...519e,https://etherscan.io/tx/0xe69da25b411bcb200c38f6b725c19441ecbc10ed08c1c680c995d8648715b999
2023-03-28 17:26:11,True,0.0742,4.26e-05,333.581,0.0142,0xcd...92e1,https://etherscan.io/tx/0xfac8e39c5d025acb6f4d18252e1672f20326f64dc8fd3f7636d66409fd7b8f9c
2023-03-28 17:25:23,True,0.07417,4.259e-05,3286.91,0.14,0x47...f5c8,https://etherscan.io/tx/0x251f72b22d76880822ad9a27efb58753a7f33b2280dffca47b868d59a6da3170
2023-03-28 17:23:11,True,0.07407,4.254e-05,6815.65,0.29,0x53...002b,https://etherscan.io/tx/0x1cf13cf204a510cb9e0cdc4eba477e3ba65790f289d28ff9b6142a9e17605c0f
2023-03-28 17:22:59,True,0.07401,4.251e-05,1398.97,0.0594,0xd9...893e,https://etherscan.io/tx/0x478d0b0a8242f9e54c1e71717309609ba1aa27beaa6e531b7cb4deb30aab7332
2023-03-28 17:22:35,False,0.07356,4.225e-05,708.4,0.0299,0x11...84b8,https://etherscan.io/tx/0x2e2387d6e04c0c84599a0e12728c7188555ea0044be96efd3c936bb6c80a3b18
2023-03-28 17:20:35,True,0.07401,4.251e-05,139.899,0.0059,0xd6...e8fc,https://etherscan.io/tx/0xad102df2a39f063cc8a798f299002a9f6bd6cb4969157be53cfba985532a69fe
2023-03-28 17:20:11,True,0.07394,4.248e-05,6812.54,0.2894,0xec...ead8,https://etherscan.io/tx/0xc2f01848e539cdd01f399512631992cb324826dd8faae6aefbcb8a147e9cca39
2023-03-28 17:19:11,True,0.07386,4.243e-05,3878.09,0.1645,0xc1...b33c,https://etherscan.io/tx/0x3922a1b917503b7ce3ee34abf7447668f1ab537d22cbbee84b829ab7043b58a2
2023-03-28 17:18:11,True,0.07385,4.241e-05,1285.4,0.0545,0x43...1f80,https://etherscan.io/tx/0x731590c0c63010eda0ac839ac821b948ec6eac1d5079dbada07ba1e236d1316e
2023-03-28 17:11:59,True,0.07375,4.239e-05,2080.72,0.0882,0x13...2bbb,https://etherscan.io/tx/0xdd92423c935b6853305c865b90996fe5114980352649a060e1cb7d8179353d2e
2023-03-28 17:11:35,True,0.07367,4.235e-05,8145.41,0.345,0x92...bb73,https://etherscan.io/tx/0xcfe7d60374c7293036ffd2159efdefad70fa2d585fdefacc3c583d0cca8a59f6
2023-03-28 17:06:35,True,0.07365,4.228e-05,8674.09,0.3667,0x35...3c92,https://etherscan.io/tx/0x2f23ff971b25aa4f97390b0be3298687af82ed5cee8991afc6d3ffd60fc6e402
2023-03-28 17:06:23,True,0.0735,4.219e-05,11746.2,0.4956,0xbf...2a21,https://etherscan.io/tx/0xeb77bcf854203973b950b6d6734a27c32ef99ca07965153fbff12e4134d44b84
2023-03-28 17:04:47,False,0.07296,4.189e-05,1401.98,0.0587,0xc6...fed0,https://etherscan.io/tx/0x8352bdca04b313a4b8648b682610037dcc9a2245d3d54782837f74ff88a5ee55
2023-03-28 17:04:11,True,0.07334,4.212e-05,8236.71,0.3469,0x7f...5c6e,https://etherscan.io/tx/0x0aebe6e06411bb11419b3885cc646762ce79e16be9f7bc2f50dee4eabf2448ac
2023-03-28 17:02:23,True,0.07312,4.2e-05,18642.3,0.783,0x0b...cad8,https://etherscan.io/tx/0x2e40000204316982d62f6377ea31a6d48f43e12cb0f980d7d55de166693e43bb
2023-03-28 17:01:47,True,0.07291,4.191e-05,2364.82,0.0991,0x31...7b00,https://etherscan.io/tx/0x42d24d83445272f86baf9db4861fa5c50c0aa418ec9c36ab8bf26589b6915926
2023-03-28 17:01:47,True,0.0729,4.19e-05,304.385,0.0127,0xcd...92e1,https://etherscan.io/tx/0xf4475e1ab66c3c73695411481d73c7dea4d1bbabf2e9287dc15f981a4c1bc1ef
2023-03-28 16:57:47,False,0.07251,4.166e-05,2742.93,0.1142,0x59...586a,https://etherscan.io/tx/0x9d2e4b8ec885854103486671d4d1fc93d78d98d7d7af5b2596660cc5c493db0f
2023-03-28 16:54:23,True,0.073,4.192e-05,1371.44,0.0574,0x13...e7f4,https://etherscan.io/tx/0x38af7bac76aaf79c6a26f0f54a63b4c21f3d04aabaead79caa954c5f953c48f6
2023-03-28 16:53:59,True,0.07293,4.188e-05,7526.8,0.3152,0xbc...6f8e,https://etherscan.io/tx/0x7d31c960130df6fa6b414a139f56b4a78b93a79ef6dae4ab4359b33a979c36f9
2023-03-28 16:47:47,False,0.07253,4.162e-05,4500.0,0.1872,0x00...a24b,https://etherscan.io/tx/0xdac12f92857f3f3480cbac8167471f64650f5f9bab295b970e1dde2dc254a3a8
2023-03-28 16:47:11,True,0.07299,4.187e-05,2366.91,0.0991,0xaf...e84c,https://etherscan.io/tx/0x74341bc99753eb0fd4966ca5530fb0c1852aa2064dc19a0275eaa264032f5512
2023-03-28 16:46:23,True,0.0729,4.185e-05,4078.16,0.1706,0x54...b724,https://etherscan.io/tx/0x5df94ef517ea36636fa8c0ebbe304f288bcc393d22a5727b629703be3a121ca9
2023-03-28 16:46:11,True,0.07282,4.18e-05,6876.17,0.2874,0xde...2dcb,https://etherscan.io/tx/0xc3aed04b0b9e2ab17935e30abac95f943eff249f33049f481187dd78ce6d3bce
2023-03-28 16:42:47,False,0.07224,4.153e-05,2100.0,0.0872,0x1b...73f5,https://etherscan.io/tx/0x7f2e955bebff6cefb1a034eb72158dc5cb5838aab591855f14a43d15215aebe8
2023-03-28 16:38:47,True,0.07266,4.178e-05,3235.58,0.1351,0x3c...0ae0,https://etherscan.io/tx/0x1370c2179972879b9444c6e5aaf02bac09e606e43b6404fdf28bddc3826d061f
2023-03-28 16:34:11,True,0.07231,4.159e-05,40000.0,1.66392,0xf1...9ec6,https://etherscan.io/tx/0x8ff259688d3be2dc677b303261d6cbed80abde6a3e22344c74d83478d4949c6d
2023-03-28 16:33:59,False,0.0716,4.118e-05,1705.94,0.0702,0x28...2c84,https://etherscan.io/tx/0x7e369d67d8be7b80108af6ab3244d15205cda784f0d329a8bc70cba9fa1f3cb6
2023-03-28 16:33:35,True,0.07204,4.141e-05,8333.0,0.345,0xcf...80e5,https://etherscan.io/tx/0x46fc2f901ed9c62d245d6edee9c601f5e40527b07aefd6be280222481582fbec
2023-03-28 16:32:23,True,0.07202,4.137e-05,119.79,0.0049,0xcc...681d,https://etherscan.io/tx/0xfe4f5536c1b5eb79bcc3f5f86091a704650538b998139eb42688484afa0d36be
2023-03-28 16:31:47,True,0.07202,4.136e-05,1739.63,0.0719,0x79...0fa0,https://etherscan.io/tx/0xe2800cf12bbe70d85e4c2e55e2a04952a17fc43ea527cbc6b5e43780364f14fb
2023-03-28 16:29:11,True,0.07216,4.134e-05,2397.25,0.0991,0xdb...511d,https://etherscan.io/tx/0xb92280adf8c6156e929cd2e524905cb8124964dcb74ffa4d5d30b86cf1795bd7
2023-03-28 16:26:59,True,0.07208,4.129e-05,10561.7,0.4361,0x22...897b,https://etherscan.io/tx/0x0a1d84deb5599fc8e99f9e4d3b41487212c8c3da227ae77920427231f60b20dc
2023-03-28 16:25:11,True,0.07194,4.123e-05,3181.99,0.1312,0x45...12ed,https://etherscan.io/tx/0x7b64c4046623ba5cbff28ec70e449772e97e9f6184f161875f775e7aee64efdf
2023-03-28 16:24:59,True,0.07182,4.117e-05,13121.7,0.5402,0xcb...f1ac,https://etherscan.io/tx/0x0f0760f7f71df2c6ca9be87678b716657d9072858cad7aaec9e78045056a4138
2023-03-28 16:23:59,True,0.07162,4.108e-05,6970.59,0.2864,0x2e...f345,https://etherscan.io/tx/0x26317f8300c2fcddbb45ec2d2089fdbd7b55f4b7c74c40039aadb93a4bb86f76
2023-03-28 16:23:35,True,0.07156,4.105e-05,1339.72,0.055,0x74...b946,https://etherscan.io/tx/0x1d3319be48db67af1f755714af033df679142dc0afa85f804274f1b5165fb745
2023-03-28 16:22:59,False,0.07113,4.081e-05,2000.0,0.0816,0x9a...fd3a,https://etherscan.io/tx/0x13bcc5cac6ca89e429f45ed8abce17a06502092010012557ad69dac6716624c5
2023-03-28 16:17:35,True,0.0717,4.105e-05,1336.58,0.0548,0xd3...c38b,https://etherscan.io/tx/0x202cc784d50b00522868b041cc4e3d2b5c7bb11884475797f2e65bae6434cfc8
2023-03-28 16:17:23,False,0.07155,4.097e-05,39926.7,1.63585,0x08...db0a,https://etherscan.io/tx/0xe66e4f640af360fc12a117f184d3e24f6ec594a8c99e9b6c29ddfeda5c6ab708
2023-03-28 16:16:35,True,0.07222,4.138e-05,359.304,0.0148,0x54...d279,https://etherscan.io/tx/0xf09e4b8b3e2dfec5757c4605d2d428e8c448481f45360476e48c0fc043af8f8d
2023-03-28 16:16:23,True,0.07221,4.137e-05,1677.1,0.0693,0x75...c875,https://etherscan.io/tx/0xb45e6e6ac35581404e18593e57cf32f3e330b186a7a2af710bbf12a3a37ee47e
2023-03-28 16:15:59,False,0.07184,4.116e-05,10000.0,0.4116,0x85...29b1,https://etherscan.io/tx/0x5ab72a2531530e49f373d781223cc836ec933e5413b77c66a99a30d76cd134a0
2023-03-28 16:14:11,False,0.07208,4.126e-05,14759.1,0.609,0xb7...91c9,https://etherscan.io/tx/0x68ae0361c626b51ebc56fb478a5db332cb1f40703276352c26cbd12b3885dea8
2023-03-28 16:13:23,True,0.07251,4.147e-05,23883.0,0.9905,0xa5...d047,https://etherscan.io/tx/0xf4e58ef59efd90cd41ee89d7f1835dc04687094cb24299443b77190686d848bf
2023-03-28 16:11:47,True,0.07232,4.135e-05,4794.06,0.1982,0x96...252f,https://etherscan.io/tx/0x21c528e7197af80795f0e19a8d5a9098d93b2131bbde96bd330d8a2a5862a4f8
2023-03-28 16:11:23,True,0.07214,4.128e-05,11044.0,0.4559,0xbe...99f2,https://etherscan.io/tx/0xc0e4f4b51902e2666322ceb47ebe6050ada3d52a684f3d4e2122d13fd9800190
2023-03-28 16:10:59,True,0.07203,4.123e-05,2163.65,0.0892,0x85...c1aa,https://etherscan.io/tx/0xe2e46effcc5334877cb88a12181f581fdca5fb82e7b9f78c4464f8a5edfb9bc5
2023-03-28 16:08:59,False,0.07165,4.099e-05,5079.86,0.2082,0xfb...7441,https://etherscan.io/tx/0x09015d059dc8f09fea7462934327c9a0f2736ac685a3d11119a621f747b0b148
2023-03-28 16:08:23,True,0.07205,4.125e-05,3604.5,0.1486,0xaf...d320,https://etherscan.io/tx/0x827a6ab70f230dcfa84b4f9886eba953c76ab090545858d022cd7f77b0360779
2023-03-28 16:07:23,True,0.07193,4.116e-05,16855.7,0.6938,0x74...04bb,https://etherscan.io/tx/0x9a8bf4f9b9c462706dde750eb207e1037d572bfafc9e40c1a8e60b2b32717220
2023-03-28 16:06:11,True,0.07174,4.105e-05,10000.0,0.4105,0xdb...7e0e,https://etherscan.io/tx/0x6c2ccc101ec4867a0e4cab2625f74f079f323c4a09021b4d6f6a734204e7d4c2
2023-03-28 16:04:23,True,0.07126,4.097e-05,9676.98,0.3965,0x56...641e,https://etherscan.io/tx/0xb99c171937bb26136266147ca815f05977f054b85df3d2890eca6e05ebab9860
2023-03-28 16:03:35,False,0.07076,4.068e-05,8.77e-07,3.568e-11,0x11...48d5,https://etherscan.io/tx/0x8427a2ab96793a762568cfdeec746236bb80e358506b5d98cca5e8c358fdc9f0
2023-03-28 16:02:11,True,0.07111,4.091e-05,3706.42,0.1516,0xa4...a71b,https://etherscan.io/tx/0xbb0423c483cd9c22324e6dc1a21dfd33b00ccb4882d1d1b7a173569c58d4de7b
2023-03-28 16:00:47,True,0.07103,4.088e-05,4891.98,0.2,0xc0...bfb4,https://etherscan.io/tx/0xf09b2d66015b53b838e39bb003ea1e1206321687bdfc1ffbeeec0cc22b632170
2023-03-28 16:00:23,True,0.07088,4.079e-05,17159.8,0.7,0x48...c14c,https://etherscan.io/tx/0x7f1f68b3520a86c5da5011685708d33e2a7449e2afca9656f980a21176fbd78f
2023-03-28 15:59:11,False,0.07055,4.059e-05,28331.9,1.1501,0xed...7eb8,https://etherscan.io/tx/0x5e3a74fdd68d90a5d74a5c76d66dae1ec9f503410b70e0fd262be8bb6c0a0680
2023-03-28 15:58:11,True,0.07123,4.095e-05,1000.0,0.0409,0xd5...a8a1,https://etherscan.io/tx/0x51a7d099425fae166a7a7472230884abe9edaecfe839d526e8f586ddcad04348
2023-03-28 15:57:59,True,0.07073,4.064e-05,73810.8,3.0,0xda...842e,https://etherscan.io/tx/0x62b5bbca865dda44450f85d189868bf9c6ff6736dd01a851040d00ac2efdc5de
2023-03-28 15:57:59,True,0.07019,4.033e-05,3686.66,0.1486,0x52...2c62,https://etherscan.io/tx/0x3fe91932252bc69996ee20f30b8377d6e1a6f1b413d21afa2d35c4a01b8858bc
2023-03-28 15:57:11,True,0.07017,4.031e-05,1193.58,0.0481,0xdb...6c15,https://etherscan.io/tx/0xd1000be3b1fe2a51b99fe60d14621ec99bd6c2db452fd6a6c92bcd4da6a52766
2023-03-28 15:55:11,True,0.07022,4.03e-05,272.421,0.0109,0xaa...d1a7,https://etherscan.io/tx/0x5f3da924502a7891bb498a2c45080e89dbf608b5200fea9ddf9bfce169d12263
2023-03-28 15:54:23,True,0.07018,4.028e-05,4551.95,0.1833,0x20...96f4,https://etherscan.io/tx/0xb6514bb4340fa345b94927b7f6ce602fa101a9c69f299d8e1f07206f2a49cd9c
2023-03-28 15:54:23,True,0.07015,4.026e-05,282.817,0.0113,0x3b...346b,https://etherscan.io/tx/0xf436f8651833919183897306c339492c541d906b692b0c1831214b6ede628706
2023-03-28 15:53:11,True,0.07014,4.025e-05,1822.14,0.0733,0x66...3564,https://etherscan.io/tx/0xd6cce1dab8e351bf349380c8ce0d9fe7d8fc92c5b45d84f946fc1d18c17fd3fe
2023-03-28 15:53:11,True,0.0701,4.024e-05,2735.32,0.11,0xe3...b792,https://etherscan.io/tx/0x0c43792eeedd8eef9123e6e4518694f3aa900a6f81c4efbbad8aff9b58523736
2023-03-28 15:52:59,True,0.07002,4.019e-05,9454.74,0.38,0xdf...e087,https://etherscan.io/tx/0x1ab2b2c18e23aa6ba6761b749011c41914cb16fbca2d9270615325bf28d06129
2023-03-28 15:52:35,True,0.06986,4.01e-05,13501.8,0.5414,0xba...37d1,https://etherscan.io/tx/0x6083642f49992f8ce225a04e46dbb2624181233ad1af7e935ad5679ee0f2f440
2023-03-28 15:51:35,False,0.06944,3.984e-05,9550.15,0.3805,0xa9...3172,https://etherscan.io/tx/0x5c9ac723972ca34c102ed73e582a075d43ec371dc6b23c21ae9963835bea93dc
2023-03-28 15:50:23,True,0.06978,4.01e-05,3244.26,0.1301,0x44...8d10,https://etherscan.io/tx/0x634988b52f52da320b8f7215dbfcf01df8c6359074bd6055ae061a8589c20418
2023-03-28 15:49:23,True,0.06962,4.005e-05,9985.93,0.4,0xbb...3445,https://etherscan.io/tx/0xfc9458862a6b46a46f0d56608504007a55f279ec112b95e8b11a564f2bf04772
2023-03-28 15:48:35,True,0.06953,4e-05,2849.74,0.114,0x47...2667,https://etherscan.io/tx/0x010f37ad869724e9971361ef1c11c249e36172afb6f8c01564c7f895a135d754
2023-03-28 15:48:11,True,0.06951,3.999e-05,822.926,0.0329,0xdf...4faa,https://etherscan.io/tx/0xea81c3b80d41db2842e08ec1adf7b34844efb0d835fccb0827f6e01b1195820f
2023-03-28 15:47:23,True,0.06952,3.997e-05,2672.3,0.1068,0x24...50b2,https://etherscan.io/tx/0x4cdd70ff12995b2b6dcd6d0901448c170295230fa5ca4cf3e2442ff795e72dfe
2023-03-28 15:47:11,True,0.06949,3.995e-05,2002.08,0.08,0xb6...f35e,https://etherscan.io/tx/0x3fa7544552766f81ba2aadd6ade8156cb4937228b44d1cbb10594364308739a1
2023-03-28 15:46:47,False,0.06925,3.982e-05,28000.0,1.115,0x78...62c3,https://etherscan.io/tx/0x7c51a948cb9ff24a68cf3c83a7f8cfc109387ba518775067e33c14338104604c
2023-03-28 15:46:11,False,0.06988,4.022e-05,72575.1,2.9191,0x97...aa4a,https://etherscan.io/tx/0xa550bf6bbffd730573f59b77918fb8def81a1f7861ab37a85156a8cfe0317326
2023-03-28 15:45:35,True,0.0708,4.075e-05,1130.39,0.046,0x3b...7af1,https://etherscan.io/tx/0xde2f002e029fa092db5538646673212d9ca18b4a72eca0b04c9996b511fc76cc
2023-03-28 15:45:23,True,0.07028,4.046e-05,70954.8,2.87082,0x62...3d69,https://etherscan.io/tx/0xd6a83dbbf502b1e52d0f01f7e9244d17482dc2bedebaaa1b9b27b6d5525242c7
2023-03-28 15:44:59,True,0.06975,4.015e-05,4500.0,0.1807,0x28...113e,https://etherscan.io/tx/0x7abc30250a39f017aff06d608374e2977448d47790fd48cfdc3ddc964d5c504e
2023-03-28 15:43:59,True,0.06969,4.012e-05,3937.66,0.1579,0xba...aa98,https://etherscan.io/tx/0x7b4d4e9c0a9dca65ae3c6a75d0654928750c9b00170bd56126e64d81b3baf84c
2023-03-28 15:43:35,True,0.06955,4.004e-05,14850.8,0.5947,0x5a...b973,https://etherscan.io/tx/0x4d53314aa643cc616bf23bb0a0ecc0292ad7d1707e933ab7c571e48990e8d35e
2023-03-28 15:43:35,True,0.06915,3.981e-05,43281.4,1.72339,0xa1...1dfc,https://etherscan.io/tx/0x5c147c7d90206ec04062725bfac32b1347e83223bbc06d71d55af87d273de4e9
2023-03-28 15:43:35,True,0.06884,3.963e-05,3038.51,0.1204,0x89...f66e,https://etherscan.io/tx/0xa1024ae9263cc7ba5ea0dc4362013f0807d9535325744c8f7c19be5b8be0a97a
2023-03-28 15:42:11,True,0.06889,3.962e-05,514.108,0.0203,0xf7...820a,https://etherscan.io/tx/0xedde31ff1ef0a7fabe38fcdfe31ee0eab77eedc515b7b112b66e522aad2a9799
2023-03-28 15:41:47,False,0.06848,3.938e-05,1600.0,0.063,0x42...77d9,https://etherscan.io/tx/0x526c9df46261db969cc0aa8353e18e9374b0020c47e1020ed78c17f625c6b832
2023-03-28 15:41:47,False,0.06918,3.978e-05,100000.0,3.97878,0x95...4686,https://etherscan.io/tx/0x90d02053bc013957084970954e1e361cc156860285d2e3884b40bc8b5f870e75
2023-03-28 15:41:11,True,0.07031,4.041e-05,2389.15,0.0965,0xc1...1ab3,https://etherscan.io/tx/0x926533219477d9a0d7d0fb553e638d012a0ba55cfefc57268712b98ef5c55aeb
2023-03-28 15:41:11,True,0.07027,4.039e-05,3713.72,0.15,0xbd...6a4d,https://etherscan.io/tx/0x0f9b2895e94ca228cf11017e6117a4b041ec1a6b8f66b50dc01fd5cb30608ceb
2023-03-28 15:40:47,True,0.07022,4.036e-05,2455.66,0.0991,0x52...2c62,https://etherscan.io/tx/0x45869d787e048eebaacda4760b87a3e7d6d299b6da7b7dc2ee0f9ed8eb448937
2023-03-28 15:39:47,True,0.07,4.034e-05,2316.37,0.0934,0x17...a966,https://etherscan.io/tx/0x9768393f99d89edcc237b54f43be02dd8feacd57736122b628e5451b0dae9419
2023-03-28 15:37:59,True,0.06987,4.029e-05,11070.5,0.446,0x73...08e4,https://etherscan.io/tx/0xea10dc3a6ac917add83cce41b748ff4c664b7e626e525c33c3b2404fe5f68e25
2023-03-28 15:36:23,True,0.06981,4.024e-05,668.751,0.0269,0x69...c2f6,https://etherscan.io/tx/0xb390a71538b26ab7a085168bf3a320d5921bf47250c2f9e13d33440caf2d3c09
2023-03-28 15:33:23,True,0.06976,4.022e-05,3449.59,0.1387,0xcc...550d,https://etherscan.io/tx/0x53326cb924c56c790871574bd7a5a8559f05792506fcbd3380963a24e6dbdb63
2023-03-28 15:33:23,True,0.0698,4.025e-05,8.77e-07,3.53e-11,0x11...cdfb,https://etherscan.io/tx/0x2ba691da0d056438a50d794bd929795522750e3e7340ee7b990c6ba7814f5740
2023-03-28 15:33:11,False,0.06937,3.997e-05,8.69e-07,3.473e-11,0x11...7f80,https://etherscan.io/tx/0xc725353f0f4a99dc1ba4effdc4e765e3ab49657cfd9b00a0679bc3cfbab380f8
2023-03-28 15:32:47,False,0.06939,3.998e-05,1500.0,0.0599,0x2e...f345,https://etherscan.io/tx/0x71f1b214ff84d3cd891584d5d4f42ffc101cb8032fd0f40cb6b9c14c15b37945
2023-03-28 15:32:35,True,0.06981,4.022e-05,1501.68,0.0604,0x87...da26,https://etherscan.io/tx/0xbbdaf92f46130a072087c7e96ce8db052ffb34a192e449fa44309d0b284e19a0
2023-03-28 15:30:35,True,0.06976,4.019e-05,5582.88,0.2243,0x27...2973,https://etherscan.io/tx/0xbeaa6779a1a479f9095ae8e8b96a1d0366497ead3e5eebf27e8ae2ae9ed60d9f
2023-03-28 15:29:47,True,0.06962,4.016e-05,1604.18,0.0644,0xa9...31ee,https://etherscan.io/tx/0x458bafa600bb8625cfa1455ba1037df45f6c1eb0d96c399334d853904fce205b
2023-03-28 15:29:47,True,0.06956,4.013e-05,7065.49,0.2835,0x05...706e,https://etherscan.io/tx/0x985463b85ab8e48e2eb264dd98bd111d7c9caad008cd745461c7a7d28968d7b3
2023-03-28 15:29:11,False,0.06944,4.006e-05,50000.0,2.00301,0xac...d382,https://etherscan.io/tx/0x140d4a363255169b431ac28e2cb16e7a5cda892abc61667abf625ce8e1ee835a
2023-03-28 15:28:35,True,0.0702,4.05e-05,526.956,0.0213,0xbe...5177,https://etherscan.io/tx/0xc00eb1da21119fd90ca9f657942b7520e7c6029444a4b31917387b888600bcb0
2023-03-28 15:28:23,True,0.07019,4.048e-05,2074.13,0.0839,0x0b...f2a9,https://etherscan.io/tx/0xce3d9ace654dac111b038f9100762ee88f8865bfc5960257dd559c79362ab43c
2023-03-28 15:27:47,True,0.07011,4.044e-05,8577.75,0.3469,0x5c...3bcf,https://etherscan.io/tx/0xef622ed668343c117f30468e480174cbf2c4049a493318ebdc55683c322705d6
2023-03-28 15:27:11,True,0.07003,4.04e-05,2453.48,0.0991,0x82...5fac,https://etherscan.io/tx/0x8fcae65cfc7ff089aaf32e09e27313d88e0995d0a8221fa5a83d35a5869cc63c
2023-03-28 15:26:11,True,0.06996,4.036e-05,6623.48,0.2673,0x4f...7447,https://etherscan.io/tx/0x2b1845cd36498afb0b0432d21cc0f03cb8fcc20503f1cd826c57c2d9abca1a0c
2023-03-28 15:25:11,True,0.06988,4.032e-05,3933.26,0.1586,0x09...1197,https://etherscan.io/tx/0x2f3455ada1edd9040f6952583b82c66f778e1eb4b919c463addcd321c5ca3c9d
2023-03-28 15:25:11,True,0.06982,4.029e-05,3970.59,0.1599,0x2d...9bc7,https://etherscan.io/tx/0x7359899ca3e759b5a1d670577cc36904f376c3845def897d1e791546c0bb158d
2023-03-28 15:24:35,True,0.06968,4.022e-05,13061.3,0.5253,0xeb...2556,https://etherscan.io/tx/0x802cb8a0232a118e006fad8919947ea75830dc03fdf6dfd676d2c761e9765a17
2023-03-28 15:23:47,False,0.0693,4e-05,18909.0,0.7564,0xa8...c9d0,https://etherscan.io/tx/0xd09bfd45b4a8dc04e59ace8a5789b6abb678fffa76fa33eab0ae3b2cd3c7f9e5
2023-03-28 15:23:35,True,0.06983,4.03e-05,3442.88,0.1387,0xf1...dffe,https://etherscan.io/tx/0x65468d5a1a32762c784a8767038a72253a779b6b44f984dbbbf2fb91929e49f1
2023-03-28 15:22:35,True,0.06979,4.029e-05,993.956,0.04,0x73...ae60,https://etherscan.io/tx/0x652c79810b741f10ad350ccf3f8f456a8a676331912a9523db5cf1c27cd07979
2023-03-28 15:22:11,True,0.06976,4.028e-05,983.564,0.0396,0x32...9d0c,https://etherscan.io/tx/0xc5421efb0233c4f2a49145c15e285f94035bb16731dba11734b5d06e1c5f2e98
2023-03-28 15:21:47,True,0.06975,4.027e-05,1230.66,0.0495,0x73...5c8b,https://etherscan.io/tx/0x961a04fa1243e125bda6f099b54f4427f5a31de59a729189b90055d5473a24d0
2023-03-28 15:19:47,True,0.06974,4.026e-05,354.43,0.0142,0x0b...f2a9,https://etherscan.io/tx/0x7646552c25c2327744e89789622632526f34e6b3e14fcf5c6c448c3c4642d393
2023-03-28 15:18:59,True,0.06975,4.026e-05,526.732,0.0212,0x7b...55d7,https://etherscan.io/tx/0x553e641d46c11b9ae08a79512e043c6bf6e0326ace4fd26a4358db27c788e521
2023-03-28 15:18:47,True,0.06973,4.025e-05,1967.39,0.0791,0x17...a966,https://etherscan.io/tx/0xa63410e40c64db24375adca5ae38622b3b0233a79185183a87e18abd5c6b8862
2023-03-28 15:16:23,True,0.06972,4.022e-05,6529.82,0.2626,0x52...ef6e,https://etherscan.io/tx/0x58661ec9d6ceb055297c817efd531fd309c732e704fa85f2ca5c93cea1454056
2023-03-28 15:14:35,True,0.06967,4.019e-05,1091.64,0.0438,0x78...8b0a,https://etherscan.io/tx/0x5ad260042388feb58d6568f02817b1ffea5ad05423ac771d130baf679ba8be22
2023-03-28 15:14:35,True,0.06962,4.016e-05,6161.55,0.2475,0x80...5a5c,https://etherscan.io/tx/0x52c6d4628a883fc9fa295a246bb18c6f7d59ba8c3f67467d0404961f9af96f1a
2023-03-28 15:13:11,True,0.0696,4.014e-05,716.131,0.0287,0xba...bf04,https://etherscan.io/tx/0xe7eb1a45341b1166812345a2050e5db70cbf7b9bb4a0bc807b89c363a5c6aa49
2023-03-28 15:12:47,True,0.06934,3.997e-05,41269.9,1.64972,0xc6...fed0,https://etherscan.io/tx/0x5046eb53e6dc9309507dc700ff5d857d1d796477f84449dae7da8c0e8bf8b134
2023-03-28 15:12:35,False,0.06897,3.976e-05,48006.9,1.90881,0xd6...aa29,https://etherscan.io/tx/0xf546ceff712fc0dd45aa145ea22daccc7ebe7e139ef5db3172633a4bb7359c2d
2023-03-28 15:11:47,True,0.06958,4.009e-05,24724.3,0.9912,0x1a...3871,https://etherscan.io/tx/0x2e65771563a1a89a83e0363e1359399bf2ea6f65665dd360b8d3c565de8c6281
2023-03-28 15:11:11,True,0.06931,3.993e-05,13964.0,0.5577,0x3d...64c4,https://etherscan.io/tx/0x365d36c5abcdf2b0844fad49d11086ed5ebfe8830bf612cf244287d2af2bb4c6
2023-03-28 15:10:35,True,0.0692,3.986e-05,5374.93,0.2142,0x4f...7447,https://etherscan.io/tx/0xb8ae3acbb711907374055b80f83045419f2fabb8d38da058bc6683cb8a9d2a35
2023-03-28 15:09:47,True,0.06914,3.981e-05,7476.86,0.2976,0x10...f564,https://etherscan.io/tx/0xbc3c0091718b11ce7862ae506ccef151efdb26807b0dc621bda30680bf658000
2023-03-28 15:09:47,True,0.06909,3.977e-05,716.374,0.0285,0x07...6e36,https://etherscan.io/tx/0x8e95d45533ddca4f6bf88bcc53a54e34fb9b9a7e759e6d88d24605fb0372c027
2023-03-28 15:07:47,True,0.06964,4.01e-05,4166.41,0.167,0xbf...9a66,https://etherscan.io/tx/0x80e40e6e78b0c6d43de07e7483f799a0723edadc3c9ab11baa706caacdcf968b
2023-03-28 15:07:47,False,0.06861,3.95e-05,500.0,0.0197,0xf9...4856,https://etherscan.io/tx/0xfe63182d689541c723df88f418ad02f570fd5e67b6d8768938b3d328e9dcca23
2023-03-28 15:07:35,False,0.06892,3.968e-05,45564.2,1.80834,0x37...9eea,https://etherscan.io/tx/0x076160469c5bdae50dbb22f80c3d0661cf5f8bea4f2bcf4dec6704408776024f
2023-03-28 15:07:35,True,0.06963,4.009e-05,2966.7,0.1189,0x89...1b52,https://etherscan.io/tx/0x4d3cc989da00de3797b7da6631390139252222c4e9d6401b7f13d1e2ea61dfe8
2023-03-28 15:05:47,True,0.06959,4.007e-05,3017.93,0.1209,0x39...eb16,https://etherscan.io/tx/0x08ccebefea79eb982fa30fa1f3bec00b31c45e7e36b55730850026eaf1ac296e
2023-03-28 15:05:47,True,0.06955,4.004e-05,2496.92,0.1,0x99...1e54,https://etherscan.io/tx/0xba2cd2b9abb8bc7c551ab84ce9dcf740e9264eb1c64fd4b5329b89c9ce406d73
2023-03-28 15:03:47,True,0.06943,3.999e-05,10904.8,0.4361,0xab...14fc,https://etherscan.io/tx/0x5717c9818d52a1fa11221cd103b9de33589c5c9d40a14e2161b7f7ab6f32d30e
2023-03-28 15:03:35,True,0.06934,3.994e-05,3151.92,0.1258,0xb0...da6d,https://etherscan.io/tx/0xd1829bca13787ed1e828e6013c094e2169f69a60bf02ddc775193e54d92d0092
2023-03-28 15:03:23,True,0.06932,3.993e-05,8.69e-07,3.47e-11,0x11...041f,https://etherscan.io/tx/0xa993c830b59a8759e00e085cc3925c496821fdbc6fefac819b55847ee5d259e6
2023-03-28 15:03:11,True,0.06927,3.99e-05,6265.18,0.25,0x6f...ed07,https://etherscan.io/tx/0x13ced7ee34f4df00f3218dc1e92495a205dda86e0fca92631d1850587baa5011
2023-03-28 15:03:11,False,0.06902,3.975e-05,1.74e-06,6.897e-11,0x11...cdfb,https://etherscan.io/tx/0xfa16e9374aca9492d9b80a5c3d9dfb232a30e575b64c3478a817d1f17057b992
2023-03-28 15:02:47,False,0.06947,4e-05,92749.8,3.7106,0x05...8aac,https://etherscan.io/tx/0x3c11942903777fd95d7871a7f12870c429e2aec38c19c631cdd4200174e7b3eb
2023-03-28 14:59:35,True,0.07052,4.061e-05,1181.85,0.048,0x6d...f053,https://etherscan.io/tx/0xbc34930a4e29c729fda9e0ebc89dfc64dfd6755aedf0e9f26345c07f701a7e81
2023-03-28 14:59:35,True,0.0705,4.06e-05,1831.03,0.0743,0x94...cb2d,https://etherscan.io/tx/0x6b99ca189ba391d8a2e317d42f1ec19108b9dd38d7e034559ac3ef7f04b0b1e4
2023-03-28 14:59:11,True,0.07047,4.058e-05,2442.42,0.0991,0xf7...06cd,https://etherscan.io/tx/0x06098ac9fc29a4e7c7fae24e28ff2206392d6815e9ca7493392b9daa34703b79
2023-03-28 14:58:47,True,0.07045,4.057e-05,415.329,0.0168,0x8b...143f,https://etherscan.io/tx/0xa67079d8be93b4556230b8b02d2d6bd0cab30b44b7027b752fd9e004dfea5c7b
2023-03-28 14:57:23,True,0.07023,4.044e-05,30926.8,1.25088,0x09...c5a9,https://etherscan.io/tx/0x8fb8257f069f1fa890efefb4af36388980e47b206fecce43a18edd8e73d2b12e
2023-03-28 14:57:11,True,0.06985,4.022e-05,23748.4,0.9553,0x4d...f765,https://etherscan.io/tx/0xdf4d3121621dfc57922c300c334aa004ad889efa27729fb1a3ecfdddcf04c2f2
2023-03-28 14:55:47,False,0.0694,3.997e-05,19888.7,0.7949,0x27...0add,https://etherscan.io/tx/0x3e57fd1f390f12ab8e8b6844a34ee2059a3c06ab257b70915c380a92ed7a5539
2023-03-28 14:52:59,False,0.07004,4.026e-05,53575.4,2.15714,0x4b...42a3,https://etherscan.io/tx/0x02960db99274cd9cd4c0836d6cacb0cdc3d6d42ba5f9b72333bf1efc9cec452c
2023-03-28 14:49:23,False,0.07054,4.052e-05,12459.9,0.5049,0x98...a20e,https://etherscan.io/tx/0x801417752a36bfc981c5c41208857f5180110e1888646feb29e95c088f54f0b9
2023-03-28 14:49:11,True,0.07225,4.151e-05,39498.9,1.63994,0xf3...e77b,https://etherscan.io/tx/0xcce29a4e7c4f5a4697ba70c7e2e4cb674f2823dd11ffb4bd705613f49aed32e5
2023-03-28 14:46:23,False,0.06996,4.034e-05,10485.6,0.4229,0xed...ee6c,https://etherscan.io/tx/0x6f0ed2a5ee0eaa4bf1e82e1cbb822bd954d10f24f22ab3411d2bb7490313b762
2023-03-28 14:46:23,True,0.07033,4.055e-05,93526.4,3.79247,0xbb...38bf,https://etherscan.io/tx/0x7a647c873f1a14f4632606c220e3b1eda3a4d5d827c2273f77aba11b46fdeb3e
2023-03-28 14:46:11,True,0.06913,3.985e-05,4050.06,0.1614,0x4f...62c7,https://etherscan.io/tx/0x3f63b93fd563a87a3b994c4bb6ad9f294a95ace301e71b418561d61a8f3e7ff9
2023-03-28 14:46:11,True,0.06917,3.988e-05,8.7e-07,3.47e-11,0x11...48d5,https://etherscan.io/tx/0xba2dd0616cf9e29f05db2b0b2cea9c99c8b46ac94e7b4a96509ee1e2e338ed4d
2023-03-28 14:46:11,True,0.06917,3.988e-05,8.7e-07,3.47e-11,0x11...cdfb,https://etherscan.io/tx/0xf809befe6bd30c7c18f2cd25e57522193a510adb0ab69af101cdf3f02aeae0d9
2023-03-28 14:45:47,True,0.06897,3.979e-05,14580.6,0.5801,0x3f...dbc3,https://etherscan.io/tx/0x13107ea2f50dedebe1d9b245fd4c107bede52c6cf6695b6c261ef3be8c8fc14e
2023-03-28 14:45:47,True,0.06885,3.972e-05,2265.67,0.09,0x52...01f9,https://etherscan.io/tx/0xa4cf03130fd31a683c30c202280704895db222e5a4941b826576e396ab9f797a
2023-03-28 14:45:35,True,0.06879,3.968e-05,7167.94,0.2844,0xf8...966c,https://etherscan.io/tx/0x27d4b26d8b7943c798ed57e75f38c2296846e63a17ba1e1eb8008c908c5987e7
2023-03-28 14:45:35,False,0.06984,4.029e-05,220000.0,8.86496,0x44...6988,https://etherscan.io/tx/0x56dd22aef35631fdf6472209f29989fc09abd7e25ac0b1eb793ed81c154daa7f
2023-03-28 14:45:11,False,0.07137,4.119e-05,1000.0,0.0411,0x42...cf69,https://etherscan.io/tx/0xc286b97bd3e38fa6d5f7c0b40a21258c793d1281fbe2e3376409343c1886cb69
2023-03-28 14:44:59,True,0.07179,4.143e-05,2512.05,0.104,0x64...4a4f,https://etherscan.io/tx/0x1caf26ef04af3258748082fcf0147e63a319e1fca41402bd66f71c1dc88a1344
2023-03-28 14:44:35,True,0.07173,4.14e-05,4548.87,0.1883,0x6d...f25f,https://etherscan.io/tx/0x0718a29c8857e4b27dbb9de017dc9b7e5a33ee6a3a3824fdfb6e9903f560bf65
2023-03-28 14:44:35,True,0.07459,4.305e-05,67001.9,2.8845,0xf6...68eb,https://etherscan.io/tx/0x805c3d7f9fe197dc4d15b7edeb3d54e183f42ab92481d54fe1f67fd9d3216210
2023-03-28 14:43:47,False,0.07067,4.079e-05,51887.4,2.11657,0x1c...e21e,https://etherscan.io/tx/0x862c5509bb57eac2e4effb923278ea84e5ae5a94a8ffe786166e53eaa1fb1f0c
2023-03-28 14:43:47,True,0.07147,4.124e-05,649.972,0.0268,0xab...7e17,https://etherscan.io/tx/0xf648699b629592c48f97f0653d8854a1057dd3b1db24c9242d212adc89f64c2e
2023-03-28 14:42:11,True,0.07147,4.124e-05,1000.23,0.0412,0xbc...5b45,https://etherscan.io/tx/0xc8582b72f74c5ff7001f21c9b011a65ba28a7f12e2c64180fd2c49af039cc676
2023-03-28 14:41:59,True,0.07151,4.123e-05,432.695,0.0178,0x95...b08c,https://etherscan.io/tx/0x502fe6f224845dcef3159871c942affdf693b22f45c42da9fd9721c9022c1832
2023-03-28 14:40:35,True,0.09853,5.678e-05,26185.1,1.48687,0x2f...bb45,https://etherscan.io/tx/0x4dca68e120d78f8d4f2dd7280b0b521e40aa8d581e618a8d31d16dc0de772153
2023-03-28 14:40:23,True,0.07101,4.092e-05,14382.7,0.5885,0xe1...6ceb,https://etherscan.io/tx/0xaed3e1d2732029a50b82ff91bc930439ea7e8b062f4418e6dea4a42c925a5ec0
2023-03-28 14:39:35,False,0.07069,4.074e-05,30114.7,1.22688,0x7f...18eb,https://etherscan.io/tx/0x4acf327a816ec853689416069403d58544311af765575897f1064aadece5079e
2023-03-28 14:39:23,True,0.07545,4.349e-05,83259.0,3.62121,0xe5...6e2e,https://etherscan.io/tx/0x29964dce0476025a3cbda24b90fe5640e9e3038a424002babc2a79a69f4dde14
2023-03-28 14:39:11,True,0.06988,4.028e-05,35029.7,1.411,0x00...0906,https://etherscan.io/tx/0x7e32ff28446c3ebf371ca3d613531d56ba35116f9b18b7e1e9066dfb610e031e
2023-03-28 14:38:47,True,0.06988,4.028e-05,40936.4,1.64906,0x00...6bba,https://etherscan.io/tx/0x06e72ca28f2a9b07ea3aa74133a30e5f5eea033ae2bc8e9f2f0e6c802c6ebfae
2023-03-28 14:38:47,False,0.06903,3.979e-05,54549.0,2.1705,0x25...ad5a,https://etherscan.io/tx/0xbafbcd358a2481c1a5e4add0262e2b8a2157a963fbc86ceb5e080be12081831e
2023-03-28 14:38:35,False,0.06975,4.02e-05,49292.7,1.98168,0x81...c51c,https://etherscan.io/tx/0x30d1a65db75fe8673db9c1a883b376c04e9e4239c4fe4713e67ac849dec26dcb
2023-03-28 14:38:35,True,0.07023,4.047e-05,40497.3,1.63929,0x49...8380,https://etherscan.io/tx/0x3d994f6d0d88a90959af80eb8c20ef475aab4329489903e0de57a09a0634e3ce
2023-03-28 14:38:35,True,0.06912,3.984e-05,119640.0,4.76642,0x4b...e41a,https://etherscan.io/tx/0xddd48d4df1b7c4ff2acc35d3cd53f49fd39a059a841f0f808134358f2341094f
2023-03-28 14:38:11,True,0.06799,3.918e-05,47321.5,1.85443,0x1c...d810,https://etherscan.io/tx/0xcec1fc1295b2d86d16cdadec8586aaf265648677e5eccde44ca6c28809819aa3
2023-03-28 14:38:11,False,0.06826,3.934e-05,147500.0,5.80277,0x7d...65a3,https://etherscan.io/tx/0xeb485871f8113a121bd68bc1865dc301bf96d0b594a17a6c615b07a1f3b880cd
2023-03-28 14:37:11,True,0.06921,3.987e-05,71428.6,2.84803,0xd0...5b64,https://etherscan.io/tx/0x60ddcdc3762925da0f7df0b72e3bfa101eb19a600ebcd31078a604c39781cb1d
2023-03-28 14:37:11,False,0.06852,3.947e-05,30027.0,1.1852,0xcd...a606,https://etherscan.io/tx/0x2b0d5e2346baf83faab2e3fa2efc194a06a5d1ddb0eec522a853bb0047579ffd
2023-03-28 14:36:59,False,0.06965,4.012e-05,134340.0,5.38992,0xa5...bf62,https://etherscan.io/tx/0x50c127a5556c16a9a3f423b8160a5ab6191045ece9a44b6a08003620e0ff98eb
2023-03-28 14:36:23,False,0.07094,4.086e-05,48971.8,2.00104,0x76...7d5e,https://etherscan.io/tx/0x668d28b1ee9c5d439c617cf7ca716a9ee3061da43161f9a521377509896d57fb
2023-03-28 14:36:23,True,0.07116,4.099e-05,76599.8,3.13999,0xaf...4ea2,https://etherscan.io/tx/0x3ae2cb87f53e48f6e99d2b83e58e739db6bd91b075b7955fc7c17909cf2c1ead
2023-03-28 14:35:59,False,0.07058,4.064e-05,50967.9,2.07142,0x2a...593c,https://etherscan.io/tx/0xfa8ce523da062efdee9f96737fdf2e20b63459dfa1a44d8b7f73322d14a0135d
2023-03-28 14:35:47,False,0.07096,4.086e-05,2600.0,0.1062,0x64...4a4f,https://etherscan.io/tx/0x7ad89d61cbecc7f987a412bf7e914761259bef53bcf0d491ed0d2a8cf6270053
2023-03-28 14:34:59,False,0.07117,4.102e-05,36656.1,1.5037,0xd8...b09e,https://etherscan.io/tx/0xf787363d2a6b2df22105241dce632fb4f86fa9ba89acbfbd84fd902ce93e1cb5
2023-03-28 14:34:59,True,0.07175,4.135e-05,14895.1,0.616,0xa8...ded0,https://etherscan.io/tx/0xabcf56251d0217574a1fe39ef2c582cd7ce0e6b739d8c7395e759005c6ff9bbd
2023-03-28 14:34:11,True,0.07137,4.119e-05,24274.4,1.0,0x80...822d,https://etherscan.io/tx/0x9d13b32992a22aadc39f29bd9c75a9431bdf1da2fd37e6720262106468549e3c
2023-03-28 14:33:11,False,0.07117,4.105e-05,50000.0,2.05277,0x55...6cc6,https://etherscan.io/tx/0xaddcd481d63d6c9329c2d3bff71256d588edbdd990a8d600bf623dc2874ece16
2023-03-28 14:31:59,False,0.07179,4.14e-05,34891.0,1.44477,0x25...ad5a,https://etherscan.io/tx/0xcaeb6042b210c85d59ecf1056b27f24fdd95adbdd885fd3d9137de2642805a2b
2023-03-28 14:30:35,True,0.07245,4.179e-05,1660.09,0.0693,0x36...f20a,https://etherscan.io/tx/0x3e97ce763c2fd118d16fab524f3dd7b9e512c23d5d1612ebeb8ba0bca50ac054
2023-03-28 14:26:11,True,0.07255,4.172e-05,15579.9,0.65,0x6f...ef49,https://etherscan.io/tx/0x7952b03c5cc09f2230899e2b4078855d8669dbea55054faa4e77508d67a42e03
2023-03-28 14:25:23,True,0.07241,4.164e-05,4022.93,0.1675,0xeb...1ee9,https://etherscan.io/tx/0x3d3ad79249ee2bcc2d998fa396b0c6b83757580b2fe2318f4541db193597985d
2023-03-28 14:25:23,False,0.07214,4.148e-05,26577.0,1.10259,0x5f...e9d6,https://etherscan.io/tx/0xdf4b76c9f3dbb625820e18640d0a44619ee9ba4f8878eb5069ef6aa05c0b1754
2023-03-28 14:24:23,True,0.07275,4.183e-05,2369.2,0.0991,0xdf...a015,https://etherscan.io/tx/0x8b99aff1bae86fc1a66105915a1af1b3e7e5d300703a4af46e1fb4eac1fbde63
2023-03-28 14:23:35,False,0.0723,4.157e-05,100.0,0.0041,0x5f...e9d6,https://etherscan.io/tx/0x1bb3af68bbe20610094a81a5ed1601f666c6a04a6f9eb0e1ea61bdc1885f7bc7
2023-03-28 14:22:59,True,0.07282,4.183e-05,30.1461,0.0012,0xae...3c40,https://etherscan.io/tx/0xa28163c211aced95b34f3c98134ae8017362fa9446687777c16497af8cfabfe0
2023-03-28 14:22:35,True,0.07284,4.182e-05,1004.18,0.042,0xdb...9ae9,https://etherscan.io/tx/0xd656788b5b9adea3b1eabf6cb6771111ad70905eb7d5d6c96649759878ab8c47
2023-03-28 14:20:11,True,0.07287,4.181e-05,1262.23,0.0527,0x79...c3f5,https://etherscan.io/tx/0x8aab24bcad2de8288dfc4f63c51ff8b2a5c31e5292bc10d997b4228138130829
2023-03-28 14:19:11,True,0.07283,4.179e-05,3557.53,0.1486,0xd1...8dd6,https://etherscan.io/tx/0xee43403209a637b4449c0933f761d9a08f7de33045d239c24baab4fa00b4dc8b
2023-03-28 14:18:47,True,0.07285,4.177e-05,638.586,0.0266,0xc4...fd22,https://etherscan.io/tx/0xdd49e6073cc7fa67d1654f229807b2e65ab2488e64e0bac734a6422b1dc943d9
2023-03-28 14:17:59,True,0.07278,4.173e-05,9436.43,0.3938,0x12...9bc2,https://etherscan.io/tx/0x941ece05c02b4962c4ace42b29b893f173c6ec38193d4398a6cc7d6f7590fe78
2023-03-28 14:16:35,True,0.07267,4.164e-05,10804.6,0.45,0xc8...4ad1,https://etherscan.io/tx/0x30d9c62ea4f02f52deaa900eff546fa42e934d23c84e243b4ff53ffe034da272
2023-03-28 14:13:59,True,0.0726,4.16e-05,953.136,0.0396,0x06...d202,https://etherscan.io/tx/0xaee57760c5e8e7203e35279fd620c549bb4ff5914fdb447cfaf9fcaf91e75c51
2023-03-28 14:12:59,False,0.07219,4.135e-05,2537.0,0.1049,0x17...4c19,https://etherscan.io/tx/0x20c0c5d078dba57134587012ed5c629425b5c9ada3e7b0bad57b2d65ce062aa6
2023-03-28 14:11:11,True,0.07269,4.161e-05,1403.21,0.0583,0x9d...ae6d,https://etherscan.io/tx/0xfcfbd4b3f802996b887346c4bb959e7ffd86efa54663f857de8a992a7aad6c51
2023-03-28 14:10:47,True,0.07261,4.156e-05,9539.33,0.3965,0x5f...1eab,https://etherscan.io/tx/0x334128402b116d9e3b9dc047b1fcf0d06f45d272df161f201aa9d71b2d307064
2023-03-28 14:07:23,True,0.07254,4.149e-05,7184.97,0.2981,0x42...028c,https://etherscan.io/tx/0x03225ac6357f0da04af7157fd5c87d62e1482272043097db3f4707779ff84e05
2023-03-28 14:04:47,True,0.07232,4.137e-05,22466.3,0.9294,0xc6...fed0,https://etherscan.io/tx/0x558de447f222a8efec6bc9e68b67ebe3aef20782c32fc681f2ba47456f2ca048
2023-03-28 14:03:47,True,0.07212,4.125e-05,4204.38,0.1734,0x98...50cb,https://etherscan.io/tx/0x12b2886953fe1affeae5c66ee3258199cb040000df49fa738416e5e4acb0d9c6
2023-03-28 14:03:35,True,0.07194,4.112e-05,28205.2,1.15992,0xc6...fed0,https://etherscan.io/tx/0xa9202d18a3a8d3b3d1efc3a1e34c9449118425afa8f2d27516a8920cddd76d4b
2023-03-28 14:03:23,False,0.07133,4.077e-05,3024.69,0.1233,0x8d...6220,https://etherscan.io/tx/0x2cdabb1203d98afb740592fa10549543e0f9076d86986f90c80220ad90d6e0c7
2023-03-28 14:00:59,True,0.07166,4.101e-05,5390.05,0.221,0x66...58d5,https://etherscan.io/tx/0xd3d36adea6d0415469039fa0b157d30a5939c53ab8b40c27db003fa389da560f
2023-03-28 13:59:59,True,0.07147,4.093e-05,14018.4,0.5737,0xa1...ec94,https://etherscan.io/tx/0x1eba4e6cdd51835e1daec467651ff45d272520b9641bbcbc78798729f6abc813
2023-03-28 13:59:59,True,0.07112,4.072e-05,35369.3,1.44053,0xc6...fed0,https://etherscan.io/tx/0x3e3babd86dcf30a699c2ddcf376b76d29e892772e8465e2932d48564d3fd3314
2023-03-28 13:58:35,True,0.07084,4.055e-05,7070.31,0.2867,0x63...23fb,https://etherscan.io/tx/0xdbb71d96e00b2cc6db5ad6bd6c5ec195041376c5b80e75274e77e47262557fb0
2023-03-28 13:58:23,True,0.07202,4.122e-05,35660.8,1.47,0x7b...3cf1,https://etherscan.io/tx/0x2f0a4cd82653a47d3c7b819a5a6052c6ee3aca4bd677feffde1d628359cef625
2023-03-28 13:58:11,False,0.0702,4.018e-05,47229.5,1.89791,0x0e...c0e4,https://etherscan.io/tx/0x6a4c7816e7fc3774d9d8b819e7dc6c353ef57a1447892e26f130fecdb81ef6fb
2023-03-28 13:57:47,False,0.07054,4.037e-05,1000.0,0.0403,0xf9...4856,https://etherscan.io/tx/0x1180affdb72b2f825f30b9cee7903e5067168cf9f866072be8da7d49bcb5eff0
2023-03-28 13:57:47,True,0.07097,4.062e-05,439.216,0.0178,0x0a...7e3f,https://etherscan.io/tx/0xb77406b9c3a4bc944a80b39382de091889620020e9ff3ef9a70ea7ff0aae8a12
2023-03-28 13:57:47,True,0.0708,4.052e-05,24165.2,0.9792,0xea...cc64,https://etherscan.io/tx/0x43ea1ebb05b326e6968ed415563bfd1ce1bbe15c0271589d382dc0348afded21
2023-03-28 13:57:35,True,0.07049,4.034e-05,19712.2,0.7953,0xfb...51e0,https://etherscan.io/tx/0xd513105940f655fa4d9079449f77c756c96f014a47c25c64777e75694ebccfd0
2023-03-28 13:56:47,True,0.07034,4.026e-05,1490.27,0.06,0x8d...40a5,https://etherscan.io/tx/0x4c0cadba3ad56ebd877b7689000e8ebd2ad7610f22fbdef2e38e333ee18c27f7
2023-03-28 13:56:47,True,0.0703,4.023e-05,4290.83,0.1726,0x91...dc25,https://etherscan.io/tx/0x978aa16e246892fd1110aa94e52b228e3a53d5985d30e0a1bd5bcd223d7ec6ee
2023-03-28 13:55:35,False,0.07003,4.005e-05,17657.5,0.7071,0xf2...fe01,https://etherscan.io/tx/0xbe3500f93c64554a4e143007959c65d0ece9482742f082a2f9df18bf6ec753c5
2023-03-28 13:54:47,False,0.07016,4.013e-05,3955.58,0.1587,0x9c...9a6b,https://etherscan.io/tx/0x6c2fabc1744c6ca02ed9000c02e9092fa065adeb25a969770c56a5ea7f7358a5
2023-03-28 13:54:35,False,0.07047,4.031e-05,40514.6,1.63334,0xc6...fed0,https://etherscan.io/tx/0x729de9b8c58c2c125d0438b6d8eae823c179060d997baa80e8edad60fe391842
2023-03-28 13:54:23,True,0.07498,4.288e-05,66466.3,2.85067,0xbc...ae6d,https://etherscan.io/tx/0x8a1c285ed5e161d9ef81b119cd02b3ba2adc48d3843c8a56d1cb977d40216f38
2023-03-28 13:54:11,True,0.07023,4.017e-05,1357.13,0.0545,0xfc...21bc,https://etherscan.io/tx/0x113a64704ab0dd72a855bf5ab850814990e09d17e6e1d24a17a770e74a7dfc57
2023-03-28 13:53:59,True,0.0702,4.015e-05,2188.88,0.0879,0xd0...5b64,https://etherscan.io/tx/0xaa83fe89558aac20f9d770885eeb4ba5b6b03bd7ad0adfcb455e5ba1c6dbdd84
2023-03-28 13:53:59,False,0.06986,3.996e-05,13500.0,0.5394,0xaa...3f97,https://etherscan.io/tx/0x62871677f28b686733f84db9d8c738adf604e901481e6e8a0e724539b2d95572
2023-03-28 13:53:47,True,0.06994,3.999e-05,66888.8,2.67489,0xc5...e6d8,https://etherscan.io/tx/0x1223bdaf1dc63429c439d2117911403e09be371b24dc3c243c6c6ec273bd8616
2023-03-28 13:53:35,False,0.06946,3.971e-05,58163.0,2.31,0x7b...3cf1,https://etherscan.io/tx/0x7cea2258e5dc178aa188d7dca229e1ea0305ec90c4430d3fb9e33fe5c5f55877
2023-03-28 13:53:11,False,0.07011,4.008e-05,35796.3,1.43499,0xd0...c15a,https://etherscan.io/tx/0xecbf654e7e8a5ba8ef2982bd50bfd485222bd11d8b59966c347777611360f98f
2023-03-28 13:53:11,True,0.07078,4.046e-05,1235.55,0.05,0x00...0906,https://etherscan.io/tx/0xa52ef3a8f6b571af26bee1736175099bcc8801781f9f6f447fa20a2f1ebfab02
2023-03-28 13:52:59,True,0.07077,4.043e-05,6128.19,0.2478,0x08...b6ed,https://etherscan.io/tx/0xeeeea49b7250494112d12b09369c3ca5d08d833f4df7c4aba807c2d4158eac2a
2023-03-28 13:51:47,False,0.07082,4.046e-05,73767.6,2.9853,0x2e...f345,https://etherscan.io/tx/0x37f8e795d9e75df3cc1ee2d4dcd5d40eeadd8fa9d8fa1b191b307268808fe997
2023-03-28 13:51:11,True,0.07135,4.086e-05,37381.0,1.52738,0xc8...2b4c,https://etherscan.io/tx/0x692a9c9c2e42090cc44c6a653e0e0c7242d5676cd6c2c198a18a8d7c247cee14
2023-03-28 13:50:35,False,0.07108,4.07e-05,58286.0,2.37226,0x02...0da9,https://etherscan.io/tx/0x01344793dd82c4622ce61a06168ccc8ac39eab86fb88618f75a6cd7f68e73d2d
2023-03-28 13:48:47,True,0.07136,4.118e-05,1208.22,0.0497,0xc6...fed0,https://etherscan.io/tx/0x1b1fc352ed0c21b893a56b0d6ac0f6185b26f1b49bbadff59719a8f9083a7e2e
2023-03-28 13:48:35,False,0.07122,4.108e-05,38903.8,1.59853,0xc6...fed0,https://etherscan.io/tx/0x98d97e548b43378e14a3853297545efb6f39f0b7a589debdd2f84f281f62f484
2023-03-28 13:48:23,True,0.07192,4.149e-05,687.523,0.0285,0xec...9b35,https://etherscan.io/tx/0xe6ddc301fe17891883cbcb60e8803c7d5ad217bd8a7f15733e6c43fde490ef8e
2023-03-28 13:48:11,False,0.0717,4.136e-05,29357.7,1.21445,0x54...5be0,https://etherscan.io/tx/0x13b7d6212ee4203eac6784d21dd12cb81a8247361b4065a8ec5929550c99e90e
2023-03-28 13:47:11,True,0.07232,4.173e-05,684.107,0.0285,0x45...45a9,https://etherscan.io/tx/0x73657a80e8c5d91d4dd38cc22950608dfe97873d6fceb614f6e116dac0995031
2023-03-28 13:46:59,True,0.07207,4.159e-05,33222.3,1.38185,0xf2...5397,https://etherscan.io/tx/0x8747f26e110ac4c5fd28e983fefda38a7346e808ca4c23a0d0386e6b8fa53d94
2023-03-28 13:45:47,True,0.07182,4.145e-05,956.565,0.0396,0x58...ddc4,https://etherscan.io/tx/0x4cd7db1a6cddbdb7f5d33e05bc563e42c255513645388503934d2c6c82018d9d
2023-03-28 13:45:35,False,0.07193,4.151e-05,75255.6,3.12413,0x29...ea74,https://etherscan.io/tx/0x1195bc574d052fb71b4a4fbdceefb3aeca9bb8d02b8ef1b15ef43aa95c0c41af
2023-03-28 13:45:11,True,0.07287,4.204e-05,7848.0,0.33,0xc6...fed0,https://etherscan.io/tx/0x07fa9e2c054c0787bdd2c04146506eef8aa823cee4f7a0aee0121f97b9c91b8c
2023-03-28 13:44:47,False,0.07256,4.186e-05,24633.4,1.03136,0x2e...f345,https://etherscan.io/tx/0x7f450178e50f81339bdc35ee23aa77b60ab62875c7d9342f23b4ecedd6b5d44b
2023-03-28 13:43:59,True,0.07309,4.217e-05,12065.1,0.5088,0x28...9f42,https://etherscan.io/tx/0x1df947686ffa37088e78091a524b5f0be5fec7ce97b813e93afac8b8ec128db9
2023-03-28 13:43:59,True,0.07283,4.202e-05,22759.7,0.9564,0x2e...f345,https://etherscan.io/tx/0x20748d3c00700f58b2c418fad85424d399971b5b7bcfc73a6bde2ee3e822119e
2023-03-28 13:43:23,True,0.07268,4.191e-05,2385.64,0.1,0x36...f273,https://etherscan.io/tx/0x5357aef2e4dce0427e986d6716c0783dbcd65f47bb1c3e6e8854b10c81fc003c
2023-03-28 13:42:59,True,0.07268,4.19e-05,1193.25,0.05,0xd3...762d,https://etherscan.io/tx/0xdd3c11cbd888aab19bfcd7d88d54ecf77f4c36342c705dae34b5db22f409c50c
2023-03-28 13:40:59,False,0.07237,4.176e-05,28026.2,1.17052,0xdd...bb25,https://etherscan.io/tx/0x82ad3b08447884f349e40b0a881b91c3fa0e53fb65ee4f1e8a791d84d1abc087
2023-03-28 13:40:35,True,0.07301,4.213e-05,592.862,0.0249,0xf2...1065,https://etherscan.io/tx/0xfb639f9e95ecdac90c4ad49297f36d7da0463a95ed5ba45ad40240b5c07f681f
2023-03-28 13:38:59,True,0.0741,4.275e-05,53870.5,2.30339,0xea...cc64,https://etherscan.io/tx/0x8d1daeaa25bf8e418c3eb5120f73da216c51a77c8cad1640fd30b3e134bd2dca
2023-03-28 13:38:23,True,0.0722,4.166e-05,1141.11,0.0475,0x46...b3ea,https://etherscan.io/tx/0xbb488aa68e9447a470e3fbd1c6bf02c91fed3629691edef6b5173983b6af9090
2023-03-28 13:37:11,True,0.07213,4.165e-05,1427.84,0.0594,0xa9...d0ed,https://etherscan.io/tx/0x91c7d90622b8146520d5fcce7560e82813b34f3495086e53806c799283e0ebf3
2023-03-28 13:35:35,True,0.07176,4.146e-05,43634.8,1.80928,0xc6...fed0,https://etherscan.io/tx/0xde30473f2412e320cc5eeacd6e6c4bb9f0710986efcd6dd0ffd5396ea48f5055
2023-03-28 13:34:35,False,0.0711,4.105e-05,5000.0,0.2052,0x26...3bc4,https://etherscan.io/tx/0x0e8d27de223676d3753fd18326c234a5dc502fa0c8b1645e3ef5c5c22a13169e
2023-03-28 13:31:23,True,0.07147,4.124e-05,19397.5,0.8,0x1d...9247,https://etherscan.io/tx/0xefb456e1c653bcce72907602723f3d843092fe26fab54ecb711d948ec9328c3f
2023-03-28 13:31:11,True,0.07123,4.11e-05,14361.8,0.5903,0xdc...93b4,https://etherscan.io/tx/0xeaa94a825b670d83e35357799eeb8836e9bea1829294446116d676e918de375b
2023-03-28 13:29:47,True,0.07104,4.101e-05,7361.02,0.3018,0x02...4823,https://etherscan.io/tx/0xaf443ef83b7be9c0cc5036f1639ab970960fddaaecce796c51981c6341c24ed4
2023-03-28 13:28:47,True,0.071,4.096e-05,3417.29,0.14,0x85...7717,https://etherscan.io/tx/0x31a39bcef3e35aa260552791dcb311c67abb0d08658bccee1d1d1785cf9c88a2
2023-03-28 13:28:23,True,0.07093,4.094e-05,1452.45,0.0594,0xd8...2285,https://etherscan.io/tx/0xe547555d800422f2204a420a56d021af11140ce40f9ff3cc791de64a81d55c4a
2023-03-28 13:28:11,True,0.07091,4.093e-05,1920.61,0.0786,0x3e...6c30,https://etherscan.io/tx/0x8fcc2684e86002f04ac59ad1fcf83d9658d4edb41f3380e25dba735586b08381
2023-03-28 13:28:11,True,0.07085,4.09e-05,6362.1,0.2602,0x28...f12c,https://etherscan.io/tx/0xca5eb569457b22e05caef580225a8b11435d9555bfec8b9a7a2b6bffc830805f
2023-03-28 13:28:11,True,0.07074,4.083e-05,9316.4,0.3804,0x1c...d810,https://etherscan.io/tx/0x40c4721aee14f9edab3ba2c5d16d6b642e49b92a35025bc55a0efe7e2abefbf0
2023-03-28 13:28:11,False,0.0708,4.087e-05,78054.7,3.19033,0x55...1919,https://etherscan.io/tx/0xe404ca6e698ad61e50af08d0ba99d838a2eec17d1a3f3cc3ea2aea2b995019bd
2023-03-28 13:27:47,True,0.07169,4.138e-05,13892.3,0.5749,0x83...fa88,https://etherscan.io/tx/0xc0d0795d61f97cadea5f66e14094afa826247cb88d63f8b98daf09f85a2e87d8
2023-03-28 13:27:35,True,0.07216,4.165e-05,1337.11,0.0557,0xbf...9a66,https://etherscan.io/tx/0x30d25a331e867820d1367aa6dcb1f65f1007894ce220ca2968fa39407ad6bb67
2023-03-28 13:27:35,False,0.07142,4.123e-05,40368.4,1.66461,0xc6...fed0,https://etherscan.io/tx/0x75a3a64488c4969c92463e4edde472348400b17beb9e10e3f330117026587129
2023-03-28 13:26:47,True,0.07209,4.162e-05,6967.22,0.29,0x19...04f4,https://etherscan.io/tx/0x64e1cac162d425e27741158c3168b7047dd1a7ca74ec25f79d4f48d48c2706cf
2023-03-28 13:26:11,False,0.07199,4.155e-05,50581.1,2.10203,0x17...272e,https://etherscan.io/tx/0xcff2cb1a49e7fc48b80f7eb521c3c5de96c522a70689e21fa0827e28c6b48adf
2023-03-28 13:25:47,True,0.07281,4.202e-05,372.714,0.0156,0x2b...3911,https://etherscan.io/tx/0x110a1216b7a113dc84973a562acf2a0d5db948ba0b613be0167871d17386da37
2023-03-28 13:25:35,True,0.07271,4.196e-05,13387.7,0.5617,0xa7...1091,https://etherscan.io/tx/0x3438e6b07fa38102ce9af37cc1563b077806005c80388fd95d511fa6f88c5c9c
2023-03-28 13:25:23,False,0.07241,4.178e-05,31333.9,1.30935,0xc6...fed0,https://etherscan.io/tx/0x6edbf263e0e004b2da5de466d9419f15d5fca1f63b627ec037fd73e33c24ed97
2023-03-28 13:25:11,True,0.07306,4.216e-05,1880.73,0.0793,0x0a...68ec,https://etherscan.io/tx/0xa28ce192e5db9f7e833aa97c04a8a685640aa5d53afe412d3195a259fd8cab7d
2023-03-28 13:25:11,True,0.07301,4.213e-05,4752.07,0.2002,0xf0...67ba,https://etherscan.io/tx/0xe6c858ef085eef0ec85b22c8e17b0e8aaf4275d161eebe8bb3a0845c68701719
2023-03-28 13:25:11,True,0.07294,4.209e-05,4920.0,0.2071,0xa7...1091,https://etherscan.io/tx/0xdce05df7113994fbdb32827a683bf5f7cbd916d07d4f08c17d4e1d500f03521d
2023-03-28 13:24:59,True,0.07284,4.204e-05,7849.75,0.33,0xee...8509,https://etherscan.io/tx/0x851a691f44e58fbbceaaf13284d7d2b9b439e1d05820d58bc5e1ec7945c58d31
2023-03-28 13:24:47,False,0.07298,4.211e-05,84273.9,3.54921,0x0e...c0e4,https://etherscan.io/tx/0xb928a3c6a341919c274741598ceabaa70419aeff1440e2a80d4946e4c71a9fa0
2023-03-28 13:24:35,True,0.07352,4.241e-05,72887.0,3.09158,0x97...aa4a,https://etherscan.io/tx/0xc67299a9dad758da433cdce4ed925c50b73b7d04e3ceb249818c0009fa5da5d1
2023-03-28 13:24:35,False,0.07275,4.197e-05,28513.7,1.19675,0xc6...fed0,https://etherscan.io/tx/0x1d12c2c4bf2d01a3694407f9bda06262890014091fb63088096262dd2b9b2eea
2023-03-28 13:23:59,True,0.07334,4.232e-05,6145.49,0.26,0x76...7d5e,https://etherscan.io/tx/0x0488b769feeb621eb13687ffbb76427a7ee9669c8dab9009ee69fe0504e9e9a9
2023-03-28 13:23:59,True,0.07326,4.227e-05,4890.2,0.2067,0x76...7d5e,https://etherscan.io/tx/0x0488b769feeb621eb13687ffbb76427a7ee9669c8dab9009ee69fe0504e9e9a9
2023-03-28 13:23:35,False,0.07314,4.223e-05,55805.3,2.35712,0xc6...fed0,https://etherscan.io/tx/0xd91233758912a646a09f89c61a1c3d6500a0ba3db5a85008df06e765834d403c
2023-03-28 13:23:11,True,0.07395,4.27e-05,7728.07,0.33,0xee...8509,https://etherscan.io/tx/0x54b619d62296add30fee463a562543de86a69c16b79094ec8eb72b7df392d4fb
2023-03-28 13:22:47,True,0.07388,4.266e-05,1627.45,0.0694,0xa5...ffb0,https://etherscan.io/tx/0x7282f087cdd1d889bd28026063bdf1a158172e9419ea30c74a769206e73d6195
2023-03-28 13:22:47,False,0.07358,4.249e-05,21250.9,0.9029,0xc6...fed0,https://etherscan.io/tx/0x81ce8f8c38bb417551fc2aea4245621459b22c76548daf25083b0d09370de7d6
2023-03-28 13:22:35,True,0.07417,4.282e-05,2334.86,0.1,0x00...0906,https://etherscan.io/tx/0xb2c96a3787bc77635e98cddd1ece9bf4959ec71d6317a645b98d21b489205ae4
2023-03-28 13:22:23,False,0.07402,4.274e-05,41977.1,1.79438,0xc6...fed0,https://etherscan.io/tx/0x69c727c48df396a7f826f5d9f8a3becfed3c51d2603b9d3d71446506d1712037
2023-03-28 13:21:35,True,0.07513,4.344e-05,3395.11,0.1475,0x76...7d5e,https://etherscan.io/tx/0xc45ffa041bc2021941d9194b9951916257a713a34919b70f51d757a92ac5dbc9
2023-03-28 13:21:35,False,0.07442,4.303e-05,30685.0,1.32059,0xc6...fed0,https://etherscan.io/tx/0x87ab1b3f63db31c7aef24531ffed72b98caa3d4ad24c36d4167f4c197dbb8d7a
2023-03-28 13:20:59,False,0.07478,4.336e-05,41990.0,1.82074,0xc6...fed0,https://etherscan.io/tx/0xff7f1f90b5faaaf74a7ed4c0bc9d15545f550f295ff724a09620da9c38024c12
2023-03-28 13:20:23,True,0.07555,4.38e-05,2154.94,0.0943,0xa5...ffb0,https://etherscan.io/tx/0x4c16c6a00aa405ff5f3a8b45a8846bb1299c68a1dce325ee005f949e778b48c0
2023-03-28 13:19:59,False,0.07536,4.369e-05,36000.0,1.57297,0xc6...fed0,https://etherscan.io/tx/0x054c865d80f8197ff695df8ac5334a69bbf7838410743777f28ebf1c0c7657a6
2023-03-28 13:19:35,False,0.07603,4.407e-05,48000.0,2.11572,0xc6...fed0,https://etherscan.io/tx/0x412df8d38ad6fd93bd24de6516c88c88b18d97de9117a96aaffe6d7d23e6ed15
2023-03-28 13:19:11,False,0.07641,4.429e-05,50.0,0.0022,0x23...b005,https://etherscan.io/tx/0xd3554c24a4782aa75debb05d2556199596a4dcad7799a8bb5493ffa6eb3bd850
2023-03-28 13:16:47,True,0.07674,4.455e-05,2805.66,0.125,0x2e...f345,https://etherscan.io/tx/0xb69563d81226c6ce3b5b48bd059d9c0841491b71e361bddb555bfa7a86827abe
2023-03-28 13:16:11,True,0.07671,4.453e-05,1224.21,0.0545,0xa5...542b,https://etherscan.io/tx/0xa9cfb8578395cc3397226857cc8b6c59ca2d1e40e1186849c4df44ffdbc04aff
2023-03-28 13:15:59,True,0.07668,4.451e-05,2003.92,0.0892,0x10...e88a,https://etherscan.io/tx/0xbdf37fd98a4de9e5773d4b08effdf92bf300ba848943d1ab2a4ca16fbbfcdc72
2023-03-28 13:15:23,True,0.07665,4.45e-05,957.728,0.0426,0x88...11b5,https://etherscan.io/tx/0x6fc1b3d1da2fc9c300f84c46ce3d2eca6ae3e960badd63157b9a99e5af3dfaad
2023-03-28 13:14:11,True,0.07663,4.449e-05,668.296,0.0297,0x77...6561,https://etherscan.io/tx/0x7a25d7ea8cb3c39c75a33be0547ff6c6d3d5018105d3508e8ef301bde0a4e072
2023-03-28 13:13:47,True,0.07654,4.444e-05,11152.1,0.4956,0xd9...a1ed,https://etherscan.io/tx/0xb7369169d0dc9e30c3b651be7f1dc8e32d2175a6264c24048ea47ccdbec1d77c
2023-03-28 13:12:59,False,0.07593,4.414e-05,4192.43,0.185,0x1b...ea67,https://etherscan.io/tx/0x7a889252bbadf12b3e871d7f10a2c3212c48ace841f2ee3486c7fe118ed19f93
2023-03-28 13:06:11,False,0.07594,4.417e-05,1701.92,0.0751,0x5b...b7d2,https://etherscan.io/tx/0xd9284adb62727caadd532b72de9395af62ff23ae3f2f02eb36cce0c9b5f6f07d
2023-03-28 13:03:59,False,0.07604,4.426e-05,17583.3,0.7782,0x81...7cda,https://etherscan.io/tx/0x005ff8883db6e8ddbcc0b18d69d5c7fb14dd46fee2a2f005df4b3ca1bf49dd20
2023-03-28 13:03:35,True,0.07664,4.46e-05,499.997,0.0223,0xf2...1065,https://etherscan.io/tx/0x1f21352f9c69ed1c6580bf7647af05105ef0be53dea2b7686b5b3877c0d05e96
2023-03-28 12:54:11,True,0.07637,4.46e-05,753.75,0.0336,0xb4...8b49,https://etherscan.io/tx/0x644ca3b3493a35fdbff25f4583bb2c8ad0f8f770002b977e5cdea3a72ad8f74a
2023-03-28 12:52:11,True,0.07638,4.459e-05,1386.47,0.0618,0xdb...6c15,https://etherscan.io/tx/0xaf87df42a9900beb7486c29a95239d4d1bd24bf1854a02392ab3ce8b6cbc9bc7
2023-03-28 12:49:11,True,0.07633,4.458e-05,774.096,0.0345,0xa3...26e8,https://etherscan.io/tx/0x87452791e3fdcdc8a2a9e66edc42d0b838bd4344484dfb1704757758657ffaec
2023-03-28 12:48:35,True,0.07632,4.457e-05,1517.25,0.0676,0x7d...3fc0,https://etherscan.io/tx/0x318286668ab9c4150dbc663c85a095abd301c768f6feadb04205541dc4821b45
2023-03-28 12:44:35,True,0.07647,4.455e-05,2224.91,0.0991,0xc8...a88b,https://etherscan.io/tx/0x9caaad02762077958f4e7716d163cd6e5d6fa1efa8751a20c4507a4bb3820c16
2023-03-28 12:43:11,True,0.07643,4.452e-05,2927.35,0.1303,0x69...4bb8,https://etherscan.io/tx/0x017b38b8f6048625d8605b93ea55e20868e518c48d0607d033131e43b6bce834
2023-03-28 12:41:11,True,0.07643,4.451e-05,959.873,0.0427,0xec...aa4d,https://etherscan.io/tx/0x1300617c4cc7372820d6a525581c0ebf149bf652764650e46b3fa4ff19cc8742
2023-03-28 12:32:23,True,0.07654,4.449e-05,1759.37,0.0782,0xe5...3ed4,https://etherscan.io/tx/0xcae11e827f9d01b920a73640a123826e1e0b764bf341d42c7e391a110c745b68
2023-03-28 12:31:47,False,0.07615,4.425e-05,7311.85,0.3236,0x6d...ed3b,https://etherscan.io/tx/0x578542b836d81b01659a194807ec6b141658ccb6c754a59e066d9ad35481f5bd
2023-03-28 12:30:47,False,0.07625,4.431e-05,5439.43,0.241,0x4d...d32e,https://etherscan.io/tx/0x72780793b4417716d08d33551be34f765ea58dbf995b97dadf98dc1e16a6eed6
2023-03-28 12:24:11,True,0.07614,4.431e-05,63755.1,2.82506,0x4f...0693,https://etherscan.io/tx/0xa9135326fd782d52c9b0c0c906244972ca415652ed40dd393ee0adb793d6d46b
2023-03-28 12:23:23,True,0.07558,4.397e-05,9262.44,0.4073,0x4f...7447,https://etherscan.io/tx/0x2a4f81467a4f1366b80fdceab84f7416b58628bdb83db356da1a8158037e53c7
2023-03-28 12:21:11,True,0.07558,4.392e-05,931.95,0.0409,0xe1...e9f8,https://etherscan.io/tx/0x68b9715eda2aaf1305dd514377a8f4b8a5de07a112bf4419b2be97910037a2d8
2023-03-28 12:19:11,True,0.07548,4.386e-05,11975.7,0.5253,0xa3...0b71,https://etherscan.io/tx/0x645d092d568ea1b8386d12f1f4ae868f74abfc9886535804b072dfd51f949eba
2023-03-28 12:18:11,True,0.07535,4.379e-05,3915.53,0.1714,0x56...c8f5,https://etherscan.io/tx/0xe198de60cb666ffb3549286924ad861a1be9b28f6b94f771b7e7d1fd97f90db1
2023-03-28 12:17:47,True,0.07515,4.367e-05,22088.4,0.9647,0x76...7d5e,https://etherscan.io/tx/0x1d371641e30f9346e433b0fe2e560e4bf83cd0e3445d814f08987bdca9bce211
2023-03-28 12:15:59,True,0.07494,4.356e-05,3868.44,0.1685,0x90...d8e3,https://etherscan.io/tx/0x3369798600a72a96f439d0cf07a571171aa619af279c758d30471b5496ca45aa
2023-03-28 12:13:35,True,0.07486,4.351e-05,6656.05,0.2896,0x40...1a1d,https://etherscan.io/tx/0x824a18f17c175f995b09454d725f286afeea3ce0709c0351ca9b6b9114118c2a
2023-03-28 12:12:35,False,0.07464,4.338e-05,36550.0,1.58579,0xa3...e8d7,https://etherscan.io/tx/0x699e7048b5a475e42f18b25d03b18293bd13eda3499f5be88f28df723ae5ecd1
2023-03-28 12:11:59,True,0.07514,4.367e-05,30000.0,1.31031,0xf1...8e91,https://etherscan.io/tx/0x55141c7bbc4ce196cc2e614eae73e4d0a521630264121b39ba33bbedf01691b3
2023-03-28 12:11:47,True,0.0748,4.348e-05,12561.1,0.5462,0x63...e429,https://etherscan.io/tx/0x3df1323b891b21e62391391606811df2bf109e889ddc983b6d6319b4928d1966
2023-03-28 12:10:59,True,0.07458,4.335e-05,15845.4,0.687,0x76...7d5e,https://etherscan.io/tx/0x052cf3446edc4c60ac9a3ab8a110c5912f88b9d7dd68025d8f86dbabe6a1b229
2023-03-28 12:10:59,False,0.07442,4.326e-05,52500.0,2.27121,0xa3...e8d7,https://etherscan.io/tx/0x21db36f4882516c1ce5acaa16a8b40874b517b5d1f6eeeabd61103b1f4bbc089
2023-03-28 12:10:47,False,0.07538,4.382e-05,71879.8,3.14999,0x29...ea74,https://etherscan.io/tx/0xd716592a6144a65a879c86003914bc8bec072952a5346eeb10f203b043010e04
2023-03-28 12:10:11,True,0.0764,4.441e-05,446.353,0.0198,0xe4...87c9,https://etherscan.io/tx/0x7363f4ef791a72d720dd11c0a5af1c1f1c45c67563ddd7e8d829edf1cc95a8f9
2023-03-28 12:06:47,True,0.0763,4.438e-05,6963.02,0.309,0x07...ed84,https://etherscan.io/tx/0x66d22209e3b19947c5c0cde4dd2c0a3138d9066d2b9d137af85bfd5e1a7548e4
2023-03-28 12:05:59,True,0.07618,4.43e-05,8948.89,0.3965,0x83...187d,https://etherscan.io/tx/0x8aa15112d7407b68b1087a512770e1e823b857115454f7cf9dcf9bd787f29521
2023-03-28 12:05:59,True,0.07605,4.423e-05,7460.79,0.33,0xc6...fed0,https://etherscan.io/tx/0xc899caf679f99b508ea41cb7e820f5e73bd69016b24adc72f3cf46d3e06ad7b4
2023-03-28 12:00:23,False,0.07562,4.398e-05,10614.9,0.4668,0xda...6500,https://etherscan.io/tx/0xa13b637087d6e76645ef5bc2fcd6d85f6bca16414a3634ffeda812b7ba575fd0
2023-03-28 11:59:59,True,0.07615,4.428e-05,2238.38,0.0991,0xd3...e2db,https://etherscan.io/tx/0xd1f138280f4134ee8791c8caf888481c7904e2766d3e68ab13333ac534d5396d
2023-03-28 11:58:59,True,0.07611,4.427e-05,716.502,0.0317,0xc8...5001,https://etherscan.io/tx/0x2c5fa762db989507cf190bd861db22522968784f9ae1621bf9f3b27a94710a5b
2023-03-28 11:54:23,True,0.07519,4.374e-05,113721.0,4.97488,0xea...cc64,https://etherscan.io/tx/0xcb7d3e69dc99e2dc227813ca038e13970e8cd6b107d57aecef6a3640b90ff358
2023-03-28 11:53:47,True,0.07402,4.306e-05,40828.1,1.75823,0x55...35b8,https://etherscan.io/tx/0x91f3c16cdaa6da7d06ec6123b874308180deafd4ae47ebf9eed48290b9214268
2023-03-28 11:53:35,True,0.07367,4.286e-05,1749.76,0.075,0x17...d1ed,https://etherscan.io/tx/0xad108dd181b087f2f8845a77c83f7dbe5384ba3aa4cf3a55e549c24f1eebcce4
2023-03-28 11:53:35,False,0.07342,4.271e-05,27479.1,1.17388,0x30...c3cd,https://etherscan.io/tx/0xb53dad7e9ac3fdbc8787128560004b316f81cc570d3be2891461d070a0e0ec1c
2023-03-28 11:53:11,False,0.07372,4.288e-05,11201.7,0.4804,0x0e...f61d,https://etherscan.io/tx/0x41539be547b44d15cf548b306e490eddd6f5eaaec99431172975aac170ea95df
2023-03-28 11:50:47,True,0.07422,4.319e-05,963.871,0.0416,0x54...e1c5,https://etherscan.io/tx/0xe97026795f8990fbb1965d4392c409cc5240caaf8efce08ede205f6203a079f3
2023-03-28 11:47:47,True,0.07433,4.318e-05,1354.33,0.0584,0xd8...2285,https://etherscan.io/tx/0xb0343bebc41e74c329a76d9ac680685eb8c070de35fb735202f2e0798141fb35
2023-03-28 11:47:23,False,0.07402,4.301e-05,20714.0,0.8909,0xc6...fed0,https://etherscan.io/tx/0xa4e4e076ca58b0471538ac43c453dbdeea1e44091e90432903684e2ee3401210
2023-03-28 11:45:47,True,0.0747,4.334e-05,3430.25,0.1486,0xe4...e8dc,https://etherscan.io/tx/0x3ffa18d116a99e384f5c7d572eb772da9dd1ec2e2adc4bdbc3b1de8b87e619dc
2023-03-28 11:44:59,True,0.07466,4.331e-05,3412.03,0.1478,0xd7...a3b2,https://etherscan.io/tx/0x3856b65b7ad27f92a60de50e2c34ec1aac3c05ae8850e1819432f2add7ebd306
2023-03-28 11:44:59,True,0.07459,4.328e-05,5048.4,0.2185,0xd7...a3b2,https://etherscan.io/tx/0x3856b65b7ad27f92a60de50e2c34ec1aac3c05ae8850e1819432f2add7ebd306
2023-03-28 11:44:59,False,0.07431,4.311e-05,27530.5,1.18707,0xc6...fed0,https://etherscan.io/tx/0x144edebf93d9be5f14afad2dff101ffc36ccdd1abb169f3724ac1997b7c82326
2023-03-28 11:44:11,False,0.0747,4.335e-05,24272.8,1.05222,0x58...1a52,https://etherscan.io/tx/0x0c6af5d32fab88e6d0d722daeb5a6a0a14d700ccb643b5e7256d79c8c992c2c8
2023-03-28 11:44:11,True,0.0752,4.363e-05,18333.0,0.8,0xb7...91c9,https://etherscan.io/tx/0x2b615d2449dd84a9ae1f189c903b952e3fd1fd102d75ff75a3d8575df5e16cdd
2023-03-28 11:43:59,False,0.07484,4.343e-05,30504.7,1.32484,0xc6...fed0,https://etherscan.io/tx/0xdf7ff00af9fc0ebc0a82d0c5e26153498dbfd7d8e6fe45e4e14e8a2a1c7227e7
2023-03-28 11:43:35,False,0.07526,4.367e-05,22533.5,0.984,0xc6...fed0,https://etherscan.io/tx/0xcc2706228c3ef27ed7ce99ebcffcf9daac0446c6c8e0050b5e21f88d8b346d99
2023-03-28 11:43:11,False,0.07559,4.386e-05,19170.2,0.8408,0xc6...fed0,https://etherscan.io/tx/0xbfeddcf83cb293b856c7d31e597d98724406d30190f6612249bb714d17afec07
2023-03-28 11:42:59,True,0.07615,4.418e-05,5926.43,0.2618,0xa8...e09b,https://etherscan.io/tx/0x25c99180e5e78e60a50c9ab6c614dbc0ad229e169787cbd2475252343a0346a7
2023-03-28 11:42:47,False,0.07589,4.403e-05,30574.5,1.34629,0xc6...fed0,https://etherscan.io/tx/0x9defa12d1e85408739ce762abef5fbfa6e2376d3e24d06155f42286530b4fcbe
2023-03-28 11:41:35,True,0.07656,4.442e-05,4290.01,0.1905,0x76...7d5e,https://etherscan.io/tx/0x0c1f9ed444c6af5f3ac735e9d5cce0cb2ee6fa7088a2325c97417e9ac546ec36
2023-03-28 11:41:23,False,0.07645,4.435e-05,47679.5,2.11482,0xc6...fed0,https://etherscan.io/tx/0x1509538e9315d5c7111deee8f2c67b3bed93f441699b18cf80061e9c31126e9d
2023-03-28 11:40:23,False,0.07706,4.471e-05,28647.0,1.28084,0xc6...fed0,https://etherscan.io/tx/0xd197ad921522787d1503c9dadf2a95554aa7e555613178e2046df64153325be0
2023-03-28 11:39:11,False,0.07752,4.497e-05,28215.0,1.26909,0xc6...fed0,https://etherscan.io/tx/0x3435d0166e0a54f1fd8f336fbfb187d194f1e73c62dc4a7b9cf99a49abdd5b96
2023-03-28 11:38:47,True,0.07815,4.535e-05,6810.42,0.3088,0x82...814f,https://etherscan.io/tx/0xd3b0b2a9a48a62ef69bdef78a8d5f0f14c44ee6981b34dd9ffa78db515b0674d
2023-03-28 11:38:11,False,0.07812,4.533e-05,59400.0,2.69276,0xc6...fed0,https://etherscan.io/tx/0xceb793f7f1e53e3870b9f5ff4f77732c951d23fc42a0a74f062575560b01da68
2023-03-28 11:37:35,True,0.07906,4.588e-05,1296.13,0.0594,0xd8...2285,https://etherscan.io/tx/0xc1750f8bba7a9fbe69adec104e94bed1d270e2994e3760014cf6fa464870feeb
2023-03-28 11:34:11,True,0.07912,4.589e-05,1063.1,0.0487,0x3a...4098,https://etherscan.io/tx/0x335abd3c1eab2540a8dd46acf600f1fba8e71a203ec62fdb5843cc43c9ca058e
2023-03-28 11:28:23,False,0.07865,4.562e-05,2000.0,0.0912,0x42...cf69,https://etherscan.io/tx/0x9bc4da85ae298e6d53f1d689ecb8a0adcf8df56538819941007ff3d77b0610a2
2023-03-28 11:27:47,False,0.07867,4.563e-05,500.0,0.0228,0x9a...bc8e,https://etherscan.io/tx/0x552b7901aaf1ab773b9f945ce14bef1a0e8b672a977de4ff7b34f8dbe685e485
2023-03-28 11:25:35,False,0.0787,4.565e-05,3632.0,0.1658,0x0b...f9dd,https://etherscan.io/tx/0x6f20499919ed8bf13682780e07505ceff59eff8389417526e3f95ec599c7c061
2023-03-28 11:24:47,True,0.07917,4.594e-05,1359.22,0.0624,0x5a...2247,https://etherscan.io/tx/0x5cf421707e8596bf4d2f77a2208a44e0e0475fdd4a613628052d3db75def4aa8
2023-03-28 11:24:23,True,0.07912,4.59e-05,7515.19,0.3449,0xbe...99f2,https://etherscan.io/tx/0x8592ff44bbc93b2d04ec855f97e3c65ce01bfbe009751c342527f59a07774ddc
2023-03-28 11:24:11,False,0.07864,4.562e-05,7434.38,0.3392,0xde...3be8,https://etherscan.io/tx/0xf913d087ad300b85b39ba819e8900f292b075e5c9595d8371418cd5813e7d927
2023-03-28 11:19:35,False,0.07887,4.566e-05,666.0,0.0304,0xdf...f1f1,https://etherscan.io/tx/0xf460725c84870566ede609dfb37ef55aa8cb42be35ab861ab1c044e454d958e5
2023-03-28 11:12:59,True,0.07936,4.594e-05,453.107,0.0208,0x90...2e0e,https://etherscan.io/tx/0x229f55febe974c13f389148c2015d88fce5378b72b2c2c8ceff8bcf7cb2aab0e
2023-03-28 11:11:47,True,0.07934,4.592e-05,2525.26,0.1159,0xd8...2285,https://etherscan.io/tx/0x0da5147464f09b2044ca0885f1db2d0d3a6404ce0bb2e4cc1a84ccf7fb6256fe
2023-03-28 11:01:23,True,0.07923,4.583e-05,16566.6,0.7593,0x65...67bb,https://etherscan.io/tx/0x81711c40c0a2c18080de12768d451370514ee2136e64a6a8fb9186192e9dfb4a
2023-03-28 11:00:59,True,0.07907,4.574e-05,2264.12,0.1035,0xdc...69e7,https://etherscan.io/tx/0x1d728b799fd369e8fa051c40e0811af214692f99b68c5b53a6cdf87409faa682
2023-03-28 10:55:23,True,0.07905,4.573e-05,177.746,0.0081,0xb7...9172,https://etherscan.io/tx/0x1522f72bc1fcacb41f5b4f67795c875baf23b6a6f7b00960191c5504c5bdfc44
2023-03-28 10:53:35,True,0.07902,4.571e-05,3541.28,0.1618,0x12...053e,https://etherscan.io/tx/0xa7d8b5163cc71a32e7834e67340e7e9ecf86de03f97b843335784c862f883a3a
2023-03-28 10:49:11,True,0.07884,4.567e-05,3831.35,0.175,0x32...a313,https://etherscan.io/tx/0xe86b2df7a4dfa67df0f5a4ac5edc98a137dc403b80bcdc64e0d0fcd07e745979
2023-03-28 10:48:35,True,0.07869,4.559e-05,13378.9,0.6099,0x82...814f,https://etherscan.io/tx/0xa3de2704aaa27617078de86b9fc20c4ea830d6d8716c91cb504527fc93be8d20
2023-03-28 10:46:59,True,0.07855,4.549e-05,7191.34,0.3271,0x82...814f,https://etherscan.io/tx/0x70c5835606485bf691cef2f8b3a7f6b5544d2c698ec3659ed1054c99bce46336
2023-03-28 10:45:35,False,0.07825,4.533e-05,31250.0,1.41675,0x36...3520,https://etherscan.io/tx/0xf715fc8d8877194a83d552c3116277e1233eb2fcccced78f093e97aaca046fac
2023-03-28 10:44:47,False,0.07844,4.549e-05,1000.0,0.0454,0x9a...bc8e,https://etherscan.io/tx/0x2922f212aba6bacfccc6f4ce1cfc1b522afd69dc2d3bd0861bc5e88c09e404aa
2023-03-28 10:43:47,True,0.07889,4.576e-05,303.212,0.0138,0x4f...56dc,https://etherscan.io/tx/0x75ea8a1a5e4896cbb4640e7ef6674266f41e4d6b0fda6e960cc6de06b790f451
2023-03-28 10:43:23,True,0.07885,4.574e-05,5166.33,0.2363,0xab...01c2,https://etherscan.io/tx/0x0d6c27a766576a79a861407f2a6d1170ef824ec5fcc78c604da8ebb4abaf6ec1
2023-03-28 10:39:59,True,0.07862,4.564e-05,14218.1,0.649,0xad...6970,https://etherscan.io/tx/0xe573d7f8815d5616f10a4edcc0cc7462e363b60f6dfc0ee69473052bef2dd775
2023-03-28 10:38:47,True,0.07849,4.557e-05,990.359,0.0451,0x4f...56dc,https://etherscan.io/tx/0xb7f2f7f3828ea0fc3df049ac9f09a5ab3be305bb5a886557b67b3c149e2f0216
2023-03-28 10:38:23,True,0.07848,4.556e-05,239.285,0.0109,0x2b...7edf,https://etherscan.io/tx/0xb6564a53b03d469d18b939e5aee516d6783503bdbbd1cd52fb1ff4fd41a5980b
2023-03-28 10:33:11,True,0.0785,4.555e-05,1740.62,0.0793,0x0e...0802,https://etherscan.io/tx/0x5ea512bd5c2d9a404f029c096561bbc15cd016d30433da3a325d972be720bd73
2023-03-28 10:26:23,True,0.07841,4.553e-05,4120.69,0.1876,0x02...578f,https://etherscan.io/tx/0x9d61e073442569e591a2c824bef987980df55c56072109b85ba699f1a4690933
2023-03-28 10:25:59,True,0.07835,4.549e-05,2925.7,0.1331,0x3e...bf39,https://etherscan.io/tx/0x29acd8fa8e29385e76fb8d0b1e175f802af5e384dd7cefb18ba55908b9e63eaa
2023-03-28 10:18:35,True,0.07843,4.546e-05,3793.74,0.1724,0x3f...6d16,https://etherscan.io/tx/0x0e439989e4fc22a09b717513035ddcc61c8926ae702615eb6a46af17e0e8c21c
2023-03-28 10:18:23,True,0.07837,4.542e-05,3672.48,0.1668,0x8a...0e3b,https://etherscan.io/tx/0x5cbd06fc5d8a41bbf301d3e0c7b375dabed7788fb208a224d8198060fadb1ad9
2023-03-28 10:17:11,True,0.07829,4.537e-05,6553.2,0.2973,0x9d...78bb,https://etherscan.io/tx/0x2e3a63ac8af20de8e76812662c0d6e880cac710ee8727a44fd68ab9f77027711
2023-03-28 10:16:11,True,0.07822,4.534e-05,788.393,0.0357,0x76...7d5e,https://etherscan.io/tx/0x648c403c88c4f55082a106423ab598b4948372f3054a5f9bf60c4c1f4ab45302
2023-03-28 10:13:11,False,0.0779,4.516e-05,20156.3,0.9103,0xd5...2bc5,https://etherscan.io/tx/0xe599b64302759d7bc71d1e9e1042168b4d68289ba1a60f99240d3dc2147c8e85
2023-03-28 10:11:11,True,0.07854,4.553e-05,106.674,0.0048,0x93...00a3,https://etherscan.io/tx/0x1448a903f0c1f2f635238d42c1c2ab59ee22b39ec311d125cb53741057da7b26
2023-03-28 10:08:47,False,0.07811,4.528e-05,6085.0,0.2755,0x30...c3aa,https://etherscan.io/tx/0x642cb9e63b50d87119d4deb3714240e74f124795eeb97d13d155c45b4d864b80
2023-03-28 10:05:11,True,0.07863,4.558e-05,652.317,0.0297,0x97...fa5c,https://etherscan.io/tx/0xb0d9cbd68130b93361ac5b7690932a168e1955fc866ef17247009920b0b6eb08
2023-03-28 10:02:47,False,0.07814,4.531e-05,101.0,0.0045,0x24...3cc1,https://etherscan.io/tx/0x5258a3a58916cb4ef8199b72684f41e2a54a63937a946aaece16ad2ac111c4f1
2023-03-28 10:02:47,True,0.07858,4.556e-05,3511.21,0.16,0x2e...f345,https://etherscan.io/tx/0x0584417ed618f4447c13adfa31aa57fabf19e6601dea481f1e937b40328c063e
2023-03-28 10:00:11,True,0.07854,4.554e-05,1441.27,0.0656,0x42...cf69,https://etherscan.io/tx/0x155c24f12127590397b4d91fd681b0856a7b7a2fff7d48747095b2f07a09483a
2023-03-28 09:58:23,True,0.07853,4.552e-05,2102.59,0.0957,0xbe...1194,https://etherscan.io/tx/0x684273c68dbce260808b932d95828324264ef0e38a537fedfc8116e52218e4e1
2023-03-28 09:58:11,False,0.07811,4.528e-05,8903.21,0.4032,0x76...7d5e,https://etherscan.io/tx/0x9eea6fe8785383c124bc4a1329669f9e9d70d58a52a73b2e3bebacf27953d60d
2023-03-28 09:50:47,True,0.07877,4.559e-05,2174.15,0.0991,0xbe...f8fc,https://etherscan.io/tx/0x5e1bebdb102835baa07a63bdd9363275888b5e2c4e5d4b25e624c7ac0126d766
2023-03-28 09:45:11,True,0.07868,4.547e-05,21578.5,0.9813,0x58...a582,https://etherscan.io/tx/0xd4936b7d1bd4fd18139dbb95b5e9a24fe00148f8cbe99353442e594583deb2a4
2023-03-28 09:45:11,True,0.07848,4.536e-05,2622.28,0.1189,0x25...3448,https://etherscan.io/tx/0xc40feaef51520dde7a658c67f257333e5446cf103f587dbdb71eda5b4c7f736a
2023-03-28 09:44:47,True,0.07841,4.532e-05,5883.57,0.2666,0x30...9df9,https://etherscan.io/tx/0xb42c9ec0e87a74265eea302250f615272e24b8998eff305a6f7ba6e51f0502d3
2023-03-28 09:44:23,True,0.07835,4.528e-05,1214.49,0.055,0xa4...17df,https://etherscan.io/tx/0x4ae0bbfef833ab58718a642697b4f74bcb9953fff7376cf029372909625546e5
2023-03-28 09:44:23,True,0.07832,4.527e-05,2189.63,0.0991,0x21...06ed,https://etherscan.io/tx/0xe0bf970e97befe94276d6a6576cf3aede6ae584d5b399a822e8dec8e9d18eb3e
2023-03-28 09:39:35,True,0.0781,4.518e-05,15834.4,0.7154,0xd2...0d8a,https://etherscan.io/tx/0x763fb13a1422dcd5fae12e5c88f44fa4c0eb4516230b9b6f1933aca668331f13
2023-03-28 09:39:23,False,0.07751,4.484e-05,1000.0,0.0448,0xdc...a7c4,https://etherscan.io/tx/0x8812c6fda3c47c9763c98f8a048cfd9ade7fa813313b76a89342d66b90b37773
2023-03-28 09:35:23,True,0.0777,4.496e-05,32034.1,1.44044,0xc8...6b5c,https://etherscan.io/tx/0x24340d7b23655857175bb58c4619c3f9d6a752a453802f0da6f03ba282f28c56
2023-03-28 09:34:35,True,0.07742,4.48e-05,2433.71,0.109,0x33...9dde,https://etherscan.io/tx/0xdff9de75a988ffb8490da261a5dce69cd5fcb834bdb519a3fce51940e1d5552a
2023-03-28 09:33:47,False,0.07734,4.475e-05,50000.0,2.23791,0x3d...b1b2,https://etherscan.io/tx/0x2ae0f1c2c8d5028f4386d6f383e270da72de41d5401383eb21707abe750ffb9a
2023-03-28 09:31:47,True,0.07821,4.526e-05,189.85,0.0085,0xff...87a5,https://etherscan.io/tx/0xfaaaf7dbd79907b866c3e4d29a43a4ede7cae2afa311a0decca32f2e9b0c2256
2023-03-28 09:29:11,True,0.07821,4.526e-05,657.038,0.0297,0x17...db0f,https://etherscan.io/tx/0xe8a1840c59b8bb62b8db00c9e5d01c3bd2e08e2caca0289e90d92446ffa4469e
2023-03-28 09:24:47,True,0.07818,4.524e-05,3461.87,0.1566,0xf2...832a,https://etherscan.io/tx/0x925bd541b05ebbfee46907f59f2d1d664488dbaa25d318ff441c55c1e7cc3735
2023-03-28 09:24:11,True,0.07812,4.52e-05,3804.75,0.172,0x6a...156d,https://etherscan.io/tx/0x128b203ad80442a4c96dd81efbd8a5817cbcee73fe826067f400e98a5a42de84
2023-03-28 09:23:11,False,0.07765,4.493e-05,4000.0,0.1797,0x2e...f345,https://etherscan.io/tx/0xe0b95329ac968482f43f6661e7bac4e789479ff818b800c351c534379c413ffd
2023-03-28 09:21:23,True,0.07812,4.52e-05,4478.6,0.2024,0xe6...fb24,https://etherscan.io/tx/0x1b8bd7024493d39335a44d4dae784bbf6a0e9e20cd5b74eeeea728240863eca9
2023-03-28 09:20:59,True,0.07802,4.515e-05,6366.51,0.2874,0xb4...7ed4,https://etherscan.io/tx/0x8119f1b1b13339a55159a6a88c37572c3d5e7346b26c29bb8e8a6073dccf6575
2023-03-28 09:15:35,True,0.07801,4.512e-05,505.296,0.0228,0x35...5826,https://etherscan.io/tx/0x8fc4510e7ab8bf9ca013ec62b700c5ff9505fddf9becc663cf0f0a0f82202964
2023-03-28 09:14:47,False,0.07758,4.486e-05,4625.03,0.2075,0xe6...fb24,https://etherscan.io/tx/0xc1b581968c3e0cb9a41975ebb5ad593074f0321a0fe97e275bfa8f33631dc22e
2023-03-28 09:11:47,True,0.07817,4.515e-05,1361.05,0.0614,0xee...bff8,https://etherscan.io/tx/0xa95948b20d83cd2fe171a433e39daf6412d9d81ea9d7ae808830277481347c5c
2023-03-28 09:09:59,True,0.07816,4.514e-05,658.711,0.0297,0x46...91c2,https://etherscan.io/tx/0x97e7e4505e42143d47c4005b095c71d9de5162299b81e5fa98b26e80fda37b13
2023-03-28 08:59:11,True,0.07817,4.513e-05,1317.7,0.0594,0xbe...f815,https://etherscan.io/tx/0xd751ac5b79251b41917eab63577aa4f6d0a2daefb1ca8fbbb6baa173f084374a
2023-03-28 08:58:47,True,0.07814,4.511e-05,2262.9,0.1021,0xe7...f19d,https://etherscan.io/tx/0x6126dc062cb5f4115d4d6b53b0f2b85c064f3a40d347d3fa15d7f9c527bd3d59
2023-03-28 08:58:35,True,0.07812,4.51e-05,126.772,0.0057,0x55...8a7e,https://etherscan.io/tx/0x9a9487c64915e9c7307556e688789a6171f6304ebdc0871a0a1cf834dd17ab04
2023-03-28 08:54:23,True,0.07809,4.51e-05,792.552,0.0357,0x3e...2432,https://etherscan.io/tx/0xc0c3e89f5dae4ccab60885727ae97cae78b4f7c010a8e6f933cf09607b9ba5fd
2023-03-28 08:52:23,True,0.07795,4.503e-05,12919.5,0.5818,0xb7...8918,https://etherscan.io/tx/0x88df3c84c19c7515e9054601653edf57545c234c1f1400def29164aafa742ce0
2023-03-28 08:51:47,True,0.07783,4.496e-05,1458.03,0.0655,0x1d...688c,https://etherscan.io/tx/0xe73fe1a7ddea6b651b0cc79617105aaf982622d7bb2f3e9d41897150da2c07e8
2023-03-28 08:51:35,False,0.07753,4.479e-05,21890.0,0.9805,0xcd...2dfb,https://etherscan.io/tx/0x655a7a6db605303354e07b9f713e6f375d9168bcc554113fa4c6e84f1da6bc0e
2023-03-28 08:44:23,True,0.07815,4.516e-05,379.265,0.0171,0x6e...fab7,https://etherscan.io/tx/0xf4cb39766775f5fe2a8334488d8a5f8be49171ec0f07d5e667fce00d4edc8381
2023-03-28 08:42:59,True,0.07814,4.516e-05,219.472,0.0099,0x4e...408f,https://etherscan.io/tx/0x9e040b74c28affbeaefb6e546dd2100c1f45eaf6123f439a7adabd7e3935c061
2023-03-28 08:40:23,True,0.07824,4.515e-05,1265.75,0.0571,0xc1...ed4b,https://etherscan.io/tx/0x0ff3a7d8366a98805826422b4aa639b86ae3faf621aa3cab14bd2d993c0e9306
2023-03-28 08:35:59,True,0.07815,4.511e-05,8227.58,0.3711,0x0d...8200,https://etherscan.io/tx/0x5a35a3c19841988badf69a26079947f5925746b0333439e8f538ccc8c6e89d6d
2023-03-28 08:34:47,True,0.07807,4.506e-05,1099.71,0.0495,0xeb...ea43,https://etherscan.io/tx/0x51505f3e1fb7977b65c9bd61f7312e3dfbf289504f9c3ddd7f479f0e834d46f0
2023-03-28 08:29:47,True,0.07811,4.506e-05,285.967,0.0128,0xd0...959b,https://etherscan.io/tx/0x5a26b37cbf5dc3096f219edf3f581fdeb8a58c8800d3863b933e473ee1f494e8
2023-03-28 08:24:47,False,0.07761,4.479e-05,52.7314,0.0023,0x5d...c1d0,https://etherscan.io/tx/0x61b6a3bd58857d5639daef4e63ce47fd7b5393cd27b604d3cf32ce343f50fa6e
2023-03-28 08:19:11,True,0.07807,4.505e-05,1485.81,0.0669,0x42...ea64,https://etherscan.io/tx/0x47ac49b7dec932c0a4d728dc1cb1eb673479a69b0c19abb7114b3f3e3de854cd
2023-03-28 08:12:59,True,0.07803,4.504e-05,660.19,0.0297,0xe6...f47c,https://etherscan.io/tx/0x010d9a819f9125307017cb02cc8c28c75899bd3e03d9ed7033ec6701233cf66e
2023-03-28 08:10:59,False,0.07758,4.479e-05,4710.53,0.211,0xb2...026f,https://etherscan.io/tx/0x8326b7f95a4b8751e9af7c6560b59dee41f863cd0128b2d53026039f734fbeaf
2023-03-28 08:10:59,True,0.07809,4.508e-05,397.964,0.0179,0x41...0942,https://etherscan.io/tx/0xa5368f585e29c43754400b6dbc73e6c217f74f3d8140f8fd98ca33a093a41e30
2023-03-28 08:07:35,True,0.07797,4.507e-05,505.749,0.0228,0xcf...2841,https://etherscan.io/tx/0xda7828730881990281f12830447ef506428ab9ff42219ceceb48784aece7023f
2023-03-28 08:05:59,False,0.07748,4.481e-05,1600.0,0.0717,0xc5...7a04,https://etherscan.io/tx/0x497ae9e77dd365096cb5c71dc6cb6ee98a19e80d6c1c80680e43f6c6b68b851f
2023-03-28 08:00:23,False,0.07729,4.484e-05,5000.0,0.2242,0x91...dcb9,https://etherscan.io/tx/0xffd9c136c73973183b4d44c4a9588660eebf436f3627412c04f5522681a1d4c9
2023-03-28 07:59:47,False,0.07728,4.487e-05,1384.48,0.0621,0x5c...093e,https://etherscan.io/tx/0xa09845be6f9d0f5918cb67ff3f6e021696a61cd551ebb9f30222e3e16f9c925f
2023-03-28 07:54:11,True,0.07753,4.513e-05,3294.15,0.1486,0x40...b947,https://etherscan.io/tx/0xba3a80dd5ec5bb8acdfc59428e70bea53618e9ccb786ea599573dc3f01f8472e
2023-03-28 07:53:11,True,0.07745,4.509e-05,6253.35,0.2819,0x97...0896,https://etherscan.io/tx/0x4dff3b7b25c3cd0f88e2fc4272d00f9a3d49694f4fb27e9fb929e0446fafe363
2023-03-28 07:51:47,True,0.07737,4.504e-05,3329.94,0.15,0xbf...ddd1,https://etherscan.io/tx/0x85587996830de0a6710a916dc73459588892a1952d785fd27a2dc99e6c1f464a
2023-03-28 07:51:11,False,0.07709,4.488e-05,25974.2,1.1658,0xa5...b174,https://etherscan.io/tx/0xf3d20346514cc1026471710be42a108bb4bed7409ae7b419ab5647b7e2299a75
2023-03-28 07:50:11,True,0.07776,4.527e-05,524.259,0.0237,0x42...cf69,https://etherscan.io/tx/0x7ca59488244b86a48438374702c495e1ff1f2f9797009ce9a6d831420f8b110e
2023-03-28 07:41:59,False,0.07727,4.5e-05,766.14,0.0344,0x04...7bbf,https://etherscan.io/tx/0x81ffdad5aa2024c9b79caffe2a4c6fc7bfa32fee7d25e046ff2574504133dd1c
2023-03-28 07:39:59,True,0.07774,4.527e-05,175.138,0.0079,0x05...dbd5,https://etherscan.io/tx/0x6463c49a196aa294faf17af7dc7ab319c4498fa474d1d6c4e03b29d2037b1e39
2023-03-28 07:38:23,False,0.07728,4.501e-05,1029.0,0.0463,0x2e...f345,https://etherscan.io/tx/0x4ef9178acc958fe80c3cfe6669a6f7e44c71536593ad57707b79a032c963b17c
2023-03-28 07:35:59,True,0.07772,4.528e-05,766.14,0.0346,0x04...7bbf,https://etherscan.io/tx/0xdd2ae61bdab9f5cbce38125370f7aaf987fec609633a0bc7207130ed6730c428
2023-03-28 07:34:47,False,0.07725,4.501e-05,2000.0,0.09,0x15...1a7c,https://etherscan.io/tx/0x71db846fd31c304048b195d53de7c67488f55c43e951556db48912104384bdb5
2023-03-28 07:34:11,True,0.07772,4.529e-05,1269.34,0.0574,0x29...3661,https://etherscan.io/tx/0x376d2ba8aa03691220dec703ab390362d2212dec7b46afdc1aebf982632683b6
2023-03-28 07:32:11,True,0.07771,4.527e-05,1582.81,0.0716,0x78...cb50,https://etherscan.io/tx/0x88bc633f93fd45d95f1288414a9a4ea816191c37ebf805dff4c5946830a39d50
2023-03-28 07:30:47,False,0.07727,4.5e-05,1224.0,0.055,0xf3...58fc,https://etherscan.io/tx/0xb32f4376dca0f486fe5e7cb3a2cfe940fced23beb712ff95a24da6c364f47bcc
2023-03-28 07:29:59,True,0.07775,4.528e-05,169.323,0.0076,0x07...1055,https://etherscan.io/tx/0x176ad1bb35b722425ed878fc01a1a959c2b6d8090a550b824ca62de15080a349
2023-03-28 07:29:35,False,0.0773,4.501e-05,1817.57,0.0818,0xfa...18e4,https://etherscan.io/tx/0xb7a2b9b5cf17c5ee79324305c181e6aeedf5ede1edf6b05508459c478fc12db7
2023-03-28 07:28:47,True,0.07777,4.529e-05,1131.21,0.0512,0x07...1055,https://etherscan.io/tx/0x5545417dbf41d4f2cfead2d6aa5e9d4a3934d5abbacc67f6cab6f3f46ef75e0a
2023-03-28 07:28:11,True,0.07774,4.526e-05,4647.27,0.2103,0x07...1055,https://etherscan.io/tx/0x8f96440e5851d2c4c39d01d4df05db403e4f02eda617c00602d39c76e4ea5f6b
2023-03-28 07:25:35,True,0.07769,4.523e-05,1095.58,0.0495,0x1c...45a5,https://etherscan.io/tx/0xaefe9df66cc9f95f3746aa2ca99774677a4252d720ab756ac3ebb64f16027126
2023-03-28 07:22:23,True,0.07767,4.523e-05,613.633,0.0277,0x3c...c8ae,https://etherscan.io/tx/0x08ad0caaf3d6b564189bd69e02cfb53a0475d9a536d8b7fa20c51a4e1fa232f3
2023-03-28 07:20:47,True,0.07764,4.521e-05,2780.79,0.1257,0xaa...459f,https://etherscan.io/tx/0xfa43315f9b2106f8aaeabd1308bc9066acb384b319f5a92619ffb3cc7ce86eab
2023-03-28 07:19:59,True,0.07757,4.516e-05,6641.67,0.3,0xdf...e087,https://etherscan.io/tx/0xdf68c5a5de01302d9199a4c2dbbff650b22099b6a1e7046beefbc6ed9d71d889
2023-03-28 07:17:47,False,0.07769,4.521e-05,72658.4,3.28515,0x55...1919,https://etherscan.io/tx/0x918c131ccff3685ee39cef0c5286c235914444ae3df1c3b6c5b0388165265178
2023-03-28 07:15:59,False,0.07834,4.559e-05,6230.02,0.284,0x01...c04b,https://etherscan.io/tx/0x4fe85bb735e91a9fab2e1f6194f45add87897e16f62cfc58f01e62b886263e78
2023-03-28 07:15:23,True,0.07885,4.589e-05,1079.99,0.0495,0xc4...e065,https://etherscan.io/tx/0x2b3f91cf2278578cc937c71742c2e4ff9be7a22541f03d5526c964cd638ef5ba
2023-03-28 07:11:59,True,0.07875,4.587e-05,1749.27,0.0802,0x28...60e3,https://etherscan.io/tx/0x3c1924ec554d3f04c77c9c4c08d204fb3eb976666013b5c91fcc3645d1bc3692
2023-03-28 07:11:23,True,0.07873,4.586e-05,561.902,0.0257,0xb4...dfc5,https://etherscan.io/tx/0x770830cc65c28d1475fd74a608f360931728d4195f89487b02495cd849fb07db
2023-03-28 07:09:35,True,0.07882,4.586e-05,510.234,0.0234,0x40...05d3,https://etherscan.io/tx/0x7b2ec5171767397869869bce919381da06c22267bc34877cc5b54711e2724db7
2023-03-28 07:06:59,True,0.07881,4.585e-05,1470.07,0.0674,0x25...2075,https://etherscan.io/tx/0x1f35eee81ea3b956f091e4ba04a14411f58a6f0e5babad6f192bab1a1404859d
2023-03-28 07:03:23,True,0.07873,4.583e-05,1297.5,0.0594,0x3e...bde7,https://etherscan.io/tx/0xacaeb70ce8d93c810382fe65964230d49f6b484afd1debc54d602854104980f8
2023-03-28 07:01:47,True,0.07862,4.577e-05,10826.5,0.4956,0x23...4475,https://etherscan.io/tx/0x6b4cc42c91da0b67ec7e907ead045d64695f67590ef1f9360b623f44bcfdbbf1
2023-03-28 06:51:47,True,0.07831,4.572e-05,960.136,0.0439,0xe6...4486,https://etherscan.io/tx/0xff244a0cae3a454af415d04adea3e3771cc259dcbd420bb1bf56e4e75c5f72da
2023-03-28 06:51:11,True,0.0783,4.571e-05,867.371,0.0396,0x6a...3d01,https://etherscan.io/tx/0x0b33531dcd503a73abbd1739c2e919c9e807b00678e65e47c81dbe48da05a0b9
2023-03-28 06:46:23,False,0.07789,4.544e-05,2552.34,0.116,0x5e...5ac6,https://etherscan.io/tx/0xedbbb3028e6d4ba3cf18bbf603d65d815746338c48fff623e72e5a26c901fef8
2023-03-28 06:45:23,True,0.07825,4.566e-05,15196.7,0.6938,0x37...0e56,https://etherscan.io/tx/0xcd3708a74e197c8ca6bd38bfa8b50a71fef5ac65d550722778d892ead60b6de4
2023-03-28 06:38:23,False,0.0777,4.533e-05,5500.0,0.2493,0x76...26a8,https://etherscan.io/tx/0x4f6438e50b0fced9a88049701af9421437b5a5cca89ca20e7585ed2dba2ef076
2023-03-28 06:37:11,True,0.0782,4.563e-05,632.867,0.0288,0x5b...499a,https://etherscan.io/tx/0x7d42ef9224e9261be78af0ed1126886d8e006634f5ffadcd8045626b3d1a8b61
2023-03-28 06:30:59,True,0.0782,4.562e-05,1266.73,0.0578,0x47...2667,https://etherscan.io/tx/0xc84178ebb09c165139815e738958e8fbd9e6474621e45a80e9c1d850f9e25d90
2023-03-28 06:30:47,True,0.07818,4.561e-05,303.986,0.0138,0xb4...7dd3,https://etherscan.io/tx/0x5b57769bc3c7b05c6f747c8f2db1b2c36a2b2c93f17ce60f835761932cf3b457
2023-03-28 06:29:35,True,0.07817,4.561e-05,673.662,0.0307,0xb5...442c,https://etherscan.io/tx/0xc9e2746033b8d9043ebb5402721800c8871427115c371d82a570a28ec935d7c0
2023-03-28 06:28:23,True,0.07814,4.559e-05,2631.67,0.12,0x99...1e54,https://etherscan.io/tx/0x47263c3ce82f459b6dc4255ab240d853afdbb12df23f9c34c81369421c7b1c34
2023-03-28 06:28:11,True,0.07812,4.558e-05,82.1023,0.0037,0x74...e206,https://etherscan.io/tx/0xf3b120562318a9f6e3593925294931e2169c734d0ff04b288c2f290f71456c1e
2023-03-28 06:25:23,True,0.0781,4.557e-05,2175.01,0.0991,0xbd...5f11,https://etherscan.io/tx/0xd0547db132d1f46fb276f526742c62931c75957b5fc844d51aa606d0acfd8609
2023-03-28 06:22:59,True,0.07801,4.554e-05,3917.56,0.1784,0x3c...cedc,https://etherscan.io/tx/0x50547b99c907f3898e5d1596a7e016c2d6c1200c3e5f0bf86736c173d7fac736
2023-03-28 06:22:59,False,0.07754,4.527e-05,3500.0,0.1584,0x1a...c795,https://etherscan.io/tx/0x7cd2c5541a73f4bc5bf82444f5dc034a9df94e9245cb6bde65be7bc993e21fb4
2023-03-28 06:19:59,True,0.07795,4.552e-05,7688.49,0.35,0x46...6704,https://etherscan.io/tx/0x8ccc4e270c5c9b5bc7aca36a7ae50329f9619d918d45f7ebd838afbf1cacf6fa
2023-03-28 06:18:47,True,0.07784,4.546e-05,3837.07,0.1744,0xe4...84f4,https://etherscan.io/tx/0x7b3a88f5782bb9ff10385c30b1c601b0f97fba5eb26e8d23b069a3ff3f61781c
2023-03-28 06:18:47,False,0.07739,4.52e-05,5002.15,0.2261,0x33...c2aa,https://etherscan.io/tx/0x4e930e6a0434b714b39cfe21aeb4fafdc54b5c8ea6a102b32cdc9c549c4d2720
2023-03-28 06:18:11,True,0.07786,4.547e-05,3770.72,0.1714,0x6f...7296,https://etherscan.io/tx/0xffea4791549f35f7fc9888b56a04af9148233c6ca08c9156f21ac044b5b04281
2023-03-28 06:17:23,False,0.07745,4.523e-05,10000.0,0.4523,0x34...e3dd,https://etherscan.io/tx/0x50da4d6eedc5f72e751a95524e39792da022757d83e700f3461fe4a8d954bd78
2023-03-28 06:17:23,False,0.07769,4.538e-05,20000.0,0.9075,0x2e...f345,https://etherscan.io/tx/0x9fe9f4c217c00ab919297c723a9166e8b3844f8a3f83c3a311eefd17942668b5
2023-03-28 06:15:59,False,0.07789,4.549e-05,4311.44,0.1961,0x8d...bdef,https://etherscan.io/tx/0xa123222984843488707b3ee5a133f9b6ab94ef1e411f842ea979e745fc01255a
2023-03-28 06:15:47,True,0.07838,4.578e-05,1305.95,0.0597,0xd5...d67a,https://etherscan.io/tx/0x29b82729f65b845cd1660deadfdf88c3b155830e055ccbd6636fedfa729a5153
2023-03-28 06:13:59,True,0.07832,4.577e-05,757.914,0.0346,0xda...797f,https://etherscan.io/tx/0x6b62a3ad5f8f76b3827563dff1d3fd0aa9050d9ce001b75ce277ff6e0c43a246
2023-03-28 06:12:11,True,0.07826,4.576e-05,2296.14,0.105,0xa7...e5df,https://etherscan.io/tx/0x003073cc8d78c5f8f90f15e5e526f7f600389656f4cbdc1d80116513774e76ae
2023-03-28 06:07:11,True,0.07828,4.574e-05,980.745,0.0448,0x9a...8f36,https://etherscan.io/tx/0x7297e2e9846e2d6ca7b8741e5392e1993f316f93561df613571e48af2aed4153
2023-03-28 06:06:35,True,0.07825,4.572e-05,2167.65,0.0991,0x1d...fe5c,https://etherscan.io/tx/0x1226a55ffbe464ad13ea53c91a27836c58194e359ddf9ff09a82d60f18744657
2023-03-28 06:05:59,True,0.07819,4.57e-05,2901.88,0.1326,0xcf...802a,https://etherscan.io/tx/0x5c84ed1b81a6083eb1b8e57126a0d4c7d8e4736b852752bd7f2bfd0a39a3ebb2
