datetime,buy_order,price_USD,price_native,amount_token,total_native,maker,etherscan_url
2023-03-29 07:19:59,True,0.07846,4.38e-05,252.471,0.011,0x58...6aea,https://etherscan.io/tx/0x13263a6b3fca04da2fd55fc2dac246e599e8006eb8922655035d1fc359446df1
2023-03-29 07:19:59,True,0.07844,4.379e-05,2203.37,0.0965,0x2f...dcb8,https://etherscan.io/tx/0xbf4538679e6e258bc1303d6fb06d2020d6347d89b3f0c3dee6b73a04885f1af1
2023-03-29 07:18:59,True,0.07838,4.378e-05,1267.91,0.0555,0x89...c1e9,https://etherscan.io/tx/0x6feb94627f9e809f5c3ec73a755d655c0a49172cb3bb04bdae16a3a8e18dce25
2023-03-29 07:18:35,True,0.07834,4.375e-05,3851.04,0.1685,0x79...97fa,https://etherscan.io/tx/0x9367cff483230260862fe7f5b6308152706ddee7b66bfbd8b06eaacfd91e731e
2023-03-29 07:17:59,False,0.0778,4.347e-05,231.14,0.01,0xa9...7407,https://etherscan.io/tx/0x79da3f4e1e05a1222248e91262d6fd784ee9eb47c1fbbc1c74fad817aaa4c0a5
2023-03-29 07:17:47,True,0.07826,4.374e-05,379.289,0.0165,0x58...6aea,https://etherscan.io/tx/0xe1579ca91af9bb94664e64614c7269b49cdf31044a181ddcbb43309f4d501513
2023-03-29 07:02:11,True,0.07838,4.373e-05,226.634,0.0099,0x15...3b55,https://etherscan.io/tx/0x75ffade468c0a107055b5fc42c7ee55b0103abdcd88df650bcde741c1fb2276b
2023-03-29 07:00:47,True,0.07831,4.372e-05,3486.45,0.1524,0x81...441c,https://etherscan.io/tx/0x9f2e4d50c09f087bd2af737e763f4b0365cc2614da6f68752169f0c3e174ea7a
2023-03-29 07:00:11,True,0.07827,4.37e-05,637.133,0.0278,0xcf...88cc,https://etherscan.io/tx/0x24102c51f5bcff981cf817b433ad1074be9166e7760a585be0c8b6fe21cbd87f
2023-03-29 06:59:23,True,0.07801,4.355e-05,2801.08,0.122,0x06...84f1,https://etherscan.io/tx/0x5ac3b01faa0538df17abfb9e8fd83a273ec3051e9938053433c15dd2d70066b3
2023-03-29 06:59:23,True,0.07819,4.365e-05,10079.3,0.44,0x02...c6f3,https://etherscan.io/tx/0xcf6019e2b3759d5c21e6258f384bcb0912e0890764fe941a4b8032db58e385d6
2023-03-29 06:59:23,True,0.07807,4.358e-05,4571.03,0.1992,0xea...215d,https://etherscan.io/tx/0x8da7fab772f7e2dd4d780e7dcc1230c44783ce5f138ac53347a8776acff32d30
2023-03-29 06:59:11,True,0.07791,4.351e-05,6404.18,0.2786,0x42...cf69,https://etherscan.io/tx/0x84673d602a04bfb21eac40370f3d6f6e8e9d4c9e749e94564a9aafe5a16619cc
2023-03-29 06:45:11,True,0.07777,4.345e-05,6396.86,0.2779,0xed...2d80,https://etherscan.io/tx/0x2bbb1a18f49c5462589805a723865b5ee701ab1ad1187270210783777461e3a3
2023-03-29 06:41:23,True,0.07782,4.342e-05,732.758,0.0318,0x58...c041,https://etherscan.io/tx/0xc5e8250614dc95d45187e08a9daeefefd889c407cfea0b292750085cbbf52285
2023-03-29 06:35:11,True,0.0779,4.34e-05,4376.03,0.1899,0x80...7d0c,https://etherscan.io/tx/0x9badb717acd2c283dde02a6d6b0fa9a92c89bba090159a061f80e6395c0500ca
2023-03-29 06:34:35,True,0.07788,4.336e-05,4000.35,0.1734,0xdd...1e55,https://etherscan.io/tx/0xb60703cfc6572cd21c6f172372e18b2b01c70d65ee9b06de92608a3d89cf0ad9
2023-03-29 06:30:23,False,0.07694,4.308e-05,586.676,0.0252,0xf6...39fe,https://etherscan.io/tx/0x00dece04ee97b473c277b4d9b02b26e4d68fda7e428ab59b610f595e73a046a7
2023-03-29 06:28:47,True,0.08545,4.785e-05,30007.9,1.436,0x1e...b7b2,https://etherscan.io/tx/0x1b1d614e6dbe0fd7e7aba4aa38a0ebb467219ca741274cd66adf7a3a277b93fc
2023-03-29 06:27:59,True,0.07682,4.301e-05,12213.0,0.5253,0x83...041b,https://etherscan.io/tx/0x7f285dbbef3aba1e1ed26ad68d982568e82abdf7fa12ecf0b5279ab5bb0fcac8
2023-03-29 06:26:35,False,0.0763,4.272e-05,3500.0,0.1495,0x1d...05a2,https://etherscan.io/tx/0x6bdfa08140936479069b7ad026df1fcce2a9f0413269c6883b84786525566dc7
2023-03-29 06:25:47,False,0.07634,4.274e-05,2200.0,0.094,0xb2...d98a,https://etherscan.io/tx/0x3ab9c5c991fb4b9538646a0a7225b6962d1e15f428780756e2639f36067b1e6e
2023-03-29 06:25:23,False,0.07636,4.275e-05,101.0,0.0043,0x8c...ffb3,https://etherscan.io/tx/0x02e848ed1551865e4a69d55bc39f7496fc6a8659fb3fc6ed0e322b773fc9f6b9
2023-03-29 06:20:35,True,0.07666,4.3e-05,2926.86,0.1258,0x4b...e6fa,https://etherscan.io/tx/0xf4988b2466eec071146142990b3d23b55b5fb247b7b0102b977f8c4ed7bfded8
2023-03-29 06:13:47,False,0.07603,4.274e-05,3000.0,0.1282,0x2f...de44,https://etherscan.io/tx/0x4d9655cee9d67e252642a75654b52e3ef119ee4d670cc94d558796c15e09e4f4
2023-03-29 06:12:23,True,0.07649,4.3e-05,2581.67,0.111,0x26...effe,https://etherscan.io/tx/0x1b31b8fb6f7a72335cebdc4a9720f78c69f85bf95d782f0ac9db5d084a27e92d
2023-03-29 06:11:59,True,0.07646,4.298e-05,878.313,0.0377,0xbe...15d6,https://etherscan.io/tx/0x0fc2105d0b017ab489e029d003c1eade3560bf5c9bdbc805ce7948f0958c6c60
2023-03-29 06:11:47,True,0.07635,4.292e-05,13034.6,0.5595,0x96...6fc6,https://etherscan.io/tx/0x9a76151bfd64125a48bd3dad152d1bdbedea2dd5d9431b85d718fd94aab43a74
2023-03-29 06:11:11,True,0.07615,4.281e-05,12889.4,0.5518,0xc6...fed0,https://etherscan.io/tx/0xc9b761757815e43057f6d043823590ecb58c742c6cc5ad47ca2accdde8101272
2023-03-29 06:08:23,True,0.07598,4.273e-05,4198.08,0.1794,0xc6...e2ee,https://etherscan.io/tx/0xe5e57f33130edf536004d2ae2e59a5e43709995d4c556221325017b698d55240
2023-03-29 06:08:23,False,0.07554,4.248e-05,5700.0,0.2421,0xbe...52a1,https://etherscan.io/tx/0xf8454d89a8adca3beb9cc8d053f55710cb82ae7ce49089a49aca7c42b91a85fe
2023-03-29 06:06:59,True,0.07601,4.276e-05,2086.36,0.0892,0x03...2eb3,https://etherscan.io/tx/0xd17882fce0b2c9d34712dd1c9c66a79e9394776755fe11fe1885f1fc3ef48968
2023-03-29 06:06:35,True,0.07595,4.272e-05,6596.91,0.2818,0x86...3e99,https://etherscan.io/tx/0x7e9f5df4c4fbf0141c88af91baa31aad4a830323dab97fded6772f6a9d27c77d
2023-03-29 05:57:11,True,0.07589,4.268e-05,1161.04,0.0495,0x3d...a397,https://etherscan.io/tx/0x0bfe0ace8bccc055e942624371357b0c60a3f29003be97f4c6ee0b8dc86440ae
2023-03-29 05:56:59,False,0.07544,4.243e-05,1948.16,0.0826,0x79...0741,https://etherscan.io/tx/0x67ccd4851033b42fa7ebd54040c4fa305a930743e7f529f5cfdaf1defc7ae243
2023-03-29 05:56:47,True,0.0759,4.269e-05,1393.06,0.0594,0x1f...19dc,https://etherscan.io/tx/0x2014cc82e864aafebf387a8540e1b1b58614336472b38ae438c98af8f1ce591e
2023-03-29 05:51:47,True,0.07581,4.267e-05,1962.56,0.0837,0x80...7d0c,https://etherscan.io/tx/0xd3510aabaaf710a7b107a938217d544a2922d660b0a9722a40092b2df9a34cba
2023-03-29 05:46:11,True,0.07581,4.264e-05,4880.8,0.2081,0x5a...99f5,https://etherscan.io/tx/0xf6570a61dff70229d240256a1f0711f04597e4e70a86581c56a85975414b4578
2023-03-29 05:39:23,True,0.07566,4.256e-05,13972.0,0.5947,0x19...62d4,https://etherscan.io/tx/0x2af56cf235fa1279050287e7ec9db8abdf7e412f35e0e82e439e2713e9c76088
2023-03-29 05:38:47,True,0.07557,4.25e-05,99.8851,0.0042,0xcf...88cc,https://etherscan.io/tx/0x4d0339082eccf6bcffafa6a4a2f553df70cc1e17f029142027115b113ec83443
2023-03-29 05:38:35,True,0.07553,4.248e-05,5626.38,0.239,0x65...21ff,https://etherscan.io/tx/0x357aadbf8763c0db187bf88eff76b4d2667a881a3459a104b20892267ce7bd77
2023-03-29 05:37:59,True,0.07547,4.245e-05,1401.04,0.0594,0x3c...fe56,https://etherscan.io/tx/0xc4375f135c93b93169e1ad9687491c09038804f077f1b20a4f05bdf3b067de00
2023-03-29 05:34:59,True,0.07536,4.239e-05,12500.9,0.5299,0x76...7d5e,https://etherscan.io/tx/0x8927bc85742e9b761181317d9e55b568fa381ce68965099cb81a00f2cc0675f3
2023-03-29 05:34:47,False,0.07519,4.229e-05,50000.0,2.11491,0x70...9c41,https://etherscan.io/tx/0x4656e032a760182563ea8b04b186b37cd8d6c7ac77f6b9804872f137895ec306
2023-03-29 05:29:47,False,0.0756,4.252e-05,1573.0,0.0668,0x9d...7eb4,https://etherscan.io/tx/0x88f390237a78fd290fbf27f59cccb2bb6ba6da15a48a9fe55bb650277d655c19
2023-03-29 05:28:35,False,0.07562,4.253e-05,500.0,0.0212,0x1c...ea78,https://etherscan.io/tx/0x6b7a672f6b38e3c161d40050c9ad2b5f15a71a6496f4359fe21cedb2cbc99bc5
2023-03-29 05:22:35,True,0.07614,4.278e-05,463.351,0.0198,0xe9...2d18,https://etherscan.io/tx/0x1f7b9b035a427b3f1a096b02d07e133d6919db45223f2662c6d168065d21c5c6
2023-03-29 05:21:59,True,0.07614,4.277e-05,1390.32,0.0594,0x70...a5bf,https://etherscan.io/tx/0xcdac4512b2dfad08a4f50426a0de66d8196a5e340c54c9d675e3ffec521d3143
2023-03-29 05:20:23,False,0.07571,4.254e-05,6700.0,0.285,0xf3...9aa6,https://etherscan.io/tx/0x3700c603f817c7945887f6fc7b96d9b39782a106719874dcefc257dc19b76c88
2023-03-29 05:17:11,True,0.0762,4.282e-05,2083.36,0.0892,0xe4...2c31,https://etherscan.io/tx/0xf96790010203613a16f485e6923d11528f8c9828dc460a521f41a6d4929bc2e0
2023-03-29 05:16:35,False,0.07577,4.257e-05,5226.28,0.2225,0xff...d62a,https://etherscan.io/tx/0x28c22de47fddcdebdbec48b6217fb0b879b16a0e2375548c91432a52cd9844d6
2023-03-29 05:15:59,False,0.07592,4.266e-05,14886.9,0.6351,0xff...d62a,https://etherscan.io/tx/0xf5a7130b0bc53e535735e8a97ea946f2e896a90d221b3af710917d17d72be754
2023-03-29 05:09:23,True,0.07649,4.298e-05,1302.28,0.0559,0xb6...3095,https://etherscan.io/tx/0x9cd707247749fbe428f9188df52956237854a38cf49a32710d8adceb1315181b
2023-03-29 05:08:47,True,0.07647,4.295e-05,4615.1,0.1982,0xe3...f5a1,https://etherscan.io/tx/0x4bbea1d8ac340e0b41cab9dcf4c9d0f01b63d401e83a03e6a480ced0f990d475
2023-03-29 05:06:35,False,0.07598,4.268e-05,464.84,0.0198,0x5a...1f5c,https://etherscan.io/tx/0xc78b1ef93ac2b8d0c51bc96ee3d3dc6f6c1b56309c9c55016d4aad35ff0c40f7
2023-03-29 05:05:11,True,0.07643,4.293e-05,1288.21,0.0553,0xde...2207,https://etherscan.io/tx/0x731d7933fb9764bb059c4342eedd16430a7ffd9794cb895d9671f2d150d6626f
2023-03-29 05:04:23,False,0.07602,4.27e-05,6999.55,0.2989,0x7c...4f19,https://etherscan.io/tx/0xafa4e355e663a88a359f2874e7f5ff2be806c818c42889f6b05858d5bea3c137
2023-03-29 05:03:47,False,0.0761,4.276e-05,7777.0,0.3326,0x73...e9f5,https://etherscan.io/tx/0x61fed04353e6d3802562d2b7f43a6a0b2d2bd842dcd700c4dcb35a2332b0ef76
2023-03-29 05:02:23,True,0.07656,4.303e-05,4606.29,0.1982,0xe7...8973,https://etherscan.io/tx/0xc568bbe05784e24546b100af4f6e1ce04007ff28e5a61cc921e1b3c6af1ea12b
2023-03-29 05:01:59,False,0.07612,4.278e-05,6157.36,0.2634,0xc1...28d9,https://etherscan.io/tx/0x07d1fe12ef0b76f388cfc9e2c1dacaa4939b7ee0f62819a5af6eac01188bfe56
2023-03-29 05:00:59,True,0.0766,4.306e-05,2992.65,0.1288,0x00...7fd9,https://etherscan.io/tx/0xc987f1e836799ed5c53b93058ba21475ecd3793ec5f520d591a70dcc6b82d474
2023-03-29 05:00:35,True,0.07655,4.303e-05,3718.34,0.16,0xf5...8352,https://etherscan.io/tx/0xaa1036fc3b8be4aae82d78ffb6f0357f2da79dbef8ea805c26ea5372485be359
2023-03-29 04:46:23,False,0.07643,4.293e-05,39927.2,1.71414,0xf6...68eb,https://etherscan.io/tx/0x67836515adb188c5256bfcbf2779f68fd440caf6c1964a9a06af580f9b0efc94
2023-03-29 04:42:35,False,0.0768,4.312e-05,2716.42,0.1171,0x6d...9604,https://etherscan.io/tx/0x64ff107eaf92d89699f728ff1da7a893b7e204433034d096772c52864087d776
2023-03-29 04:41:47,True,0.07723,4.336e-05,6480.82,0.281,0x74...d510,https://etherscan.io/tx/0xf85c8a70aa39ee371ad4c81763d09fa21f71fba17fb8baad0a52f36034c9ade5
2023-03-29 04:41:47,True,0.07717,4.332e-05,1798.95,0.0779,0x65...21ff,https://etherscan.io/tx/0x11d29fdd3ca69adbabd683e12bf255e9531350e3e0239eb2028d70282ed75ebb
2023-03-29 04:36:47,False,0.07677,4.31e-05,9873.0,0.4255,0x71...6d2c,https://etherscan.io/tx/0xc0eb9adbb052c87615ed6827299ac8aac11ea9fd2c064d0bb66c9d5dcbdb7c7c
2023-03-29 04:34:35,True,0.07733,4.339e-05,1735.91,0.0753,0x2b...2a94,https://etherscan.io/tx/0x02ed2275ecfa25da2c88b6b8771135f6c74a6078338500be0437f9394ebcd1e0
2023-03-29 04:34:35,False,0.07687,4.314e-05,2555.0,0.1102,0x9c...f559,https://etherscan.io/tx/0xb3aa665655f1573891f0691366e818a0e725da676294d065df2f23db6a9a8ff4
2023-03-29 04:34:11,False,0.07701,4.322e-05,15039.4,0.65,0x92...f2fe,https://etherscan.io/tx/0x6024adf420b2399fcacc70d88824702766364c52f662e548da8fe90b239f76a2
2023-03-29 04:28:47,False,0.07711,4.329e-05,1000.0,0.0432,0x6d...9604,https://etherscan.io/tx/0x8984c2db5b71afea3e712b880fd6900ab2a4ffc6a7e363849ccee0a81bf9cc8f
2023-03-29 04:26:11,True,0.07752,4.355e-05,1479.48,0.0644,0xe5...8408,https://etherscan.io/tx/0xe7c798a39d42dc775a2a9de3b6389d53790053ff1958f77fc32cbc39f3c058e9
2023-03-29 04:24:35,True,0.07735,4.349e-05,11314.0,0.492,0xa2...fb83,https://etherscan.io/tx/0x3cf4dbc69d4cbe08720c0d63711c7fffd47292ebb1800f1788058fdd3f8b8417
2023-03-29 04:22:47,False,0.07712,4.337e-05,44249.5,1.91951,0xe5...6e2e,https://etherscan.io/tx/0x2059c62245bf330537227f71956f78bae852b4f3e1f1a07b2b6833c14e5a2a2e
2023-03-29 04:22:11,True,0.07793,4.383e-05,1718.71,0.0753,0x21...ac46,https://etherscan.io/tx/0x408f437b7375225885e30e035fd7e2ee42dd02221446bf50ca534f78704b427e
2023-03-29 04:19:35,True,0.07787,4.38e-05,4565.82,0.2,0xfe...04f5,https://etherscan.io/tx/0x3aafa7b33c28e3b31f65f8f86e19399aaf95fc9c4ee942ccc7371d0e3730d13b
2023-03-29 04:17:35,True,0.07782,4.377e-05,2741.57,0.12,0x7b...e0c8,https://etherscan.io/tx/0x1dc896812126f2b02a3b9173698c2d7dc5f00dcb9845531ffc4913488dce958a
2023-03-29 04:16:47,True,0.07778,4.374e-05,2545.73,0.1113,0xae...8326,https://etherscan.io/tx/0x08945455c4d24ccc4d7da016601cdaafdb6f3952b4a05a847b9b6c64024232a7
2023-03-29 04:13:23,False,0.07735,4.349e-05,5592.24,0.2432,0xb4...6a81,https://etherscan.io/tx/0xf51bec8a775ccadd41303b6bf0ac9c319b0680adb9eb210cba9a4bf8daf2e765
2023-03-29 04:11:47,False,0.07741,4.352e-05,676.199,0.0294,0x2e...f345,https://etherscan.io/tx/0x3c236151c5c4a777e83c76d231185ada693983c5663e818276c4e9b7836020b5
2023-03-29 04:07:23,True,0.07784,4.379e-05,456.729,0.02,0x2e...f345,https://etherscan.io/tx/0xa5a868bbbb7288a7cac980f784c1e3d92458adbf075586065e3bde2d202a439f
2023-03-29 03:58:59,False,0.07739,4.354e-05,4989.74,0.2172,0xda...1784,https://etherscan.io/tx/0xfceaa73e27f509164587302fe263919b744b2d7c3c263d18cbfa4d958abc35e2
2023-03-29 03:54:47,True,0.07786,4.381e-05,4525.0,0.1982,0x81...e77d,https://etherscan.io/tx/0xd3a69aad53ca22b4975eae6a52a280c8b22435b6eccf043b567bd0eb980237a9
2023-03-29 03:53:47,True,0.0778,4.377e-05,2843.35,0.1244,0x81...e77d,https://etherscan.io/tx/0xd7b5219d8578a50953c0465ff85ba37027895ef5f94482ca56b2c16d6c081313
2023-03-29 03:52:35,True,0.07777,4.376e-05,554.931,0.0242,0xc7...0236,https://etherscan.io/tx/0x5cd128f283452d23eeb2f7dc8d555bb5ec33d3bfe82d93189329910f4ec13dab
2023-03-29 03:52:11,True,0.07775,4.375e-05,1272.75,0.0556,0x1a...26d9,https://etherscan.io/tx/0x77bcc21e0ba01e87bf3c1ef1faa0c600f0b70d76b53302fc5e8a1308dc9b172e
2023-03-29 03:50:35,True,0.07773,4.374e-05,1751.58,0.0766,0xfd...cc18,https://etherscan.io/tx/0x8bf42540d754def208003a3395511b08b74958ef5fb1d9cd3827be77379a14bc
2023-03-29 03:47:11,False,0.07736,4.35e-05,6500.0,0.2827,0xfc...c63d,https://etherscan.io/tx/0xf6870438897cd4ac77a6bda709f82a3cd695087cf424609c0c53930220af9314
2023-03-29 03:46:35,True,0.0779,4.378e-05,2490.53,0.109,0xe0...f910,https://etherscan.io/tx/0x9a20d2214380fe90032a86dbb01a57a45526d084c22245f1d79308fb797122de
2023-03-29 03:44:11,True,0.07787,4.373e-05,7479.31,0.3271,0x04...087d,https://etherscan.io/tx/0x3ac8c684761d012a0793f83a6b091c9c74fa06a20056685aa076cac8ce535f1b
2023-03-29 03:42:47,True,0.07778,4.369e-05,686.519,0.03,0x82...8c1a,https://etherscan.io/tx/0x9305dbda27af582bde3f78ac5b65411298f399d4f66b5d745ad35fa363a9fb2c
2023-03-29 03:42:35,False,0.07733,4.344e-05,2523.79,0.1096,0x42...fb60,https://etherscan.io/tx/0xa156b16752ed820efd263b53803504a8a1979482c38b1b0a9b46c48a955a1672
2023-03-29 03:42:11,True,0.07781,4.371e-05,1143.49,0.0499,0x79...0741,https://etherscan.io/tx/0x5566fbba4f8004cd844c3723f68a07507b8c64f4a4906fcb0ee669e55dcb90d8
2023-03-29 03:38:47,True,0.07774,4.369e-05,2153.96,0.0941,0xae...8326,https://etherscan.io/tx/0xaa18631017bfea611aafd877ff07d1d41994c47fef7d10100a91cd0458c14848
2023-03-29 03:36:47,True,0.07781,4.366e-05,4324.82,0.1888,0x8c...33bb,https://etherscan.io/tx/0x68242c539e4cbb9bad3caed8ecc2181e1d11349257c0f7e7bf74e9e0b028e6b6
2023-03-29 03:36:47,True,0.07777,4.364e-05,635.949,0.0277,0x4a...ffdf,https://etherscan.io/tx/0xe04eb0a9c167a40dabdfad157638c12c8ba17f4a70624553f1cfa7d998b153bc
2023-03-29 03:34:11,True,0.07772,4.36e-05,8183.37,0.3568,0x17...44eb,https://etherscan.io/tx/0x7ba6e962e26a9c3d48daa6c5694d7403132e3d980dff33fbc0f785b8dd9d5be2
2023-03-29 03:28:11,True,0.07762,4.354e-05,4661.81,0.203,0x09...15c5,https://etherscan.io/tx/0xc1abff9245b2287d1d2b8c9372e4abdb69a329754c421ce7a5c69660c9586498
2023-03-29 03:26:47,True,0.07758,4.349e-05,8445.07,0.3672,0xc6...072a,https://etherscan.io/tx/0xb7dd0c3f608320b4451abf09d104679245199400176b5cd3ed35aa9af55d68ae
2023-03-29 03:25:59,True,0.07745,4.341e-05,7831.05,0.34,0x31...0a8c,https://etherscan.io/tx/0x90aeaa5dae6d7ca7dd2fcd4420fc68edab906c51cf294b25a8f5949d7685ff96
2023-03-29 03:25:47,True,0.07738,4.337e-05,1005.48,0.0436,0xff...954a,https://etherscan.io/tx/0xa526813a59b876826c0d055581417c58ba1e22351c82d89702d19217c0a3dbef
2023-03-29 03:25:11,False,0.07691,4.311e-05,9.66846,4.168e-05,0xb0...c288,https://etherscan.io/tx/0x47dc52a2aac72d036116fcd5d06a9bfe3adc6f4990d9be9b2e58deaf4aa939d7
2023-03-29 03:24:11,False,0.07696,4.314e-05,6474.97,0.2793,0x2e...f345,https://etherscan.io/tx/0x5a837e675d103f3cb7956ca17b7ca0aabacd62e9bf8a43a43e4fda3f4c0ede99
2023-03-29 03:22:59,False,0.07708,4.321e-05,9679.64,0.4182,0x2e...ee8b,https://etherscan.io/tx/0x774dbc20d7f4b7dd652bc2edf386967be5396ad97d9a069596e07732fd15cabf
2023-03-29 03:21:35,True,0.07766,4.346e-05,12176.8,0.5292,0x0d...0c97,https://etherscan.io/tx/0x2d6982fdeae377c81aa9d2b182d2fd95deb9761043cd8fbf32a80bf6b7e2481d
2023-03-29 03:18:11,True,0.07738,4.339e-05,2124.17,0.0921,0x04...70fb,https://etherscan.io/tx/0xc817fa9358ff73ac377661afaecbb3849689231548d73ba219f98ff2a540be49
2023-03-29 03:17:35,True,0.07725,4.332e-05,13579.7,0.5883,0xc1...aa1c,https://etherscan.io/tx/0x3fa6d3610f40392966c88ef0f7fd13c7a7268a24e8200dbd3e14c9f60f0b0ad3
2023-03-29 03:16:11,True,0.07709,4.326e-05,1833.12,0.0793,0xe7...f66c,https://etherscan.io/tx/0x9a16cedbfa669f428def51f5a619068ce7506f1270e4dc5e33a17db83bbd878c
2023-03-29 03:12:59,False,0.07652,4.3e-05,2900.8,0.1247,0xa5...2afd,https://etherscan.io/tx/0xdc01f788f574081dc95ddb4598f6e002449beabf0daa786aa0f21a4337e3c297
2023-03-29 03:07:47,False,0.07646,4.302e-05,1500.0,0.0645,0xf8...25b5,https://etherscan.io/tx/0x48a2c7f4ecddf2c5ed77692dc4f13a74526a5c9739c5b049fbf66d1372fa63cc
2023-03-29 03:06:59,True,0.07671,4.316e-05,28069.2,1.21162,0x17...272e,https://etherscan.io/tx/0xad0269042716b4807af527eac6d250c247452d618e66f1cc95d94e9699d83867
2023-03-29 03:06:47,False,0.07613,4.284e-05,12906.1,0.5529,0x4f...7447,https://etherscan.io/tx/0x2f5fb9b6285c7c4dfbe1505c8f3a00e880ce7682972413843b13a6896c3101c3
2023-03-29 03:05:47,True,0.07666,4.312e-05,6435.69,0.2775,0x13...c039,https://etherscan.io/tx/0xbb49aeb12b7c7af8a1387ed5fb09bcf241b7363646b068642072f791abd0b572
2023-03-29 03:05:11,True,0.0766,4.309e-05,653.204,0.0281,0xd0...bfc5,https://etherscan.io/tx/0x8bf0f9def762f79c0f3668dcd295ef90c1647501219bb3ac0a7523d30537b21a
2023-03-29 03:03:59,True,0.07652,4.308e-05,1900.35,0.0818,0x92...8555,https://etherscan.io/tx/0x761ba6112a22ed93a772f2725e585d3e8d3fe922db8549aef25cb4f07333c06c
2023-03-29 03:02:35,False,0.07604,4.282e-05,2000.0,0.0856,0x42...fb60,https://etherscan.io/tx/0xaceb74a49ed9409752cf1c9aa52f49f26525af66fc1f3f9a096d9d3489cc45c6
2023-03-29 03:01:47,True,0.0765,4.308e-05,1380.34,0.0594,0x84...b9c0,https://etherscan.io/tx/0x90c5b3a14553a50f799677ffee0274a60109fabdffe5d76315f83298618fc137
2023-03-29 02:57:23,True,0.0765,4.306e-05,2761.86,0.1189,0xb0...a5e3,https://etherscan.io/tx/0x9e8e293b8847532ab5a0fb9f38a17ed4b976991457ae77315305d43aa8f49859
2023-03-29 02:54:35,True,0.0764,4.305e-05,1296.32,0.0558,0xc7...3b3d,https://etherscan.io/tx/0x5f6b99ce75257ae12c8321e40cfdf29aaae482ca0a5fb4a8464f79a03568bbb0
2023-03-29 02:49:11,True,0.07634,4.303e-05,1381.89,0.0594,0xc4...a110,https://etherscan.io/tx/0x73ba8fcaf352142a5569ad0909725352273bfe027b6d3cae8a33650853872793
2023-03-29 02:47:59,True,0.07637,4.302e-05,1410.9,0.0607,0x81...dd26,https://etherscan.io/tx/0x11df0b589069ba580cac78c153fab961087c5785a5f44dabf8e2ed463f267611
2023-03-29 02:44:47,True,0.07639,4.301e-05,544.31,0.0234,0x1b...a494,https://etherscan.io/tx/0x3620cdacfad5511263ab3599baeb847dc6e943914a98a3fde0900a4c3707f692
2023-03-29 02:43:23,True,0.07639,4.301e-05,9.44805,4.064e-05,0x3e...7775,https://etherscan.io/tx/0xf2495f93deb7d92fc97b23e9abaf5a2f42be456db8fe476a7409592677373b43
2023-03-29 02:43:11,False,0.07595,4.276e-05,1500.0,0.0641,0xf8...25b5,https://etherscan.io/tx/0x2ef7d069eeacc337191142735f2e7694ffe23ccd902f164fb1173131a8680c00
2023-03-29 02:41:47,True,0.07633,4.298e-05,10012.7,0.4303,0x2e...f345,https://etherscan.io/tx/0x108c3eeaa81ed5423b17b8f4e1ce87fc822da2f20758aa7caeb9fe09432b34f3
2023-03-29 02:40:23,True,0.0762,4.29e-05,6991.47,0.3,0x65...55b8,https://etherscan.io/tx/0xdbc30032d7168569fdabdf7ea2809ada0b4c99c9bf83947c919951072fdeca57
2023-03-29 02:40:23,True,0.07612,4.286e-05,3275.99,0.1404,0x8d...77d5,https://etherscan.io/tx/0xb56327dd72e3927a1a5be90c451a64fceeda5e8d569600a6ff5de9632d10461c
2023-03-29 02:39:11,False,0.07582,4.27e-05,25000.0,1.06756,0x78...62c3,https://etherscan.io/tx/0xd723920a676961fb169a5aeaa3b1419518152f87ec532c1cd1d2b2f9eadca175
2023-03-29 02:39:11,False,0.07629,4.296e-05,34882.6,1.49875,0x43...0f75,https://etherscan.io/tx/0x73ddd0c935a05e8c0bd4415c1594652427b8b5535f358a43fe3fba1355c24395
2023-03-29 02:35:47,False,0.07658,4.312e-05,803.957,0.0346,0xf8...25b5,https://etherscan.io/tx/0xd5768dd54252fd846d0448adcbf8e550d9e7481bc17ecccda99cc1edda0a973a
2023-03-29 02:35:35,True,0.07704,4.338e-05,216.163,0.0093,0x40...5535,https://etherscan.io/tx/0x2825b3ac9e967566030905d51bde6d4e3999ed2a025b3f43f4a5651c381f01a8
2023-03-29 02:34:59,True,0.07703,4.337e-05,1279.65,0.0555,0x17...c7f1,https://etherscan.io/tx/0x1d19636c92bbeea679f6fa370b0058df62244cebfb8e48a2ce713c732393bc37
2023-03-29 02:27:47,True,0.07701,4.336e-05,2306.12,0.1,0xfd...4c17,https://etherscan.io/tx/0xfafa2ea9a595f5a9df801af80bd1d5d2b0db597b00157d5c2797ab86435357df
2023-03-29 02:26:47,False,0.07656,4.311e-05,5000.0,0.2155,0x06...2bec,https://etherscan.io/tx/0x5963f6f6e73d73c691ad9223639773fad834cf150d9f759160f83edd6a2bc59a
2023-03-29 02:25:11,True,0.077,4.334e-05,12339.0,0.5348,0x17...e4b6,https://etherscan.io/tx/0xc90cd003e94dab91c4fd17d5f314737f63daf9f1c4426682ed7f63b95138dc9a
2023-03-29 02:24:59,True,0.0769,4.328e-05,997.042,0.0431,0x62...b69e,https://etherscan.io/tx/0x40397900eb2d7f06bfa5fe7ee808f54e10ae0bbd560908672979f5d57dcf35bc
2023-03-29 02:23:23,False,0.07642,4.303e-05,4000.0,0.1721,0xe2...9836,https://etherscan.io/tx/0x6ef053d4064cad716ac2dd26f4e0f332d948089ddb1d47048d08aa8d34626374
2023-03-29 02:18:35,True,0.07686,4.331e-05,343.294,0.0148,0xa0...8ee7,https://etherscan.io/tx/0x1a7d09047b61ff8d8fa1ebd4a336d11c9fd0e1d292fa11f4d9efded40f5aa17e
2023-03-29 02:15:47,True,0.07684,4.329e-05,2540.47,0.11,0x9b...28f0,https://etherscan.io/tx/0x5f056ceee2e5f8d963026802834abec37356c68e1eeaf14e3ec0fd22e12e8d70
2023-03-29 02:13:23,True,0.07679,4.328e-05,57.248,0.0024,0xf6...12f2,https://etherscan.io/tx/0xb2655f57c80113b5a64c2dc693b1541813ad72a9ecf49adfcdd9b137d3c73b48
2023-03-29 02:13:23,True,0.07678,4.328e-05,731.689,0.0316,0xb6...ac6e,https://etherscan.io/tx/0xd49c4960fdda8569d39a858b1dc313a4dbf86d5d2aace6c1dfb83575c2c63175
2023-03-29 02:11:35,True,0.07677,4.327e-05,1145.27,0.0495,0xf6...12f2,https://etherscan.io/tx/0x5ee07d71a0c56494a528fb04611c0e482b350bb7cf76c888ce141cca0953d70b
2023-03-29 02:11:23,False,0.07641,4.307e-05,13927.4,0.5999,0x67...0323,https://etherscan.io/tx/0xbb5a0c007734dae7a03435c87a6769c4d061e189615fab48f8ceb069cd37a278
2023-03-29 02:06:23,True,0.07693,4.338e-05,3054.34,0.1325,0xce...12dd,https://etherscan.io/tx/0x75155d5a27827aae1d81ff1333f90df3e9224840f0fc74851694da7f7f6ee1b7
2023-03-29 02:03:47,True,0.07688,4.336e-05,1303.03,0.0565,0x53...89a0,https://etherscan.io/tx/0x0a4205c45adbff4dc937ee7407b73e59a00dac0b639181c6f9676ad2127026b9
2023-03-29 02:01:59,True,0.07686,4.334e-05,1384.1,0.06,0xab...65dc,https://etherscan.io/tx/0x0811ad3dedf45f8b8b2f1b0f9b0c8f779d6cc81a4edf8d09b3845ad08d0a0f10
2023-03-29 02:01:47,True,0.07666,4.324e-05,23126.7,1.0,0xc6...fed0,https://etherscan.io/tx/0x5728aad61170fa204597cd5953dd56663ff93554c61404b70e23322b10a8bd78
2023-03-29 01:58:35,True,0.07648,4.313e-05,258.673,0.0111,0x86...ea2a,https://etherscan.io/tx/0xbfc18800906f58b58c25987d10163e99798cde1ec4bad50f45a7a805f84ad349
2023-03-29 01:57:35,True,0.07651,4.313e-05,646.743,0.0279,0xd3...2c30,https://etherscan.io/tx/0x903620cf8af492c3dd1509eb3f1f70663c466f35dfc6bceb3274110f094fe5c6
2023-03-29 01:54:11,True,0.07652,4.312e-05,459.687,0.0198,0x67...4e1a,https://etherscan.io/tx/0x963c0e58932a7cbf2558f15008989b45dc282499596538bd2a775105bfbec81f
2023-03-29 01:50:23,False,0.07647,4.31e-05,52866.2,2.27858,0x48...6d5a,https://etherscan.io/tx/0xd26d285cfd8d371c16003b12b3cda1f07b54fe650b33c308e4b9f2ed5aa0ba1a
2023-03-29 01:48:47,False,0.0769,4.334e-05,1000.0,0.0433,0x0f...a337,https://etherscan.io/tx/0xf73b73301d57c92fdd64522726135433a0019b129bd5783e20dc27ad67559d73
2023-03-29 01:47:11,True,0.07732,4.358e-05,5280.98,0.2301,0x2c...9e8d,https://etherscan.io/tx/0xaaf8bbbd75bf7edb6ddd593dc2854792bafba183fdfceb0fa444bcd69b6836b9
2023-03-29 01:44:23,True,0.07709,4.348e-05,16412.9,0.7137,0xa0...5f1a,https://etherscan.io/tx/0xf0d37bd89d3f860a6b77eace06bb9dca3834a8927383971f96a371518a87314d
2023-03-29 01:40:23,True,0.077,4.34e-05,1187.53,0.0515,0xc6...2e0f,https://etherscan.io/tx/0x7eb289940698f5230b41dcb715315a6474f0dfcd6dbc0fdd730af4268c283524
2023-03-29 01:36:47,True,0.07704,4.337e-05,4570.14,0.1982,0x2c...6db0,https://etherscan.io/tx/0x70ae0b1ca9f68edef0bfef926eb29ac32ad7a6fbc99d132383fa0d01d0e30bc5
2023-03-29 01:35:47,True,0.07693,4.332e-05,6748.83,0.2924,0x30...c3aa,https://etherscan.io/tx/0x2c9c9c41f7b90e7c64ba9bab027f37bb124bd793de2186c4cd71c9053117a2df
2023-03-29 01:27:59,True,0.07684,4.328e-05,3435.21,0.1486,0xe2...200a,https://etherscan.io/tx/0x63eccfd1bc60079c68da0469523605c445d091381dd2d5cdc253c63247c7af11
2023-03-29 01:24:59,True,0.07679,4.325e-05,2520.7,0.109,0xab...39b5,https://etherscan.io/tx/0x383bb52543bf7b3d4953d916ba63585a92806f8f8094eba770169167e539a398
2023-03-29 01:24:35,True,0.07668,4.322e-05,4992.56,0.2158,0x4c...9ae9,https://etherscan.io/tx/0xd34e3510ecc1b5172914e3b738220eed9276c7b3d3ae3bb45dadd74bfa6dc18d
2023-03-29 01:23:59,False,0.07617,4.295e-05,3180.05,0.1366,0x7f...18eb,https://etherscan.io/tx/0x4caa2c4e8679a89b6f92dbbe24afd0949f6e3912fe4495f9ecefdc3b6cb7bf00
2023-03-29 01:23:35,False,0.07625,4.299e-05,6191.46,0.2662,0x00...6bba,https://etherscan.io/tx/0x75d15babd14603c8baa579a30d13ff4e7dfc895ffba54f28bd88151a69c38adc
2023-03-29 01:22:59,True,0.07671,4.325e-05,5843.24,0.2527,0xa3...52f4,https://etherscan.io/tx/0xf1513ae9096c1bf275f6852229a64a65d9dc59dd4f34fefc7c510cb535f1af75
2023-03-29 01:22:59,True,0.07646,4.311e-05,26151.5,1.12755,0xe8...8bda,https://etherscan.io/tx/0x5ea47cff435c48cb31c3cedc318534c4b884b234d45ab43c4ff5c51e370d836c
2023-03-29 01:18:23,True,0.0762,4.298e-05,3055.4,0.1313,0x46...73c5,https://etherscan.io/tx/0x3aa653d2e4d4e3f998e993145240e216c4eaed6a0db4b1895c0ee7238a62a3d0
2023-03-29 01:14:35,True,0.07619,4.295e-05,5195.82,0.2231,0x00...34af,https://etherscan.io/tx/0x04dbbb639cdbc879b5ee722365b2fed533d72df2f5a2ad5f5d98a6146eb50f54
2023-03-29 01:12:47,True,0.07618,4.291e-05,2078.65,0.0892,0xbb...8edb,https://etherscan.io/tx/0x6da4a7966401d2b469e80335b723a584ae11bd270f2edab6eb7eaba07c942d2c
2023-03-29 01:09:11,True,0.07617,4.29e-05,1929.32,0.0827,0x84...9855,https://etherscan.io/tx/0x827d8a82d40e44905d14e59f4bd9b2e624196ba163535288b237ca4ef1a72cc5
2023-03-29 01:08:11,True,0.0762,4.289e-05,462.226,0.0198,0x04...b7b7,https://etherscan.io/tx/0x4417d83073041005ab5ec86fd18b97b6a37b47a4fa189e6f2e8b46e9e862e858
2023-03-29 01:05:59,True,0.07599,4.285e-05,6562.17,0.2812,0x78...ef3e,https://etherscan.io/tx/0x08ee5cee20b38b222b2eff348bd525bf4bd32e90d6975c0d7a9404ee4ed65df0
2023-03-29 01:04:35,True,0.07583,4.281e-05,3265.87,0.1398,0x66...cf5f,https://etherscan.io/tx/0x522cd6bd0d335caf9c1663371636c8e53a64e5665f33e9472548554dd72c55c2
2023-03-29 01:02:35,False,0.07536,4.255e-05,2500.0,0.1063,0xcf...116f,https://etherscan.io/tx/0x090bfc990b0d25c8653f17aebf13ed1ec8af535baa9cc6f3971354da14f2b0d0
2023-03-29 01:01:35,True,0.07576,4.278e-05,8840.04,0.3782,0x8b...d1cc,https://etherscan.io/tx/0xf898c385fc541da5fddf1baf14a694544b85502f4b121ca918c49fd437670223
2023-03-29 00:57:23,True,0.07557,4.274e-05,1043.62,0.0446,0xa3...3053,https://etherscan.io/tx/0xa7cb190e3d7892875476648d0d419aff8d5a8e46e2c85e31df7aed95f2a35ee7
2023-03-29 00:56:35,True,0.07545,4.267e-05,14401.6,0.6145,0x72...d54e,https://etherscan.io/tx/0xcaeeeb328065cfb29be7c772b854df68baff514d796fba706da44132d5eb8ea5
2023-03-29 00:55:47,False,0.07493,4.237e-05,5000.0,0.2118,0x68...5f66,https://etherscan.io/tx/0x8a86a5a384484427098626803f7fa9b74c9b91446c7a0ec0babb40c69b6cec26
2023-03-29 00:53:47,True,0.07539,4.264e-05,2951.49,0.1258,0x53...cef1,https://etherscan.io/tx/0x05a4747f1202e4e23ac2619b2f75f3664884707b3e5eb857b1fc51eecb75cf71
2023-03-29 00:52:11,False,0.07493,4.237e-05,250.0,0.0105,0x22...3804,https://etherscan.io/tx/0xb59b50c4dc3882d669d642d70fa4acc614607d97acada48e8d8e2c7637aab017
2023-03-29 00:46:23,True,0.07537,4.262e-05,1357.62,0.0578,0xa0...4503,https://etherscan.io/tx/0x6bb5e6e6e3eb16b6599fd1d928f12e2db7e89f10cc813891b5eb2b7fa52d8576
2023-03-29 00:44:35,True,0.0753,4.256e-05,11745.9,0.5,0x5d...3de7,https://etherscan.io/tx/0x56c0f73055c3ce27f22cc9a2764ed3bbd5cd7bc7d1ff68600908145e4a4d5c7c
2023-03-29 00:43:59,False,0.07483,4.227e-05,2500.0,0.1056,0x00...a690,https://etherscan.io/tx/0x790cf0b225013ac36ddd09c953446d5676b140ab38325354cffb2791eec65932
2023-03-29 00:42:35,True,0.07528,4.251e-05,5595.74,0.2379,0x03...2c96,https://etherscan.io/tx/0x30e726c2d8d783883e49b9e5f30abeb3d2b7edd5a083f70dac6921091704ff50
2023-03-29 00:41:59,False,0.07487,4.228e-05,12000.0,0.5074,0x37...d3d1,https://etherscan.io/tx/0xd2b1c948e02b799d585f4b5826a13e257b98f483d7e0af7af77eec19d9fb6287
2023-03-29 00:41:47,False,0.07497,4.234e-05,1300.0,0.055,0xc8...2b4c,https://etherscan.io/tx/0xbba0d9af4d1f5a0e151660e662ee9682f662e879f107eda21f84d2b3e2451362
2023-03-29 00:41:11,True,0.07544,4.258e-05,4143.06,0.1764,0xc8...fc98,https://etherscan.io/tx/0xf8c887772f148098880ccab0b49835188cbf8314aedf3dcf401ac689f9d227fa
2023-03-29 00:39:23,True,0.07534,4.253e-05,6990.64,0.2973,0x1f...0bcc,https://etherscan.io/tx/0x6997c6fb5959e2c19d79b37f06764bd2d5b53cd8c45af35cf2fb8382f0876fff
2023-03-29 00:38:11,True,0.07528,4.25e-05,1848.12,0.0785,0xe6...a0dc,https://etherscan.io/tx/0xec66fb29279197f0472fee119b47f3b58e1bc9e5a783e6739abfeeb4a21813e8
2023-03-29 00:38:11,False,0.07484,4.225e-05,3700.0,0.1563,0x45...5e41,https://etherscan.io/tx/0x1149c2f5dde5777296be96227bec77b77ede05adec9167d16d5e1fa0a45ef469
2023-03-29 00:36:59,False,0.07491,4.229e-05,6694.13,0.2831,0x98...068c,https://etherscan.io/tx/0xae47eb903de558b9d8169f14db83217b2d62c3d822b6ee7cbe6fad6d7f9ec90c
2023-03-29 00:31:59,True,0.07543,4.257e-05,1257.19,0.0535,0xc9...c5a0,https://etherscan.io/tx/0x11dce1a4103d61d3c3328eba5c78149c5488e7d2d59cefc851a3a5fe03ea9af6
2023-03-29 00:30:11,True,0.07541,4.256e-05,693.379,0.0295,0x42...cf69,https://etherscan.io/tx/0xe628518a58f4823b43978d03bb89bb0ac3f47fa730da852857a1705a236c2bcb
2023-03-29 00:28:11,True,0.0754,4.255e-05,1444.04,0.0614,0xf2...6a67,https://etherscan.io/tx/0x3f5ca11cff1be94ce42b3bd00511c782c60343814954b0fcd2a2b44ee4ffe13f
2023-03-29 00:27:35,False,0.07505,4.238e-05,20000.0,0.8477,0xd2...ba2f,https://etherscan.io/tx/0xe987584cdc799f4cc97066e7d6096ff2724d5d14f66be0c0be006890f99bf53c
2023-03-29 00:27:23,False,0.07525,4.249e-05,5472.29,0.2325,0xd7...a3b2,https://etherscan.io/tx/0x46a05f116a20f25a03164e32faff60450bec47fa3a766ef961d02058c49490bb
2023-03-29 00:25:23,True,0.07574,4.277e-05,695.258,0.0297,0x3b...2b2c,https://etherscan.io/tx/0x370e91c5331ee8a42baee756455befb44af20b1a24e67ab02504a704e72d9a14
2023-03-29 00:24:59,False,0.0753,4.252e-05,2000.0,0.085,0xcf...4165,https://etherscan.io/tx/0x5aa67015acbf43ad8e9e21f67265bc0c972d9f5e6e96cbc534201addc7148a1a
2023-03-29 00:23:47,True,0.07576,4.277e-05,2103.93,0.09,0x68...8051,https://etherscan.io/tx/0xec02cd99c804d1f3c0669aec242054778a412f2f92ebbaf0765d5cb2916b0044
2023-03-29 00:12:47,True,0.07564,4.272e-05,9457.97,0.4041,0x15...ad51,https://etherscan.io/tx/0x289452af2c69f869ddbd88bfb0d3a77ba72f95ab16feaeaefeb975eff7b11811
2023-03-29 00:09:59,False,0.07522,4.247e-05,10000.0,0.4247,0x09...e790,https://etherscan.io/tx/0xe4011dadc70dd995284aa426a95c8940c8fe0c0339ac974e7a93a60ee7541a4c
2023-03-29 00:00:47,True,0.07544,4.265e-05,27535.3,1.17443,0x06...17a8,https://etherscan.io/tx/0xec42f2fc2087dd10f75b0783bfdf2a9c49dc7d1f583600d40d394cbc6f619a29
2023-03-28 23:59:11,True,0.07519,4.252e-05,2331.15,0.0991,0xc5...7a04,https://etherscan.io/tx/0xa503805c74dddbc1927ba2c09210ad967ba202d006f10e27d98143d62478ae11
2023-03-28 23:58:23,True,0.07516,4.25e-05,1165.99,0.0495,0xb5...5587,https://etherscan.io/tx/0x7ad0b4c0bfe8ef77a2c8f89d1a5ddf90f42dd6a34bb17fa57c728a212f2ac0a8
2023-03-28 23:57:47,True,0.07504,4.249e-05,2332.82,0.0991,0xc5...7a04,https://etherscan.io/tx/0x6c184ff38ebfbe9c64547ea1d9191eacc99119dae254686eb0d28d24343c512d
2023-03-28 23:57:35,True,0.07498,4.245e-05,5603.3,0.2379,0x90...b422,https://etherscan.io/tx/0x2398f11ed2cc04cebf1b5e47122d9dc3103d41160c4ef062ae4745793701e73b
2023-03-28 23:42:59,True,0.07513,4.242e-05,2663.75,0.113,0x7d...c875,https://etherscan.io/tx/0xa9577eaf8eb4622b88f9c5df12536bdcf219ac8e3fb2db4ca18ce44b561e19f2
2023-03-28 23:42:11,True,0.07508,4.239e-05,3507.22,0.1486,0xdc...c7c6,https://etherscan.io/tx/0xf7417b161eaeaef933036bf7e19780c4e396d01dacf30c35dfb913c1640fadf4
2023-03-28 23:39:11,True,0.07506,4.237e-05,237.139,0.01,0xaf...b3bc,https://etherscan.io/tx/0xe74a27d84707d9002ebf3a2375575eb098c1849ff7ed98385494038b0f190c2b
2023-03-28 23:38:11,True,0.07506,4.237e-05,1005.92,0.0426,0xad...8ab5,https://etherscan.io/tx/0x7c7b5502948391ac9fd3fcee118fd013df59a4c029c4d402daab9201341157c8
2023-03-28 23:37:47,True,0.0749,4.227e-05,21803.9,0.9217,0x24...1ead,https://etherscan.io/tx/0xe6b37520580d1e2eb5e47d814db763f416daf6f4f69be85e42b43a3a71568ab0
2023-03-28 23:36:47,True,0.07472,4.215e-05,5930.42,0.25,0x72...e349,https://etherscan.io/tx/0xfa40e85bc6e16396e6dc00172aac08a074c2a8e8be891f5f30ce7236ab2e1f0e
2023-03-28 23:29:35,True,0.07456,4.206e-05,14909.8,0.6272,0xc9...1eda,https://etherscan.io/tx/0x1c833200d4a907a27bfe7cc707eb05332d4c713702f2bfac0c224c331931a04c
2023-03-28 23:29:35,True,0.07444,4.2e-05,279.185,0.0117,0x2c...2f34,https://etherscan.io/tx/0x905fc3a96a3ea2c10cee5f89db49ac9a048710b404079031a7930783d6836013
2023-03-28 23:26:35,False,0.07401,4.176e-05,2616.39,0.1092,0xf9...3b98,https://etherscan.io/tx/0x2bde2d49d828424481147715c2a182ccc5e8cc69885d689639bee6dc433a5755
2023-03-28 23:24:11,False,0.07411,4.181e-05,10903.8,0.4559,0xfa...23d5,https://etherscan.io/tx/0x7c987d9dc96fd12ad14eca751a6a43c5672d9ee128c799998f6c1fdf0efbbc12
2023-03-28 23:23:47,True,0.07463,4.211e-05,1294.68,0.0545,0x8b...652d,https://etherscan.io/tx/0xcbbf37e4979a48627356422f85227dbb08e6f755ed94528127d46f366f33d338
2023-03-28 23:20:47,True,0.07441,4.204e-05,14827.3,0.6233,0x3e...d7c0,https://etherscan.io/tx/0xc35ae6633421174bca2ebd168c4e0550ae36fa63120585773de15b86b9848b3d
2023-03-28 23:20:35,True,0.07429,4.197e-05,236.142,0.0099,0x2b...3911,https://etherscan.io/tx/0xbc447281f5c6a82b46dd4984816f47261b6e6d8ae92dea2b3ec347d4ae79004c
2023-03-28 23:17:35,True,0.07429,4.197e-05,524.14,0.022,0xbd...e10a,https://etherscan.io/tx/0x15a0b3410fa6296b3f2d652a291fe3362f8610da89ce6a901e4712e1dfa6bdee
2023-03-28 23:16:11,True,0.07427,4.197e-05,0.9989,4.192e-06,0xc9...f6d4,https://etherscan.io/tx/0x92a2cf42eb1cdb54c165b21b619a2e79596acdcacf94048b04905289ce121fd8
2023-03-28 23:12:47,True,0.07435,4.195e-05,3189.37,0.1338,0xad...2ff4,https://etherscan.io/tx/0xe5e7fe7953fe711707147d80a9033b88125cbc0bff07ca79ef3fb7dcdc826490
2023-03-28 23:11:23,True,0.07427,4.189e-05,10918.3,0.4574,0x36...663f,https://etherscan.io/tx/0xdd5a6b853ccf45a62d79d4d6091444ca4dffe5cce25fd18c411ec7e8beb34857
2023-03-28 23:10:11,True,0.07424,4.184e-05,1726.28,0.0722,0x42...cf69,https://etherscan.io/tx/0x37f5df113baafe44f05e107510dc672e6dbd23419560705429e778a5855a12b5
2023-03-28 23:06:47,True,0.07423,4.182e-05,2654.36,0.111,0x05...dbd5,https://etherscan.io/tx/0x795e33cb1bebff14b20732325574560ad0ebfa0e1e12d4492118b72a592846ca
2023-03-28 23:06:35,True,0.07417,4.179e-05,4743.49,0.1982,0xbe...f815,https://etherscan.io/tx/0x28fa9c788ba4e9ddf956ee3232122ebebdde785a030a4d984294d6aba0e5167c
2023-03-28 23:05:59,True,0.07409,4.175e-05,4510.54,0.1883,0x40...302f,https://etherscan.io/tx/0xdef649c96a1eb9a2df514bf1142d6cfe48bf1a3b95f727b93e0fff8760bb63fb
2023-03-28 23:05:47,False,0.07363,4.15e-05,3500.0,0.1452,0x35...8e71,https://etherscan.io/tx/0xce70017a36f26eceab9e41e08b524e28156167546b89c54928c6668c204bab9e
2023-03-28 23:03:47,True,0.07403,4.173e-05,8069.68,0.3367,0xde...3be8,https://etherscan.io/tx/0x4b45a35a8f227084bbde14e5a86f07e72ba4899b860825020ae72e69cd10c786
2023-03-28 23:00:59,False,0.07355,4.146e-05,2900.0,0.1202,0x44...4bb5,https://etherscan.io/tx/0x63e1243315886694aca515e0410feb80c454a13bbd83cfb9ad6f2d7c1e01d918
2023-03-28 23:00:35,True,0.07402,4.172e-05,472.223,0.0197,0x8b...1a3f,https://etherscan.io/tx/0x23c285a26be2dad29687713f3e2054eb1fdfd667822b82da5427b35d545d201c
2023-03-28 22:58:23,False,0.07361,4.149e-05,5229.79,0.2169,0x00...bde7,https://etherscan.io/tx/0x377b735ce8aab5155172c78764e8bb232868ddccc529c29ae89156cac18564e0
2023-03-28 22:56:47,False,0.07373,4.155e-05,10420.0,0.433,0x78...62c3,https://etherscan.io/tx/0x3cea77fc2eb3812427772cd2694da286f64dbd8be8253a4293ae4d00aac08b61
2023-03-28 22:53:47,False,0.07403,4.175e-05,36947.3,1.54274,0x11...28bd,https://etherscan.io/tx/0x9391257752895d7031e5601f99c4aee9c1d10b8022dcaaba1d33b4f1374e9975
2023-03-28 22:51:35,True,0.07476,4.215e-05,1128.58,0.0475,0x8b...143f,https://etherscan.io/tx/0xd95336a3bb8d4291b753c2787ed16e771fd89da65259d49690ace4c5ddcc9b4b
2023-03-28 22:50:35,False,0.07429,4.191e-05,3948.42,0.1655,0x31...f07d,https://etherscan.io/tx/0x715a5f6adeef524a00eeafd03c2e2c61875acebab4f4b3c58638f12401a99f80
2023-03-28 22:48:59,True,0.07483,4.213e-05,13411.0,0.565,0x43...f4fe,https://etherscan.io/tx/0x46d734899c623da9219c9c976f981e7334cc0616aa2c378f36fb24039cdbe416
2023-03-28 22:48:11,True,0.07472,4.206e-05,1178.15,0.0495,0x32...8271,https://etherscan.io/tx/0x4de8f200a1885f800806a9bf6b2fa30e3d88fc524a67d5dec87c1d2548e496a7
2023-03-28 22:48:11,False,0.07429,4.182e-05,3120.15,0.1305,0x5d...61af,https://etherscan.io/tx/0xaef5e445162f953d3dc4789b51682fac83a64ddc72398291532027a9b2301167
2023-03-28 22:46:47,False,0.07432,4.184e-05,1357.13,0.0567,0xfc...21bc,https://etherscan.io/tx/0x2109bafddc70f651e564ffc8aec8f1d0d35f35e740c50a5ce29fcf2b70eccd8e
2023-03-28 22:46:11,False,0.07437,4.185e-05,1000.0,0.0418,0xdd...4a5a,https://etherscan.io/tx/0xb6c6eb48999d7c4c23a209f460f3d2a04f89f8666655110782f3ca324e955868
2023-03-28 22:45:23,False,0.07446,4.19e-05,10000.0,0.419,0x87...f98b,https://etherscan.io/tx/0x0e56ba4c67234d782b57645057498fa2410347e991ad1602d1f3462b6347f78f
2023-03-28 22:42:35,True,0.075,4.219e-05,328.899,0.0138,0xc2...fdd4,https://etherscan.io/tx/0xe8554652f51f392dfe9b094a912a3da02ae09ad9faadc8a8933c330971364fb3
2023-03-28 22:40:11,True,0.07506,4.219e-05,581.206,0.0245,0xd9...0a26,https://etherscan.io/tx/0x1ba20a555b23219b733594874974fd803e0d34b82279de767ac4da15c5660ac0
2023-03-28 22:38:59,True,0.07501,4.218e-05,1409.98,0.0594,0x48...5ab2,https://etherscan.io/tx/0xe414335730e22bbab7c41b97e0c13b1c6a9d8df50f779a03dbb3cafcb1c7b0ce
2023-03-28 22:33:59,True,0.07507,4.216e-05,3526.73,0.1486,0xe6...34fd,https://etherscan.io/tx/0x96e723487ce44653a467eea884aa7cea633364c233bf1da248d9f30b6e919a28
2023-03-28 22:33:47,True,0.07497,4.21e-05,9628.84,0.4054,0x76...7d5e,https://etherscan.io/tx/0x667c4fe1add5b561debaf59f7961990c4ced740d31d2365febecef5542c47e1f
2023-03-28 22:32:47,True,0.07489,4.205e-05,1379.99,0.058,0x15...c41a,https://etherscan.io/tx/0xe2249279eda28024ec24df281f4514e21d339e9e7046267524f2827913f3f19e
2023-03-28 22:32:11,True,0.07487,4.204e-05,1414.56,0.0594,0x11...e763,https://etherscan.io/tx/0xdc33af26f9931ebbbc5f9d9275b4a065cf8f1632c87a273e60804ba505628e03
2023-03-28 22:31:59,True,0.07479,4.199e-05,9524.23,0.4,0xec...dfca,https://etherscan.io/tx/0xd558c3c33e4a9c2c6e8d8227c0cbb3dc079186d076fe55c9191752053b0c50d3
2023-03-28 22:31:35,True,0.07466,4.192e-05,7155.27,0.3,0x4f...a657,https://etherscan.io/tx/0xc38e3fcb8a6ca52535a33d8065916cb768bdbb8422b01a0fe52b8672d8c58f8b
2023-03-28 22:28:59,True,0.0741,4.163e-05,62619.3,2.60697,0x76...7d5e,https://etherscan.io/tx/0x3ee5f69d07ab16a73715a0c67db437b9c29ae65646357182bbf9718931c09b0e
2023-03-28 22:22:59,True,0.07351,4.134e-05,6891.89,0.2849,0xf6...b72b,https://etherscan.io/tx/0xd0c7f71e3c8248597ff59adec4e19860ea206c5a33de42e63d5f3e1f5c235515
2023-03-28 22:22:59,True,0.07344,4.129e-05,3497.78,0.1444,0x56...9c55,https://etherscan.io/tx/0x7bffbd629f1fae7ef575e781171b24b614d48abf2227fe6bc7b8160494010fdc
2023-03-28 22:21:59,True,0.07293,4.096e-05,76759.5,3.14455,0xc4...c224,https://etherscan.io/tx/0xad899959b112bb6c94c66f61759dab9ab85cebd2ad4d5047fd3cb98d18b2c9c8
2023-03-28 22:21:59,False,0.07347,4.127e-05,210000.0,8.66745,0xfe...fe37,https://etherscan.io/tx/0x58b022d247685b06e5d91e7eb2b30d53a843433ced3eb08b5520db9cae03b0e0
2023-03-28 22:18:47,True,0.07549,4.24e-05,52.2827,0.0022,0xbd...c363,https://etherscan.io/tx/0x002e28b0667a0c0f450b0f30fa4066153071eb92d1cb0a8fe6512c89fc80df91
2023-03-28 22:18:35,True,0.07545,4.238e-05,4677.13,0.1982,0x22...5695,https://etherscan.io/tx/0xcf803e33ade2256459bf8ee7132b98c522e70b482ecae027919df3fe53782e0f
2023-03-28 22:18:35,True,0.07537,4.234e-05,5267.1,0.223,0x53...a822,https://etherscan.io/tx/0x4d7cab86b9e431b0dd6af80a5108dbaa69ed611154b572d579eeae0f399a67b4
2023-03-28 22:17:11,False,0.07492,4.209e-05,5050.0,0.2125,0x40...1c59,https://etherscan.io/tx/0x57d62d0b1229e0c96565267080b9d0bc79de5c5a5fde06146faa080315a05049
2023-03-28 22:13:23,True,0.07549,4.235e-05,2551.05,0.108,0xa5...89ce,https://etherscan.io/tx/0xbe3a00ad37c5de380a4fa4024d51c3c7b3fbfb1045d9e6b2007815dd26a7feca
2023-03-28 22:12:35,True,0.07547,4.234e-05,351.163,0.0148,0x74...780c,https://etherscan.io/tx/0xaf66de0885e7d1161c68f66fabf27d69cd846eed14a115a0bac2371193028d1d
2023-03-28 22:09:35,True,0.07546,4.233e-05,1639.1,0.0693,0xbd...73b2,https://etherscan.io/tx/0x453d5b9f6a798a5e6f64a8f24183e359d9005b6fd8a4886bc566007ae5ccf2ea
2023-03-28 22:03:23,False,0.07516,4.211e-05,9417.95,0.3966,0x5b...fea4,https://etherscan.io/tx/0xdf33decdd35c2ae14a3cfc1a899f5321e9517c95c6b02e480eade0005a0f8540
2023-03-28 21:59:23,True,0.07565,4.238e-05,6315.25,0.2676,0x60...48fa,https://etherscan.io/tx/0x7793fe65623edfa785caf6765f6bcd1b4b8a03512e68fee7d6d6f07a94606e7d
2023-03-28 21:59:11,True,0.07559,4.234e-05,1404.49,0.0594,0x67...a7d8,https://etherscan.io/tx/0xfd7ead2bcd881d3511529b83a0f3becb61b19673f8bd121228ad42cf8d0d2f04
2023-03-28 21:59:11,True,0.07553,4.231e-05,5622.0,0.2379,0xfb...7899,https://etherscan.io/tx/0xd324317dcd8e7f06e24e4e5e63598fd381484195d3e00e337f62fa580baea821
2023-03-28 21:55:35,True,0.07561,4.227e-05,3282.48,0.1387,0xfb...1dea,https://etherscan.io/tx/0x67b0c5eaf232dedb43c4a52b5c63c75d963ea1d0e5f4808c07dba8500479a431
2023-03-28 21:54:35,True,0.07557,4.225e-05,1719.59,0.0726,0xd6...e222,https://etherscan.io/tx/0xae4c90614b0ba93a0262ae350988ca372221839b5c5feb63c7218ba61ecd80f9
2023-03-28 21:53:23,True,0.07573,4.223e-05,2252.9,0.0951,0x4b...b13e,https://etherscan.io/tx/0xd376d85e793e44bcbeef0dc78ef3c31b24c0863744c99aa69f041391d61ff636
2023-03-28 21:53:11,False,0.07531,4.199e-05,5319.28,0.2234,0x26...3d46,https://etherscan.io/tx/0xe647f8681e6958c3a3390ae9b6e31ef78936d513f83bc127417acc4886278574
2023-03-28 21:52:35,True,0.0751,4.22e-05,16181.1,0.6829,0x48...6073,https://etherscan.io/tx/0x8bb1a7dbcad0aeb6ad0f934c4fa5031b3fef6325e70088ba1e9f3f1ffcd1bb7c
2023-03-28 21:50:35,True,0.07485,4.211e-05,5580.37,0.235,0x90...f04f,https://etherscan.io/tx/0xd81e4bf7ad8b6aa054af36765c80b1d7c924362ca9daf60708b8647fe6af7fa6
2023-03-28 21:49:11,True,0.07467,4.205e-05,7977.85,0.3355,0x40...e43f,https://etherscan.io/tx/0xb2ff5d7c49d2ee02d686caf08a7654082905be5aa4a96dac0a04e9b59fd755b1
2023-03-28 21:47:47,True,0.07448,4.199e-05,4956.4,0.2081,0x1b...9af3,https://etherscan.io/tx/0xc4bd74a3c8deefa627240a87737bfa3708d4e0d550f06e0921598c8264c5e947
2023-03-28 21:45:59,True,0.07422,4.186e-05,25569.2,1.07055,0x99...cec9,https://etherscan.io/tx/0x19936e058cb88cef940f40ea6fbaeaa89131f25ecc7f4dd75113cd01e7a0fded
2023-03-28 21:40:59,True,0.07394,4.175e-05,1623.17,0.0677,0xdc...a7c4,https://etherscan.io/tx/0x5263fa884e7dd3f306bdc77aa77cdc7f20bc0790aee18d332a8ef46f1a9672c9
2023-03-28 21:38:59,True,0.07395,4.173e-05,3576.31,0.1492,0x7c...d0c6,https://etherscan.io/tx/0x19267a175f828d004eb97ba39079e5f0a877bc366ab3a676ea34c61ac806faab
2023-03-28 21:37:35,True,0.07389,4.169e-05,4845.21,0.202,0x7c...d0c6,https://etherscan.io/tx/0x5ec52adc9ec63dfd6bf525fc52b51b56fc6747405a4c55c4ad392d0063d63347
2023-03-28 21:36:35,True,0.07385,4.167e-05,893.643,0.0372,0x02...b875,https://etherscan.io/tx/0x90eb9f7581931bff12f5aa72b273c803d36fc0463d822d7bb6cf8152616cb524
2023-03-28 21:33:47,True,0.07377,4.165e-05,4164.85,0.1734,0x79...97fa,https://etherscan.io/tx/0x9f64cb3f083d3d6d00addb9f4bd3eabad9009a5275d9436e709a8b65516959e7
2023-03-28 21:33:35,False,0.07336,4.141e-05,8295.82,0.3436,0x0c...e326,https://etherscan.io/tx/0x6a3ce5a3092c2da77e96b53d3893f2da4becc0ae612b073d3b0e597810b23237
2023-03-28 21:31:47,True,0.07387,4.168e-05,3804.56,0.1586,0x05...6919,https://etherscan.io/tx/0x4af7e684ba3111abc9dd51e5cc0a7bc1adbc1384c9a9f3388ca05301e04b0ee3
2023-03-28 21:29:11,True,0.07377,4.163e-05,7856.17,0.3271,0x99...cec9,https://etherscan.io/tx/0xfdb65cdc1c5f33b39a12926845755d458588539b01e25748c8251aa2a3e6dcdb
2023-03-28 21:27:47,False,0.07326,4.135e-05,450.0,0.0186,0xd2...0923,https://etherscan.io/tx/0x00cba7f91fdbf98b5a3562cd658972548945eef5c23b2dc1b8e6d76cf6775eac
2023-03-28 21:26:35,False,0.07318,4.136e-05,200.0,0.0082,0xd2...0923,https://etherscan.io/tx/0x0eb3383a9585f98a96a403c71d8c170a853d3b8fbf493782956e0c87eea047fd
2023-03-28 21:26:23,False,0.07335,4.144e-05,20174.5,0.8361,0x93...b534,https://etherscan.io/tx/0xd7e03a0e36dfe2c69ac867fbe72c46b05f33bd97c12cd5e5b29c42b8f7bd51d2
2023-03-28 21:19:59,False,0.07357,4.155e-05,4956.25,0.2059,0xf4...63df,https://etherscan.io/tx/0x291b753ac2d3106cdc7319651c1b59c1fc6452cfa5b981f64b38c9e183a51222
2023-03-28 21:19:23,True,0.07404,4.181e-05,1566.74,0.0655,0x63...178f,https://etherscan.io/tx/0x653843041c2e3ccfa53c98438a9ed8a2b75a5f9b6039cd3146fb40702a1b29ae
2023-03-28 21:17:59,False,0.07414,4.185e-05,67806.3,2.83802,0x97...aa4a,https://etherscan.io/tx/0xed593cf7d0f0e0657323161a6226dbd5b93c4bd9867fe6875285a914fdf69f0a
2023-03-28 21:17:11,True,0.07513,4.239e-05,921.448,0.039,0x12...7699,https://etherscan.io/tx/0x75cd25b67e9622b14af201f18bf9e451888760a05a2e844cddbee108a8d2989b
2023-03-28 21:09:47,False,0.07468,4.213e-05,500.0,0.021,0xee...8509,https://etherscan.io/tx/0x74e2aefbabc3d95ebef6cd0efb93864f84c2a4afc107e4724c77be3ac57271ae
2023-03-28 21:07:11,True,0.07513,4.236e-05,6691.89,0.2835,0x95...2aeb,https://etherscan.io/tx/0x1b3c664a5aeb8c849c656200fa2ace6bf54ca7b739e342b9ed01d412e21d99b3
2023-03-28 21:07:11,True,0.07496,4.226e-05,15851.6,0.67,0x74...297e,https://etherscan.io/tx/0x68364bbdf8f09f59054f3966a80bab91ddc9a20183f1aba352b62a29a71a782f
2023-03-28 21:05:23,False,0.07445,4.196e-05,5050.0,0.2119,0xc6...fed0,https://etherscan.io/tx/0x8827271113dc06194be93af58d6731b192e908baf64e44e3adec72e1b733f81f
2023-03-28 21:04:11,True,0.07501,4.223e-05,727.494,0.0307,0x54...6e75,https://etherscan.io/tx/0x149bf506cc5a4027fbb5f555bced53ba751dc5a3448ae9e8b77836074bd05d5e
2023-03-28 21:03:11,True,0.07508,4.222e-05,1877.9,0.0793,0xfc...68fd,https://etherscan.io/tx/0x7afff329f5093639be7a0327f9bab16cf0ca789f4d36dd4ddcb791ffe4b50d89
2023-03-28 21:02:35,True,0.07504,4.217e-05,10000.0,0.4217,0xc8...7b4b,https://etherscan.io/tx/0x45c3fd9c6120757d8d2be67f4ed514d6ebb23d69f219ea4c679c7b989f300218
2023-03-28 21:00:11,True,0.07487,4.213e-05,705.833,0.0297,0x59...0fd4,https://etherscan.io/tx/0x75b3baf23627177b9fe9c40c3132c3e1a15fc1e7eb95ce889fe6b760299bb88e
2023-03-28 20:59:35,True,0.07485,4.212e-05,1328.55,0.0559,0xdd...07ad,https://etherscan.io/tx/0x86219c2598b062288c0d6e105ddceb832280ae0cb83fb21bd32ce36ce5e1b0dc
2023-03-28 20:59:23,False,0.0744,4.187e-05,1650.76,0.0691,0x80...aa7d,https://etherscan.io/tx/0x5ed37c1e8b2a0900c8f6cd03c5fec6ad1eecedc8d9f9fbaff99b6dc579df0d98
2023-03-28 20:55:23,True,0.0745,4.212e-05,1186.93,0.05,0x13...5b70,https://etherscan.io/tx/0x56a9d26fe2aefcfdddc75d103869c58368ed84c32b6c36f7ea740f02cc6b008d
2023-03-28 20:54:59,True,0.07448,4.211e-05,475.831,0.02,0xc0...50b0,https://etherscan.io/tx/0x7926237f44ac0621ed28150c76d582a4eb7ff22ca1f1f6c9bbbd308adacbb3c5
2023-03-28 20:54:47,True,0.07449,4.209e-05,4706.42,0.1981,0xc7...03e3,https://etherscan.io/tx/0xc583648b015a4163b2eee55244d664a44219a71b32a226ca2e2dbdf379761fd6
2023-03-28 20:49:11,True,0.07451,4.205e-05,4478.14,0.1883,0x45...a121,https://etherscan.io/tx/0xb147f16b9127465fe9a44ed0cb9a412c98e5a72d54b11dd6c9fec61d48e4dba2
2023-03-28 20:46:47,True,0.0743,4.202e-05,2358.55,0.0991,0xfc...68fd,https://etherscan.io/tx/0x66b2006e88659da111a1b12bc83cd9e5e813c21e76de121263baa005968cbcce
2023-03-28 20:45:35,True,0.07378,4.194e-05,16541.6,0.6938,0xe1...8f9c,https://etherscan.io/tx/0xd624731590e2e3a6b003695ffbec10aaa9cd388f351463c6a9f0e2501147e6a6
2023-03-28 20:45:35,True,0.07365,4.187e-05,923.237,0.0386,0xa2...1edf,https://etherscan.io/tx/0xb71455edf6918ecdc1097757b7098be43674fa1257bbcb0083dfc010772984c3
2023-03-28 20:44:23,True,0.07314,4.185e-05,2388.97,0.1,0x2e...f345,https://etherscan.io/tx/0x4306ba29918639e98ae1e1d708a400b770b0ecb3181bcf7832b4c10578caba24
2023-03-28 20:44:11,True,0.07307,4.182e-05,6831.57,0.2857,0x60...7315,https://etherscan.io/tx/0xd58a00532c977b2ef950b9b132d3d8db61b51fe382c111edf769574111afc4dc
2023-03-28 20:41:35,True,0.07277,4.178e-05,1197.97,0.05,0xea...f59b,https://etherscan.io/tx/0xa9d1e5becf1a771271290aba29ebcf524c6bac1174ec69195d0c8cc8ab91ca1a
2023-03-28 20:38:47,True,0.07271,4.177e-05,1364.38,0.057,0x71...b09c,https://etherscan.io/tx/0x24610f7e75ea04c5c2db9399263a94bc79a05fb489e3962303d1ae70af59d92d
2023-03-28 20:38:35,True,0.07266,4.174e-05,5988.89,0.25,0xc0...8f17,https://etherscan.io/tx/0x933f30a83a4c543d836f7991445b09b466a9c32d62742751f070740a47c13423
2023-03-28 20:37:23,True,0.07261,4.171e-05,383.536,0.016,0x85...5f2c,https://etherscan.io/tx/0x074f2e239082e308f3944c7c9d264624743e702eec3ff73a63e199ffcb6346d5
2023-03-28 20:37:23,True,0.07258,4.169e-05,4041.22,0.1685,0x79...9933,https://etherscan.io/tx/0xe0ce72e0656bbb9a6c94a98bdf38f9e1b4f9813603ac58b3208d3a094d45e35a
2023-03-28 20:37:11,True,0.07249,4.164e-05,8128.11,0.3385,0x46...f979,https://etherscan.io/tx/0x77325673d002667fb7727b9613f8cbce523f4734189a58285448d09c0705b06f
2023-03-28 20:36:47,True,0.07241,4.16e-05,2644.12,0.11,0x44...47c4,https://etherscan.io/tx/0x44099dbf68343d0f96e1a0676ef8504932390a9802dbffa4abee217a29fc0275
2023-03-28 20:35:35,False,0.0721,4.142e-05,20000.0,0.8285,0x60...921b,https://etherscan.io/tx/0x5621e62e94861975999920d5b650fe030388ffdca1d9cbfab9475bd467c3e87f
2023-03-28 20:33:23,True,0.07269,4.175e-05,189.322,0.0079,0x5a...aef7,https://etherscan.io/tx/0x92109371b99f05b3b6d32c32cd46057a33ad8f7991608d4e711a99f0cf153d17
2023-03-28 20:30:11,True,0.07269,4.175e-05,1282.04,0.0535,0x0a...7e3f,https://etherscan.io/tx/0xb37a66310f2e8c53b5b58529a59ef29323cb3b7d9abdc902e1308f166dddecfc
2023-03-28 20:29:23,True,0.07267,4.174e-05,592.836,0.0247,0x2e...f345,https://etherscan.io/tx/0x74b7ee35d5419264367dcd6ae99072e4f8c089d8768ef7f955ab04ba22f2d767
2023-03-28 20:27:47,True,0.07257,4.17e-05,9592.15,0.4,0x39...9fcd,https://etherscan.io/tx/0x16635105e01e8b4f1e7dae47cf6a16737d4841bd4eebb354b82d6c054096881d
2023-03-28 20:26:23,True,0.07241,4.161e-05,11859.2,0.4934,0x22...3b1c,https://etherscan.io/tx/0xaa3b51ab30550ec2754d64e51ccdeeec75668180012c0186105f0efe226b2243
2023-03-28 20:26:23,True,0.07232,4.155e-05,1025.69,0.0426,0xef...aa84,https://etherscan.io/tx/0xacf6efd6bd013aac17cfaa2ba2ff831615e27eb3128ab8f09cc86166b471c7c7
2023-03-28 20:23:35,True,0.07221,4.154e-05,699.019,0.029,0x64...15cf,https://etherscan.io/tx/0x88773f121d00f5a26c15586f82fe2e494eb19e9ed3d4c95c18b67b34521fdbfe
2023-03-28 20:22:59,True,0.07217,4.152e-05,4774.1,0.1982,0xcd...a9ba,https://etherscan.io/tx/0x96fc22c25671b0a2e8981a10cb9d5e008b8d4a20cd8a170c13a2c866ddb1c9ad
2023-03-28 20:21:47,False,0.07188,4.136e-05,25000.0,1.03404,0xc7...be9e,https://etherscan.io/tx/0xdc0ee7f219b5df095f51da23e39f56ed90110623ca7956766a32b92141031c08
2023-03-28 20:19:35,True,0.0725,4.171e-05,712.911,0.0297,0x43...a10e,https://etherscan.io/tx/0xbfcb3da36d2e6ebb7ad19fb596e3cff0b0c55a2b516f3428fd4951ec8c50b504
2023-03-28 20:17:35,False,0.07208,4.146e-05,1500.0,0.0622,0x06...2bec,https://etherscan.io/tx/0x5b6ae2b179c57196501b622846f8abbfa52c0bce7f28cc9b216ad37a6c7ff518
2023-03-28 20:14:23,False,0.07201,4.147e-05,1000.0,0.0414,0x91...5141,https://etherscan.io/tx/0xaae8fb8a99775abcea95b040ea87e59978aa9e0e04631e395dac62bc009f86f2
2023-03-28 20:12:35,True,0.07244,4.172e-05,2613.57,0.109,0xc3...33e7,https://etherscan.io/tx/0x16ffa3378eddeb6f73cb4b21f89a580b77711353cc33cd252a9ceeb9918583b2
2023-03-28 20:10:11,True,0.0724,4.169e-05,2377.17,0.0991,0xab...39b5,https://etherscan.io/tx/0x9dc2f5b3082f07a6e6e81f000e0197bd7867534b5e6065dc7fd971e1c91e96fa
2023-03-28 20:08:59,True,0.07239,4.168e-05,285.338,0.0119,0xab...39b5,https://etherscan.io/tx/0x09066c037325632f7efaa234837aa14b2794c2e0704bc1b4324fa0f7955fbf06
2023-03-28 20:08:47,True,0.07238,4.168e-05,1141.52,0.0475,0x81...0927,https://etherscan.io/tx/0x6e6c57595b8dea7239e76d51394e095bbc4dc5cae826abf423f5553fd1f9e4cf
2023-03-28 20:07:47,False,0.07203,4.147e-05,10524.9,0.4364,0x76...7d5e,https://etherscan.io/tx/0x5e8900a3f9cfe5f6241437d364b3c45005bf5a243ff65cfe5689406ff372e06b
2023-03-28 20:07:47,True,0.07253,4.176e-05,1329.27,0.0555,0xc1...7096,https://etherscan.io/tx/0x55cee5e2605ecc95d7b6bc62e64646ec0db25a78aebe694f6c5617b4fabb06b4
2023-03-28 20:07:23,True,0.07252,4.174e-05,1588.07,0.0663,0x2c...94bd,https://etherscan.io/tx/0x4747048599c6d69b52c8865cf99160597f93f776a40b86ca887b07a73fbc5a69
2023-03-28 20:00:59,True,0.07244,4.173e-05,1187.54,0.0495,0x2a...3bc1,https://etherscan.io/tx/0x82bbcd4ff7e0a2ba24821cac95e39127f62335d2d010277010206445f4532276
2023-03-28 20:00:59,False,0.07203,4.15e-05,5000.0,0.2075,0x4e...7fe0,https://etherscan.io/tx/0x32a989d502734ccc5144ab38c23a63f2fdd3aced948767fef12fd061f4bc3a4e
2023-03-28 20:00:59,True,0.07249,4.176e-05,2136.13,0.0892,0x71...6d2e,https://etherscan.io/tx/0xd28ed459b56a90963f4c366a92a4902cc1901463bdc4239199ef564ce6f0b7d9
2023-03-28 19:56:59,True,0.07241,4.174e-05,1424.6,0.0594,0xc2...1ded,https://etherscan.io/tx/0x4eb557b4363a7a7abae4f88ac54ce240d67a7f84f4d01b27d8a79184d70f2567
2023-03-28 19:55:23,False,0.07201,4.151e-05,5449.03,0.2262,0x37...d13f,https://etherscan.io/tx/0x0cc78bb74fc4f6477b6c2027e44613e22c440abfc27ddad9fcf7159965be9ac5
2023-03-28 19:48:47,True,0.07243,4.178e-05,935.557,0.039,0x04...905e,https://etherscan.io/tx/0xcd4b3ef6073ddbbcfb00b5c1eea6aaf9697005cf109f2639fab3810a508021ea
2023-03-28 19:44:11,False,0.07219,4.166e-05,32349.6,1.3479,0x76...7d5e,https://etherscan.io/tx/0xc5bb7136b7892091fc98bb9a18ea0deb7080deb7e4b7e13416748d894617d794
2023-03-28 19:43:59,True,0.07277,4.197e-05,19129.2,0.8029,0xbd...2ff2,https://etherscan.io/tx/0xa2033ee176a4d7d6c230661bedcdabd2843fbdd28d5213500ef753278c29a6d7
2023-03-28 19:40:35,True,0.0726,4.188e-05,1538.28,0.0644,0xb2...195b,https://etherscan.io/tx/0x72379566f4850aa6c293f28bc99d17a1e612a7d462a09dd99f771c13b31b194e
2023-03-28 19:38:47,False,0.0725,4.177e-05,35766.5,1.49429,0xd4...51fe,https://etherscan.io/tx/0xb9912c30f30e151c288ff1226af214d4a12ed8edbb567cabba8d09cccdfc9e54
2023-03-28 19:38:35,True,0.0732,4.218e-05,46.9975,0.0019,0x72...f0c6,https://etherscan.io/tx/0xddaa320664c5c384619019cbbedd02473086edd794bc920c391ec191632510e7
2023-03-28 19:37:47,True,0.07301,4.218e-05,470.0,0.0198,0x19...8d74,https://etherscan.io/tx/0xd8c6cebfa7e475ed1a6afbd119e8a5b788b6035a60388f04952ecbb87516a292
2023-03-28 19:34:47,True,0.073,4.217e-05,1198.7,0.0505,0x3a...6fd3,https://etherscan.io/tx/0x2dddba7e20bc4dbe397955175805e4b0f5703e8a6110e0a87a8920d60722ce0f
2023-03-28 19:34:23,True,0.07282,4.206e-05,23771.8,1.0,0x57...817e,https://etherscan.io/tx/0xeedef2dd4cff6df72be447d13c0cc9572340e011580f604e9561c2412be3fa34
2023-03-28 19:32:35,True,0.07277,4.195e-05,2998.63,0.1258,0x7a...aa4b,https://etherscan.io/tx/0x19a1ff5ce35413dffb9e67b542a44776fdc074267c59e46376759257ec32a081
2023-03-28 19:31:47,True,0.07269,4.19e-05,7213.98,0.3023,0xe4...174c,https://etherscan.io/tx/0x4da432fdf5a585d26800978843b01ea637f58fd7d1ee8bd6c81582617266436b
2023-03-28 19:30:59,True,0.07244,4.176e-05,27310.3,1.14055,0xc6...fed0,https://etherscan.io/tx/0xec95dfbe5bbf7178e4aeeb3dd057313efd7dd5ab83ea3a62d64eabb315778ce8
2023-03-28 19:29:35,False,0.07182,4.14e-05,1366.47,0.0565,0x3a...9619,https://etherscan.io/tx/0x05d8bcf7490fb6e076ce2f00cdf516bd2c380cf0d042a5ba831c7b818b363b39
2023-03-28 19:28:11,False,0.0717,4.141e-05,1400.0,0.0579,0xa1...d9d4,https://etherscan.io/tx/0xf0396d6640414e1259646e64025c774905bdd77ee9d8f65a005852a5ecb5e2b8
2023-03-28 19:27:35,True,0.07213,4.167e-05,23.7877,9.912e-05,0xaa...e1c0,https://etherscan.io/tx/0x2668134305309e3c379e4cfb98b236e62307e5548f915dc7127fca6b7ccdaede
2023-03-28 19:25:47,True,0.07142,4.122e-05,105713.0,4.35846,0xfe...fe37,https://etherscan.io/tx/0x9f62934d5e06619c389aa7a5ebda33ac428f70681df7640090ebc043bdfa436b
2023-03-28 19:25:35,True,0.07064,4.078e-05,2881.09,0.1175,0x9b...a223,https://etherscan.io/tx/0x7ac0ab3ae1447e753394d6daacd0f828af5ec96621c95228b6399eea1bfaa424
2023-03-28 19:24:11,True,0.07042,4.068e-05,21138.6,0.86,0x00...b7c2,https://etherscan.io/tx/0x155ff312aa16058824dc7a5c67e9ed881827504cc1ef418a9069023f9725cb0b
2023-03-28 19:23:35,False,0.07027,4.059e-05,60077.8,2.43904,0xda...4bb1,https://etherscan.io/tx/0xa3f02a85118f876a03a7ddf776af11b5aae586ffa05050f5c80c4b8d79053b75
2023-03-28 19:23:35,True,0.07036,4.065e-05,107066.0,4.35225,0xfe...fe37,https://etherscan.io/tx/0x11d35317057116f58d039bae79d89be9daea0a388f16e0f6b248bd0f541a5bc3
2023-03-28 19:22:35,False,0.0694,4.009e-05,28687.5,1.15013,0x6b...eab0,https://etherscan.io/tx/0x4bc6f52019227104b29f3826c5aa79ce484479814c688681af3ed5b37a7fdd5c
2023-03-28 19:20:47,False,0.06972,4.025e-05,12500.0,0.5032,0x4d...e5a8,https://etherscan.io/tx/0xec4027ec7f37333515d24b9f9e19597c037ec2043d039b93a494c4e1f2639387
2023-03-28 19:17:23,False,0.07004,4.033e-05,7031.0,0.2835,0x78...8ce0,https://etherscan.io/tx/0x8f2a2fe666ce74ac1eef670c3c957bbe7faf64ebc4854a2ab160a0634543329d
2023-03-28 19:13:23,True,0.0705,4.059e-05,1629.39,0.0661,0x2e...f345,https://etherscan.io/tx/0x2182da63611e5372f22dc02c2ae27f57545032bc7f017cf554be60af9584ba43
2023-03-28 19:10:59,True,0.07035,4.047e-05,30039.1,1.21571,0xda...504f,https://etherscan.io/tx/0xd367c77681624c720bc82012e93781b49f8ca8a23936f7fe864e2f49afa3c0ad
2023-03-28 19:10:47,True,0.0701,4.031e-05,7867.39,0.3172,0x5f...f9fd,https://etherscan.io/tx/0xc8b08017529a7c940b0afd192a9bd7f50b9540a30dae85f5c889f504d02e1896
2023-03-28 19:08:47,False,0.06993,4.022e-05,45220.0,1.81902,0xa0...9ec1,https://etherscan.io/tx/0x55b00e16f6a6198a175fa78bfa6f513b3d6c41d6010849cbe2003b37851161ac
2023-03-28 19:06:59,True,0.07048,4.064e-05,1411.16,0.0573,0xf0...5d3e,https://etherscan.io/tx/0x07b17a24848a486a459dd37dac3f1776155adcead1da1970bf30c42cb2a9ed7d
2023-03-28 19:06:47,True,0.07025,4.051e-05,30971.4,1.25476,0xd1...95f3,https://etherscan.io/tx/0x4dddb129cdbb51ea8a46f75d1c69707808ba441b30c4198a1925d6d049dd3fa1
2023-03-28 19:06:35,True,0.07006,4.037e-05,2841.05,0.1147,0xa3...2f3d,https://etherscan.io/tx/0x5ff5c1d6fa6507707f8127132b77964ca56e4ee373315c94b9c35668c9c32d35
2023-03-28 19:05:47,True,0.07003,4.036e-05,1159.91,0.0468,0x4a...42c6,https://etherscan.io/tx/0x31be1b59947db5f39acf1e8cdc0e4e3c91037387e7563082dc5bdb2d9d684df0
2023-03-28 19:05:47,False,0.0699,4.028e-05,41910.0,1.68825,0xd0...5b64,https://etherscan.io/tx/0x08ed2ea5dd9e55fc90dff4c92eebb2e141d17ddfe3bc1cb74ed4e65cad167ebd
2023-03-28 19:05:47,True,0.07048,4.061e-05,18464.1,0.75,0x7f...6f41,https://etherscan.io/tx/0x599f2a266f3c21c3811132cf250ebf979268c5495ec6821d5f09241d0cf1f36d
2023-03-28 19:05:23,True,0.07016,4.041e-05,32063.3,1.29584,0xea...cc64,https://etherscan.io/tx/0x4d2b8c372925e0dffcf22c382036011fe93baad18be94594855e9ebd9956c583
2023-03-28 19:01:47,True,0.06982,4.025e-05,7770.29,0.3128,0x76...7d5e,https://etherscan.io/tx/0x15ffaef06850a2e1c86ec2d1f26460b5de17d40e06a927cd98b2c96ec28e744f
2023-03-28 19:01:11,True,0.06976,4.021e-05,1325.76,0.0533,0x46...b6af,https://etherscan.io/tx/0x62e3ace011dc17160f9692399188f488d7860f517c0b0f1fa1a93df7d49139e9
2023-03-28 19:00:59,True,0.06971,4.018e-05,6240.33,0.2507,0x7f...18eb,https://etherscan.io/tx/0x53b5ce608e6ebf4c07be16627cfc0d0eee3079fa39e84d88b79dcf135efc61cf
2023-03-28 19:00:59,False,0.06949,4.006e-05,35000.0,1.40218,0x99...e2a0,https://etherscan.io/tx/0xcb91728e95e12ede8be2bb8475a90075163d0c86a0e599477c65f22acb91bd74
2023-03-28 19:00:35,True,0.07013,4.043e-05,2836.54,0.1146,0x5b...9676,https://etherscan.io/tx/0x7fb5ac00ecf5aaf78e072b5623dc469afb0e4facf2669613a1bfcab45f52a19d
2023-03-28 18:58:47,False,0.06969,4.018e-05,2000.0,0.0803,0xfd...c4de,https://etherscan.io/tx/0x582cb7d24aa9497372633c9db0948658b50772a5e5b926bb9e46bfe917793e82
2023-03-28 18:58:23,True,0.07008,4.041e-05,6186.29,0.25,0xe5...3bdf,https://etherscan.io/tx/0x1e5663dce0b1885ff6b125e185826fc7b5bd81aca5a0607e50c72293465e2e80
2023-03-28 18:58:23,True,0.07001,4.036e-05,4438.99,0.1792,0xa3...d1a2,https://etherscan.io/tx/0x31cff096623b5475058a12e17bcef7e9d83ed1e9d7977e5d2b601c709f599d89
2023-03-28 18:57:35,False,0.06987,4.029e-05,46614.6,1.8784,0x20...603f,https://etherscan.io/tx/0x9667f8d613c1e031451585ef919e92e686c451b6139042d147fdc1c365730113
2023-03-28 18:56:35,True,0.07053,4.067e-05,13331.0,0.5422,0x92...2a11,https://etherscan.io/tx/0x87b066237dcffd1d4ce31b968af468539251071042ae907257707095f2f8f3c6
2023-03-28 18:55:23,True,0.07037,4.058e-05,8185.51,0.3322,0x28...f12c,https://etherscan.io/tx/0x410dcc4818f7d9e5b11f02000f5eef7b19b22ea932c768b88d68062a4d087f0e
2023-03-28 18:55:23,True,0.06996,4.034e-05,51056.0,2.05995,0xca...1137,https://etherscan.io/tx/0x0c5290e467896742334d3ad589fd790c6d4ad7fdab09f6193b67bb45a1f4c472
2023-03-28 18:55:23,False,0.06985,4.028e-05,96000.0,3.8674,0x8b...2a7e,https://etherscan.io/tx/0xd0166060d93db9a235241b39b47b97bf0195249bfdd7ddf3f918eb5b4b50c2c0
2023-03-28 18:55:23,False,0.07088,4.087e-05,50393.1,2.05995,0xca...1137,https://etherscan.io/tx/0x432b9526aeedfd7130484568226196890295bd98291766498cd4112e5bc67498
2023-03-28 18:49:23,True,0.07182,4.133e-05,16.788,6.938e-05,0x71...b854,https://etherscan.io/tx/0x5541e165ed740945a2c4311bfa42934fc6dfdf59718d193eafd117ae5543d835
2023-03-28 18:45:23,True,0.07179,4.132e-05,2398.87,0.0991,0x34...dba2,https://etherscan.io/tx/0x620c8f13e75384545608c80d7420e45292384da9f1220aee3f512ece52bbded9
2023-03-28 18:44:23,False,0.07137,4.107e-05,1569.18,0.0644,0x1f...b921,https://etherscan.io/tx/0x36e37bcd28140a17017ba4f9b75e8f2a169fc5fa6c26047008d3de3ab1c2aa51
2023-03-28 18:44:11,True,0.0718,4.131e-05,1254.75,0.0518,0x10...37be,https://etherscan.io/tx/0xf3df2586bed92db4e2980b25e50e7505654c5b480ad869041afdf9704091d44d
2023-03-28 18:44:11,True,0.07179,4.131e-05,68.5124,0.0028,0x15...35a8,https://etherscan.io/tx/0x047820e788a74616a7852691611b36682dd79a1b207e345c8a91c3abac975bd9
2023-03-28 18:42:59,True,0.07177,4.129e-05,3486.69,0.144,0x51...5ca7,https://etherscan.io/tx/0x182f9d01cd7f83a48b3ac4a441704f607af61b7b71fc01beceba7b4f482c8c39
2023-03-28 18:42:11,True,0.07174,4.128e-05,475.297,0.0196,0x54...d279,https://etherscan.io/tx/0x43188c3902777d881c7f9cf0163afe20cd3f68c95e1ee76b2687c7e8f8c8cbb9
2023-03-28 18:41:47,False,0.07156,4.117e-05,35125.6,1.44643,0x47...ffc0,https://etherscan.io/tx/0x6b2a77d68b59f51d49dde8403529ee51b97c8bddff82b1852f406df7f97b7245
2023-03-28 18:41:23,True,0.07224,4.157e-05,473.406,0.0196,0x54...d279,https://etherscan.io/tx/0x26449d5ff753db5811d64b87ba6880801df1b03aa0147a755538b42929a9511e
2023-03-28 18:38:23,True,0.07225,4.156e-05,23.8458,9.912e-05,0x14...0173,https://etherscan.io/tx/0xb0059f338730bb3d5c273de81fb2b838873fbfabad35cab47b4aba9b33e4feda
2023-03-28 18:36:47,True,0.07225,4.156e-05,786.974,0.0327,0x53...b5dc,https://etherscan.io/tx/0x23d9e19dc6a20f431f93bed640de8b6376a97202b3bb78a846f73a1d6605edbb
2023-03-28 18:36:23,True,0.07225,4.156e-05,78.5255,0.0032,0x09...51f3,https://etherscan.io/tx/0x69e5c658fdadf77efdbe003be1260dbbd21e001df41ff571ca8c7c99186e6ff9
2023-03-28 18:35:11,True,0.07213,4.153e-05,5485.01,0.2278,0xc8...0b44,https://etherscan.io/tx/0xbfed1f851e7868d68a5a2916ca4e75e7d27f8d7a06a15cb5afc333a40af474f4
2023-03-28 18:34:47,True,0.07201,4.146e-05,11952.6,0.4956,0x27...3b10,https://etherscan.io/tx/0x9c9651d7f70cd37a27fe6b2137c3f169d42cea395c753a7b2081b187fccbfbfd
2023-03-28 18:34:23,True,0.07128,4.105e-05,87673.4,3.5992,0x74...d510,https://etherscan.io/tx/0xa205d36da6d9edf925adf3ecc21621cc48c6943fe85cf41b3c7a6c5f8c345146
2023-03-28 18:34:23,False,0.07174,4.131e-05,210000.0,8.67621,0xfe...fe37,https://etherscan.io/tx/0x9bca91fb440588990a3e43531398eac1879537d676b7d3bed1a9524b9c57c380
2023-03-28 18:32:11,True,0.07366,4.245e-05,114.834,0.0048,0xce...7724,https://etherscan.io/tx/0x05216ff0fe10594b4a3550caa181c4a99538135f13a8a36d2597a7887ea40666
2023-03-28 18:31:23,True,0.0737,4.244e-05,1887.02,0.08,0x77...d7ee,https://etherscan.io/tx/0x035329d642aa5cd9ef1ce7b02d5f4a6872002afc382e755ecb04e5a24a1b3a2b
2023-03-28 18:28:23,True,0.06579,3.789e-05,1172871.0,44.4409,0x49...2563,https://etherscan.io/tx/0x186f8d291a2fbc815b6741a9f5fbf7b14e3d48701651653ef5b18cf2af3d4837
2023-03-28 18:28:23,False,0.05882,3.387e-05,75000.0,2.54049,0x65...ee4c,https://etherscan.io/tx/0x7e436e7cded3d8ceeecfe383d0bb4d81146620112a06a86e9b0ed0bbb9a20cc0
2023-03-28 18:28:23,False,0.06629,3.817e-05,1164007.0,44.4409,0x49...2563,https://etherscan.io/tx/0xcf56d8f37845e26f1d66a75434bbcf266796b3048fcfbc1530ea873aa34bef8a
2023-03-28 18:26:59,False,0.07421,4.273e-05,2200.0,0.094,0x65...21ff,https://etherscan.io/tx/0xbd43ba172f25c4f54aa8fa2c9d0b6e1e227e4b987b8cf2a92760f59e4023c50e
2023-03-28 18:26:23,False,0.07432,4.279e-05,11385.0,0.4872,0x81...441c,https://etherscan.io/tx/0x1a133d9aa8dfe53d461bf8ee98efcfe303e85aeb85b49625b42e416b7c0807c3
2023-03-28 18:26:11,False,0.07463,4.297e-05,30000.0,1.28933,0xfb...8515,https://etherscan.io/tx/0x8040c3388aa4581258e8449e9ffb5323157f0d5f5f090f4b66aac15bf77b8978
2023-03-28 18:24:23,True,0.0753,4.336e-05,672.949,0.0291,0xdd...4965,https://etherscan.io/tx/0x3ebe9ffa6006a0c19079f53fb5e5f56dbf84a943952ef56e38cc6d64d5029c17
2023-03-28 18:24:23,True,0.07529,4.336e-05,1028.75,0.0446,0xb2...ccf5,https://etherscan.io/tx/0xecae51d41d1a16314bfd02680263e29da5fa9105671f3357b5db6440f5062042
2023-03-28 18:20:11,True,0.07525,4.333e-05,3654.95,0.1584,0x59...c6b0,https://etherscan.io/tx/0xf8b2c5be1267a103404172d7b4b66d684f288ed3ed59f7e0a059c398f13d49ab
2023-03-28 18:15:23,True,0.07536,4.33e-05,4574.87,0.1981,0xa3...82ca,https://etherscan.io/tx/0x52be42f3c9af96c8d3d4de1bc028e5a48f19568b4d7fbea01974e5dd7161c92d
2023-03-28 18:14:47,True,0.07514,4.317e-05,24258.2,1.0473,0x2e...f345,https://etherscan.io/tx/0x1c751b7bf1e01bff2822346402c6f1fdc01abee50809e663f0e5af30abd6a2ae
2023-03-28 18:13:35,False,0.07456,4.282e-05,4355.76,0.1865,0xbc...b078,https://etherscan.io/tx/0x67a0436a0d241bc17491a6c8f5d8b0a9c0e446f25820382f9ca8ae3722661d6b
2023-03-28 18:11:59,True,0.07504,4.31e-05,713.225,0.0307,0x72...4d2f,https://etherscan.io/tx/0x633b4550a688bea395708058382160ce92cd66a00ab83d30706c6d0ea012bb10
2023-03-28 18:08:47,True,0.07505,4.307e-05,4602.19,0.1982,0xde...3439,https://etherscan.io/tx/0x0c93f2b8cd10e091c5b34cd11d33743f60da38c5b37d0f1e41c7667b02c17310
2023-03-28 18:07:47,True,0.07487,4.302e-05,6972.52,0.3,0x08...37f2,https://etherscan.io/tx/0x182bccac68863607cc97004fe93b471004d8cece719f08d13b6920a672954ce3
2023-03-28 18:07:47,True,0.07481,4.299e-05,666.331,0.0286,0x0b...dc5a,https://etherscan.io/tx/0x93cc84bac76b608e7e754daea391aa9011020f11291a78caf991b9881b5ab742
2023-03-28 18:06:59,True,0.07476,4.295e-05,7110.21,0.3054,0x93...1c97,https://etherscan.io/tx/0xc04978b28f5a7f990ccb2cecafc680b8e29d8dced88dcdd0a0a3d19bcfaa1f13
2023-03-28 18:06:11,False,0.07441,4.275e-05,20000.0,0.8551,0x37...d13f,https://etherscan.io/tx/0x3089a3dc72a4294b9b7d6d8dfe07fd5df0dbe84d9ed50e3fb16f491189027419
2023-03-28 18:05:11,True,0.07516,4.31e-05,22.9973,9.912e-05,0x14...0173,https://etherscan.io/tx/0xb5a91d71477d0575d6555ada5166fd6dcbbab7fb5acd587819b7a4eb17032a9f
2023-03-28 18:04:35,True,0.07516,4.31e-05,232.009,0.01,0x99...9c8c,https://etherscan.io/tx/0x5f4c7f7d1efd0e002b62ec52c1979f53ae4688bbbdf07730f37c8090b129c074
2023-03-28 18:01:47,True,0.07512,4.309e-05,667.001,0.0287,0xee...0b60,https://etherscan.io/tx/0x0ebba81a63f6c75911c727e22724d1cb756dc954328522d89defe935217edf16
2023-03-28 18:01:23,True,0.07505,4.305e-05,8543.72,0.3678,0xa7...c63f,https://etherscan.io/tx/0xb7957c0d13db5eea5f2e8881170171b005b09abc0a2bb999e0ab185eca951a1e
2023-03-28 17:59:47,True,0.07489,4.296e-05,11664.9,0.5012,0x87...ecb7,https://etherscan.io/tx/0xe64dfebbc61e59a6eb8416f4430bbf98abcda54d960180ab6b277b204c86858d
2023-03-28 17:57:59,True,0.07472,4.291e-05,20.7877,8.921e-05,0xbb...d802,https://etherscan.io/tx/0x8ecc86787a0c6e71808469dc42d6fe131cb61a75328c5f6e6cf700842c618baa
2023-03-28 17:56:35,True,0.07458,4.284e-05,15637.0,0.67,0xa9...14e0,https://etherscan.io/tx/0x2356e6343e3e7e227e6ed0e39246a0019e90d2bdf3f5a7904c65f01d364bc353
2023-03-28 17:55:35,False,0.07428,4.267e-05,35392.2,1.51042,0x62...3d69,https://etherscan.io/tx/0x31ea81abff28fdee16fbb16297da14b21b93486d8f0e08562eb5274f1906970d
2023-03-28 17:54:35,True,0.07499,4.307e-05,2369.95,0.1021,0x68...7f32,https://etherscan.io/tx/0xefba0103922871a4a2fc6884c0076eaa5e200b8683c933b53207aa8e7c330a19
2023-03-28 17:53:23,False,0.0746,4.286e-05,11780.0,0.5049,0xb7...91c9,https://etherscan.io/tx/0x8bbb63c6d3e5d804e86e3d5f3eaefd09a5958c0ace48a9bcbc9d801d5b903b98
2023-03-28 17:49:47,True,0.07492,4.305e-05,2774.24,0.1194,0x94...d7f3,https://etherscan.io/tx/0xb1baf4903853ab8d62320bba3d4923eb0790bdc89ac2b5ab5cd9a92b7d02d6aa
2023-03-28 17:49:47,True,0.07467,4.291e-05,29695.1,1.27426,0x2e...f345,https://etherscan.io/tx/0x817d7e31ef8db1025a527ee21d46c4b6eeaccbd81d87870c49588f168c3a5ace
2023-03-28 17:49:11,True,0.07444,4.277e-05,784.93,0.0335,0x8e...d81e,https://etherscan.io/tx/0x0395d4eaa4f6fb02cc3cfca7aa5d826f72a98dfc46282ef8efb88471c5da55bf
2023-03-28 17:48:47,False,0.074,4.252e-05,1007.03,0.0428,0x2e...f345,https://etherscan.io/tx/0xee5641a183fad3060d8bcdeda976460b00197e8acd675b6c9fe0616de903e0ef
2023-03-28 17:47:59,True,0.07442,4.276e-05,4172.27,0.1784,0x67...c37a,https://etherscan.io/tx/0x275a4950f3056f28ed97c5ef65d94261be8150933b96325f2134ab66e9baad72
2023-03-28 17:45:59,False,0.07414,4.251e-05,6143.11,0.2611,0x96...40b3,https://etherscan.io/tx/0x60cd254e6c1c2263067bffa9e57844a69ae4afaa503717359ce632f09842aa49
2023-03-28 17:45:47,False,0.07433,4.262e-05,17948.2,0.7649,0x67...0323,https://etherscan.io/tx/0x44d3b1bed489d0373a3d11f7a74dbb5f516af31d871e23bebde702ead8fa4d56
2023-03-28 17:44:47,True,0.0749,4.295e-05,1746.22,0.075,0x1e...771b,https://etherscan.io/tx/0x97945e7acb97d5fbb70dfd96170e10178507ebe4a38d7cdb7e21271a57735e6d
2023-03-28 17:40:23,True,0.0747,4.281e-05,30101.4,1.28862,0x7d...a07d,https://etherscan.io/tx/0x91fee54ebd456bbfe77d9ef0082b16ae53fd0e8fbe0d4aa64c170535f544cea8
2023-03-28 17:39:23,False,0.07442,4.266e-05,55848.3,2.38281,0xf6...68eb,https://etherscan.io/tx/0x0826581bbe10cf5eff5eeee19ce38641b2e34a36a8524e9836af2f0b8fd066f2
2023-03-28 17:38:35,True,0.07526,4.314e-05,4813.74,0.2077,0xf8...9b05,https://etherscan.io/tx/0x6e1daec0caf89e92358d2f3bbece8ddcc8bd5f62d3be9a1487196fb3b244900a
2023-03-28 17:37:23,True,0.0752,4.311e-05,3088.56,0.1331,0x8e...d81e,https://etherscan.io/tx/0xb1c8d14dcfa024ec8bf569e7cfc64af486ffbe1e586f27c8b4526801941b6d3f
2023-03-28 17:36:59,True,0.07511,4.307e-05,4410.51,0.19,0x07...c0d6,https://etherscan.io/tx/0xebcee116ca22811c0f616adeeee74185e5acc3da0ce6df924ccb3a7937730667
2023-03-28 17:35:47,True,0.07473,4.285e-05,46214.9,1.98056,0xd7...a3b2,https://etherscan.io/tx/0xa420ccd4195e2a4eef2c3404518063ef3bc9a6c292148666b0b821cbcde4c2e5
2023-03-28 17:35:47,False,0.07428,4.26e-05,46524.7,1.98195,0x1d...f241,https://etherscan.io/tx/0xb6a81329bc885fcdbc0daf2a07583cc65f2c6b0daafd57b949d983e7c91ae853
2023-03-28 17:33:59,True,0.07506,4.305e-05,690.641,0.0297,0x1c...4691,https://etherscan.io/tx/0xb468d407399ffb39e78f2a6ad4a42f95462439783ed40c1d8e48f99bf4dcbb68
2023-03-28 17:32:35,False,0.07461,4.279e-05,500.0,0.0214,0x66...312e,https://etherscan.io/tx/0xa5e31c0a3dfdffaf95f9821d6ac76aa1f7f19502880022234310aa6243a3fe52
2023-03-28 17:31:59,True,0.075,4.303e-05,5505.05,0.2369,0x72...5e0b,https://etherscan.io/tx/0xa4e9f9f23075f7bcf6fac4d06ec090e50d4fff24faa6403f35c1740838a73280
2023-03-28 17:31:47,True,0.07492,4.299e-05,3458.24,0.1486,0x3e...13e7,https://etherscan.io/tx/0x5ad9c393748d28b669f1d038c82bd6c854ebf8f601254c1ba3e41d60a5476ec5
2023-03-28 17:30:23,True,0.07479,4.297e-05,1326.31,0.057,0x71...b09c,https://etherscan.io/tx/0x061252d38d3eaba259c3ced8804b266969af4da7a1f7ccc62266f03a70677427
2023-03-28 17:29:47,False,0.07434,4.273e-05,5330.86,0.2278,0x7f...18eb,https://etherscan.io/tx/0x0c83f97ace249b4c81ba8e4d86f9d483a50454e020c600f8b8f82dac9a510468
2023-03-28 17:29:47,True,0.0748,4.299e-05,4611.03,0.1982,0xab...cac7,https://etherscan.io/tx/0x995fbef42f9d8b2e7833f6275ef0461d16338d15b9ae4a55a5d92a88d0ebf01c
2023-03-28 17:29:23,True,0.07473,4.295e-05,4719.96,0.2027,0xa7...c63f,https://etherscan.io/tx/0x478dba9b47c9cece3961dcf13a1862391bae153edb6d93535bfbd8fc6ec907ab
2023-03-28 17:28:23,False,0.07431,4.271e-05,9392.69,0.4012,0x76...7d5e,https://etherscan.io/tx/0x2d2fe2ff17862c8b37998f326e505b74bf6d7ce2fc2ae3b86a542199756ad0f4
2023-03-28 17:28:11,True,0.07453,4.283e-05,40230.2,1.72338,0xbd...53cb,https://etherscan.io/tx/0x9f4e3c3beaf500079cb239222072e5cfa5212ad9d93336430cee074962dae7d1
2023-03-28 17:28:11,False,0.07378,4.24e-05,732.777,0.031,0x98...3727,https://etherscan.io/tx/0xbd829b087d5cf1eab977ca2c7c14b6cfa5a5fc84b76b67c24c4a5ea3c1aa37d7
2023-03-28 17:28:11,True,0.07416,4.262e-05,9331.89,0.3977,0xa7...c63f,https://etherscan.io/tx/0x45a3f885be2df99aead07d7036c331a2320a9258c7478d8fd82511e96732c28b
2023-03-28 17:26:23,False,0.07371,4.234e-05,2721.13,0.1152,0x30...519e,https://etherscan.io/tx/0xe69da25b411bcb200c38f6b725c19441ecbc10ed08c1c680c995d8648715b999
2023-03-28 17:26:11,True,0.0742,4.26e-05,333.581,0.0142,0xcd...92e1,https://etherscan.io/tx/0xfac8e39c5d025acb6f4d18252e1672f20326f64dc8fd3f7636d66409fd7b8f9c
2023-03-28 17:25:23,True,0.07417,4.259e-05,3286.91,0.14,0x47...f5c8,https://etherscan.io/tx/0x251f72b22d76880822ad9a27efb58753a7f33b2280dffca47b868d59a6da3170
2023-03-28 17:23:11,True,0.07407,4.254e-05,6815.65,0.29,0x53...002b,https://etherscan.io/tx/0x1cf13cf204a510cb9e0cdc4eba477e3ba65790f289d28ff9b6142a9e17605c0f
2023-03-28 17:22:59,True,0.07401,4.251e-05,1398.97,0.0594,0xd9...893e,https://etherscan.io/tx/0x478d0b0a8242f9e54c1e71717309609ba1aa27beaa6e531b7cb4deb30aab7332
2023-03-28 17:22:35,False,0.07356,4.225e-05,708.4,0.0299,0x11...84b8,https://etherscan.io/tx/0x2e2387d6e04c0c84599a0e12728c7188555ea0044be96efd3c936bb6c80a3b18
2023-03-28 17:20:35,True,0.07401,4.251e-05,139.899,0.0059,0xd6...e8fc,https://etherscan.io/tx/0xad102df2a39f063cc8a798f299002a9f6bd6cb4969157be53cfba985532a69fe
2023-03-28 17:20:11,True,0.07394,4.248e-05,6812.54,0.2894,0xec...ead8,https://etherscan.io/tx/0xc2f01848e539cdd01f399512631992cb324826dd8faae6aefbcb8a147e9cca39
2023-03-28 17:19:11,True,0.07386,4.243e-05,3878.09,0.1645,0xc1...b33c,https://etherscan.io/tx/0x3922a1b917503b7ce3ee34abf7447668f1ab537d22cbbee84b829ab7043b58a2
2023-03-28 17:18:11,True,0.07385,4.241e-05,1285.4,0.0545,0x43...1f80,https://etherscan.io/tx/0x731590c0c63010eda0ac839ac821b948ec6eac1d5079dbada07ba1e236d1316e
2023-03-28 17:11:59,True,0.07375,4.239e-05,2080.72,0.0882,0x13...2bbb,https://etherscan.io/tx/0xdd92423c935b6853305c865b90996fe5114980352649a060e1cb7d8179353d2e
2023-03-28 17:11:35,True,0.07367,4.235e-05,8145.41,0.345,0x92...bb73,https://etherscan.io/tx/0xcfe7d60374c7293036ffd2159efdefad70fa2d585fdefacc3c583d0cca8a59f6
2023-03-28 17:06:35,True,0.07365,4.228e-05,8674.09,0.3667,0x35...3c92,https://etherscan.io/tx/0x2f23ff971b25aa4f97390b0be3298687af82ed5cee8991afc6d3ffd60fc6e402
2023-03-28 17:06:23,True,0.0735,4.219e-05,11746.2,0.4956,0xbf...2a21,https://etherscan.io/tx/0xeb77bcf854203973b950b6d6734a27c32ef99ca07965153fbff12e4134d44b84
2023-03-28 17:04:47,False,0.07296,4.189e-05,1401.98,0.0587,0xc6...fed0,https://etherscan.io/tx/0x8352bdca04b313a4b8648b682610037dcc9a2245d3d54782837f74ff88a5ee55
2023-03-28 17:04:11,True,0.07334,4.212e-05,8236.71,0.3469,0x7f...5c6e,https://etherscan.io/tx/0x0aebe6e06411bb11419b3885cc646762ce79e16be9f7bc2f50dee4eabf2448ac
2023-03-28 17:02:23,True,0.07312,4.2e-05,18642.3,0.783,0x0b...cad8,https://etherscan.io/tx/0x2e40000204316982d62f6377ea31a6d48f43e12cb0f980d7d55de166693e43bb
2023-03-28 17:01:47,True,0.07291,4.191e-05,2364.82,0.0991,0x31...7b00,https://etherscan.io/tx/0x42d24d83445272f86baf9db4861fa5c50c0aa418ec9c36ab8bf26589b6915926
2023-03-28 17:01:47,True,0.0729,4.19e-05,304.385,0.0127,0xcd...92e1,https://etherscan.io/tx/0xf4475e1ab66c3c73695411481d73c7dea4d1bbabf2e9287dc15f981a4c1bc1ef
2023-03-28 16:57:47,False,0.07251,4.166e-05,2742.93,0.1142,0x59...586a,https://etherscan.io/tx/0x9d2e4b8ec885854103486671d4d1fc93d78d98d7d7af5b2596660cc5c493db0f
2023-03-28 16:54:23,True,0.073,4.192e-05,1371.44,0.0574,0x13...e7f4,https://etherscan.io/tx/0x38af7bac76aaf79c6a26f0f54a63b4c21f3d04aabaead79caa954c5f953c48f6
2023-03-28 16:53:59,True,0.07293,4.188e-05,7526.8,0.3152,0xbc...6f8e,https://etherscan.io/tx/0x7d31c960130df6fa6b414a139f56b4a78b93a79ef6dae4ab4359b33a979c36f9
2023-03-28 16:47:47,False,0.07253,4.162e-05,4500.0,0.1872,0x00...a24b,https://etherscan.io/tx/0xdac12f92857f3f3480cbac8167471f64650f5f9bab295b970e1dde2dc254a3a8
2023-03-28 16:47:11,True,0.07299,4.187e-05,2366.91,0.0991,0xaf...e84c,https://etherscan.io/tx/0x74341bc99753eb0fd4966ca5530fb0c1852aa2064dc19a0275eaa264032f5512
2023-03-28 16:46:23,True,0.0729,4.185e-05,4078.16,0.1706,0x54...b724,https://etherscan.io/tx/0x5df94ef517ea36636fa8c0ebbe304f288bcc393d22a5727b629703be3a121ca9
2023-03-28 16:46:11,True,0.07282,4.18e-05,6876.17,0.2874,0xde...2dcb,https://etherscan.io/tx/0xc3aed04b0b9e2ab17935e30abac95f943eff249f33049f481187dd78ce6d3bce
2023-03-28 16:42:47,False,0.07224,4.153e-05,2100.0,0.0872,0x1b...73f5,https://etherscan.io/tx/0x7f2e955bebff6cefb1a034eb72158dc5cb5838aab591855f14a43d15215aebe8
2023-03-28 16:38:47,True,0.07266,4.178e-05,3235.58,0.1351,0x3c...0ae0,https://etherscan.io/tx/0x1370c2179972879b9444c6e5aaf02bac09e606e43b6404fdf28bddc3826d061f
2023-03-28 16:34:11,True,0.07231,4.159e-05,40000.0,1.66392,0xf1...9ec6,https://etherscan.io/tx/0x8ff259688d3be2dc677b303261d6cbed80abde6a3e22344c74d83478d4949c6d
2023-03-28 16:33:59,False,0.0716,4.118e-05,1705.94,0.0702,0x28...2c84,https://etherscan.io/tx/0x7e369d67d8be7b80108af6ab3244d15205cda784f0d329a8bc70cba9fa1f3cb6
2023-03-28 16:33:35,True,0.07204,4.141e-05,8333.0,0.345,0xcf...80e5,https://etherscan.io/tx/0x46fc2f901ed9c62d245d6edee9c601f5e40527b07aefd6be280222481582fbec
2023-03-28 16:32:23,True,0.07202,4.137e-05,119.79,0.0049,0xcc...681d,https://etherscan.io/tx/0xfe4f5536c1b5eb79bcc3f5f86091a704650538b998139eb42688484afa0d36be
2023-03-28 16:31:47,True,0.07202,4.136e-05,1739.63,0.0719,0x79...0fa0,https://etherscan.io/tx/0xe2800cf12bbe70d85e4c2e55e2a04952a17fc43ea527cbc6b5e43780364f14fb
2023-03-28 16:29:11,True,0.07216,4.134e-05,2397.25,0.0991,0xdb...511d,https://etherscan.io/tx/0xb92280adf8c6156e929cd2e524905cb8124964dcb74ffa4d5d30b86cf1795bd7
2023-03-28 16:26:59,True,0.07208,4.129e-05,10561.7,0.4361,0x22...897b,https://etherscan.io/tx/0x0a1d84deb5599fc8e99f9e4d3b41487212c8c3da227ae77920427231f60b20dc
2023-03-28 16:25:11,True,0.07194,4.123e-05,3181.99,0.1312,0x45...12ed,https://etherscan.io/tx/0x7b64c4046623ba5cbff28ec70e449772e97e9f6184f161875f775e7aee64efdf
2023-03-28 16:24:59,True,0.07182,4.117e-05,13121.7,0.5402,0xcb...f1ac,https://etherscan.io/tx/0x0f0760f7f71df2c6ca9be87678b716657d9072858cad7aaec9e78045056a4138
2023-03-28 16:23:59,True,0.07162,4.108e-05,6970.59,0.2864,0x2e...f345,https://etherscan.io/tx/0x26317f8300c2fcddbb45ec2d2089fdbd7b55f4b7c74c40039aadb93a4bb86f76
2023-03-28 16:23:35,True,0.07156,4.105e-05,1339.72,0.055,0x74...b946,https://etherscan.io/tx/0x1d3319be48db67af1f755714af033df679142dc0afa85f804274f1b5165fb745
2023-03-28 16:22:59,False,0.07113,4.081e-05,2000.0,0.0816,0x9a...fd3a,https://etherscan.io/tx/0x13bcc5cac6ca89e429f45ed8abce17a06502092010012557ad69dac6716624c5
2023-03-28 16:17:35,True,0.0717,4.105e-05,1336.58,0.0548,0xd3...c38b,https://etherscan.io/tx/0x202cc784d50b00522868b041cc4e3d2b5c7bb11884475797f2e65bae6434cfc8
2023-03-28 16:17:23,False,0.07155,4.097e-05,39926.7,1.63585,0x08...db0a,https://etherscan.io/tx/0xe66e4f640af360fc12a117f184d3e24f6ec594a8c99e9b6c29ddfeda5c6ab708
2023-03-28 16:16:35,True,0.07222,4.138e-05,359.304,0.0148,0x54...d279,https://etherscan.io/tx/0xf09e4b8b3e2dfec5757c4605d2d428e8c448481f45360476e48c0fc043af8f8d
2023-03-28 16:16:23,True,0.07221,4.137e-05,1677.1,0.0693,0x75...c875,https://etherscan.io/tx/0xb45e6e6ac35581404e18593e57cf32f3e330b186a7a2af710bbf12a3a37ee47e
2023-03-28 16:15:59,False,0.07184,4.116e-05,10000.0,0.4116,0x85...29b1,https://etherscan.io/tx/0x5ab72a2531530e49f373d781223cc836ec933e5413b77c66a99a30d76cd134a0
2023-03-28 16:14:11,False,0.07208,4.126e-05,14759.1,0.609,0xb7...91c9,https://etherscan.io/tx/0x68ae0361c626b51ebc56fb478a5db332cb1f40703276352c26cbd12b3885dea8
2023-03-28 16:13:23,True,0.07251,4.147e-05,23883.0,0.9905,0xa5...d047,https://etherscan.io/tx/0xf4e58ef59efd90cd41ee89d7f1835dc04687094cb24299443b77190686d848bf
2023-03-28 16:11:47,True,0.07232,4.135e-05,4794.06,0.1982,0x96...252f,https://etherscan.io/tx/0x21c528e7197af80795f0e19a8d5a9098d93b2131bbde96bd330d8a2a5862a4f8
2023-03-28 16:11:23,True,0.07214,4.128e-05,11044.0,0.4559,0xbe...99f2,https://etherscan.io/tx/0xc0e4f4b51902e2666322ceb47ebe6050ada3d52a684f3d4e2122d13fd9800190
2023-03-28 16:10:59,True,0.07203,4.123e-05,2163.65,0.0892,0x85...c1aa,https://etherscan.io/tx/0xe2e46effcc5334877cb88a12181f581fdca5fb82e7b9f78c4464f8a5edfb9bc5
2023-03-28 16:08:59,False,0.07165,4.099e-05,5079.86,0.2082,0xfb...7441,https://etherscan.io/tx/0x09015d059dc8f09fea7462934327c9a0f2736ac685a3d11119a621f747b0b148
2023-03-28 16:08:23,True,0.07205,4.125e-05,3604.5,0.1486,0xaf...d320,https://etherscan.io/tx/0x827a6ab70f230dcfa84b4f9886eba953c76ab090545858d022cd7f77b0360779
2023-03-28 16:07:23,True,0.07193,4.116e-05,16855.7,0.6938,0x74...04bb,https://etherscan.io/tx/0x9a8bf4f9b9c462706dde750eb207e1037d572bfafc9e40c1a8e60b2b32717220
2023-03-28 16:06:11,True,0.07174,4.105e-05,10000.0,0.4105,0xdb...7e0e,https://etherscan.io/tx/0x6c2ccc101ec4867a0e4cab2625f74f079f323c4a09021b4d6f6a734204e7d4c2
2023-03-28 16:04:23,True,0.07126,4.097e-05,9676.98,0.3965,0x56...641e,https://etherscan.io/tx/0xb99c171937bb26136266147ca815f05977f054b85df3d2890eca6e05ebab9860
2023-03-28 16:03:35,False,0.07076,4.068e-05,8.77e-07,3.568e-11,0x11...48d5,https://etherscan.io/tx/0x8427a2ab96793a762568cfdeec746236bb80e358506b5d98cca5e8c358fdc9f0
2023-03-28 16:02:11,True,0.07111,4.091e-05,3706.42,0.1516,0xa4...a71b,https://etherscan.io/tx/0xbb0423c483cd9c22324e6dc1a21dfd33b00ccb4882d1d1b7a173569c58d4de7b
2023-03-28 16:00:47,True,0.07103,4.088e-05,4891.98,0.2,0xc0...bfb4,https://etherscan.io/tx/0xf09b2d66015b53b838e39bb003ea1e1206321687bdfc1ffbeeec0cc22b632170
2023-03-28 16:00:23,True,0.07088,4.079e-05,17159.8,0.7,0x48...c14c,https://etherscan.io/tx/0x7f1f68b3520a86c5da5011685708d33e2a7449e2afca9656f980a21176fbd78f
2023-03-28 15:59:11,False,0.07055,4.059e-05,28331.9,1.1501,0xed...7eb8,https://etherscan.io/tx/0x5e3a74fdd68d90a5d74a5c76d66dae1ec9f503410b70e0fd262be8bb6c0a0680
2023-03-28 15:58:11,True,0.07123,4.095e-05,1000.0,0.0409,0xd5...a8a1,https://etherscan.io/tx/0x51a7d099425fae166a7a7472230884abe9edaecfe839d526e8f586ddcad04348
2023-03-28 15:57:59,True,0.07073,4.064e-05,73810.8,3.0,0xda...842e,https://etherscan.io/tx/0x62b5bbca865dda44450f85d189868bf9c6ff6736dd01a851040d00ac2efdc5de
2023-03-28 15:57:59,True,0.07019,4.033e-05,3686.66,0.1486,0x52...2c62,https://etherscan.io/tx/0x3fe91932252bc69996ee20f30b8377d6e1a6f1b413d21afa2d35c4a01b8858bc
2023-03-28 15:57:11,True,0.07017,4.031e-05,1193.58,0.0481,0xdb...6c15,https://etherscan.io/tx/0xd1000be3b1fe2a51b99fe60d14621ec99bd6c2db452fd6a6c92bcd4da6a52766
2023-03-28 15:55:11,True,0.07022,4.03e-05,272.421,0.0109,0xaa...d1a7,https://etherscan.io/tx/0x5f3da924502a7891bb498a2c45080e89dbf608b5200fea9ddf9bfce169d12263
2023-03-28 15:54:23,True,0.07018,4.028e-05,4551.95,0.1833,0x20...96f4,https://etherscan.io/tx/0xb6514bb4340fa345b94927b7f6ce602fa101a9c69f299d8e1f07206f2a49cd9c
2023-03-28 15:54:23,True,0.07015,4.026e-05,282.817,0.0113,0x3b...346b,https://etherscan.io/tx/0xf436f8651833919183897306c339492c541d906b692b0c1831214b6ede628706
2023-03-28 15:53:11,True,0.07014,4.025e-05,1822.14,0.0733,0x66...3564,https://etherscan.io/tx/0xd6cce1dab8e351bf349380c8ce0d9fe7d8fc92c5b45d84f946fc1d18c17fd3fe
2023-03-28 15:53:11,True,0.0701,4.024e-05,2735.32,0.11,0xe3...b792,https://etherscan.io/tx/0x0c43792eeedd8eef9123e6e4518694f3aa900a6f81c4efbbad8aff9b58523736
2023-03-28 15:52:59,True,0.07002,4.019e-05,9454.74,0.38,0xdf...e087,https://etherscan.io/tx/0x1ab2b2c18e23aa6ba6761b749011c41914cb16fbca2d9270615325bf28d06129
2023-03-28 15:52:35,True,0.06986,4.01e-05,13501.8,0.5414,0xba...37d1,https://etherscan.io/tx/0x6083642f49992f8ce225a04e46dbb2624181233ad1af7e935ad5679ee0f2f440
2023-03-28 15:51:35,False,0.06944,3.984e-05,9550.15,0.3805,0xa9...3172,https://etherscan.io/tx/0x5c9ac723972ca34c102ed73e582a075d43ec371dc6b23c21ae9963835bea93dc
2023-03-28 15:50:23,True,0.06978,4.01e-05,3244.26,0.1301,0x44...8d10,https://etherscan.io/tx/0x634988b52f52da320b8f7215dbfcf01df8c6359074bd6055ae061a8589c20418
2023-03-28 15:49:23,True,0.06962,4.005e-05,9985.93,0.4,0xbb...3445,https://etherscan.io/tx/0xfc9458862a6b46a46f0d56608504007a55f279ec112b95e8b11a564f2bf04772
2023-03-28 15:48:35,True,0.06953,4e-05,2849.74,0.114,0x47...2667,https://etherscan.io/tx/0x010f37ad869724e9971361ef1c11c249e36172afb6f8c01564c7f895a135d754
2023-03-28 15:48:11,True,0.06951,3.999e-05,822.926,0.0329,0xdf...4faa,https://etherscan.io/tx/0xea81c3b80d41db2842e08ec1adf7b34844efb0d835fccb0827f6e01b1195820f
2023-03-28 15:47:23,True,0.06952,3.997e-05,2672.3,0.1068,0x24...50b2,https://etherscan.io/tx/0x4cdd70ff12995b2b6dcd6d0901448c170295230fa5ca4cf3e2442ff795e72dfe
2023-03-28 15:47:11,True,0.06949,3.995e-05,2002.08,0.08,0xb6...f35e,https://etherscan.io/tx/0x3fa7544552766f81ba2aadd6ade8156cb4937228b44d1cbb10594364308739a1
2023-03-28 15:46:47,False,0.06925,3.982e-05,28000.0,1.115,0x78...62c3,https://etherscan.io/tx/0x7c51a948cb9ff24a68cf3c83a7f8cfc109387ba518775067e33c14338104604c
2023-03-28 15:46:11,False,0.06988,4.022e-05,72575.1,2.9191,0x97...aa4a,https://etherscan.io/tx/0xa550bf6bbffd730573f59b77918fb8def81a1f7861ab37a85156a8cfe0317326
2023-03-28 15:45:35,True,0.0708,4.075e-05,1130.39,0.046,0x3b...7af1,https://etherscan.io/tx/0xde2f002e029fa092db5538646673212d9ca18b4a72eca0b04c9996b511fc76cc
2023-03-28 15:45:23,True,0.07028,4.046e-05,70954.8,2.87082,0x62...3d69,https://etherscan.io/tx/0xd6a83dbbf502b1e52d0f01f7e9244d17482dc2bedebaaa1b9b27b6d5525242c7
2023-03-28 15:44:59,True,0.06975,4.015e-05,4500.0,0.1807,0x28...113e,https://etherscan.io/tx/0x7abc30250a39f017aff06d608374e2977448d47790fd48cfdc3ddc964d5c504e
2023-03-28 15:43:59,True,0.06969,4.012e-05,3937.66,0.1579,0xba...aa98,https://etherscan.io/tx/0x7b4d4e9c0a9dca65ae3c6a75d0654928750c9b00170bd56126e64d81b3baf84c
2023-03-28 15:43:35,True,0.06955,4.004e-05,14850.8,0.5947,0x5a...b973,https://etherscan.io/tx/0x4d53314aa643cc616bf23bb0a0ecc0292ad7d1707e933ab7c571e48990e8d35e
2023-03-28 15:43:35,True,0.06915,3.981e-05,43281.4,1.72339,0xa1...1dfc,https://etherscan.io/tx/0x5c147c7d90206ec04062725bfac32b1347e83223bbc06d71d55af87d273de4e9
2023-03-28 15:43:35,True,0.06884,3.963e-05,3038.51,0.1204,0x89...f66e,https://etherscan.io/tx/0xa1024ae9263cc7ba5ea0dc4362013f0807d9535325744c8f7c19be5b8be0a97a
2023-03-28 15:42:11,True,0.06889,3.962e-05,514.108,0.0203,0xf7...820a,https://etherscan.io/tx/0xedde31ff1ef0a7fabe38fcdfe31ee0eab77eedc515b7b112b66e522aad2a9799
2023-03-28 15:41:47,False,0.06848,3.938e-05,1600.0,0.063,0x42...77d9,https://etherscan.io/tx/0x526c9df46261db969cc0aa8353e18e9374b0020c47e1020ed78c17f625c6b832
2023-03-28 15:41:47,False,0.06918,3.978e-05,100000.0,3.97878,0x95...4686,https://etherscan.io/tx/0x90d02053bc013957084970954e1e361cc156860285d2e3884b40bc8b5f870e75
2023-03-28 15:41:11,True,0.07031,4.041e-05,2389.15,0.0965,0xc1...1ab3,https://etherscan.io/tx/0x926533219477d9a0d7d0fb553e638d012a0ba55cfefc57268712b98ef5c55aeb
2023-03-28 15:41:11,True,0.07027,4.039e-05,3713.72,0.15,0xbd...6a4d,https://etherscan.io/tx/0x0f9b2895e94ca228cf11017e6117a4b041ec1a6b8f66b50dc01fd5cb30608ceb
2023-03-28 15:40:47,True,0.07022,4.036e-05,2455.66,0.0991,0x52...2c62,https://etherscan.io/tx/0x45869d787e048eebaacda4760b87a3e7d6d299b6da7b7dc2ee0f9ed8eb448937
2023-03-28 15:39:47,True,0.07,4.034e-05,2316.37,0.0934,0x17...a966,https://etherscan.io/tx/0x9768393f99d89edcc237b54f43be02dd8feacd57736122b628e5451b0dae9419
2023-03-28 15:37:59,True,0.06987,4.029e-05,11070.5,0.446,0x73...08e4,https://etherscan.io/tx/0xea10dc3a6ac917add83cce41b748ff4c664b7e626e525c33c3b2404fe5f68e25
2023-03-28 15:36:23,True,0.06981,4.024e-05,668.751,0.0269,0x69...c2f6,https://etherscan.io/tx/0xb390a71538b26ab7a085168bf3a320d5921bf47250c2f9e13d33440caf2d3c09
2023-03-28 15:33:23,True,0.06976,4.022e-05,3449.59,0.1387,0xcc...550d,https://etherscan.io/tx/0x53326cb924c56c790871574bd7a5a8559f05792506fcbd3380963a24e6dbdb63
2023-03-28 15:33:23,True,0.0698,4.025e-05,8.77e-07,3.53e-11,0x11...cdfb,https://etherscan.io/tx/0x2ba691da0d056438a50d794bd929795522750e3e7340ee7b990c6ba7814f5740
2023-03-28 15:33:11,False,0.06937,3.997e-05,8.69e-07,3.473e-11,0x11...7f80,https://etherscan.io/tx/0xc725353f0f4a99dc1ba4effdc4e765e3ab49657cfd9b00a0679bc3cfbab380f8
2023-03-28 15:32:47,False,0.06939,3.998e-05,1500.0,0.0599,0x2e...f345,https://etherscan.io/tx/0x71f1b214ff84d3cd891584d5d4f42ffc101cb8032fd0f40cb6b9c14c15b37945
2023-03-28 15:32:35,True,0.06981,4.022e-05,1501.68,0.0604,0x87...da26,https://etherscan.io/tx/0xbbdaf92f46130a072087c7e96ce8db052ffb34a192e449fa44309d0b284e19a0
2023-03-28 15:30:35,True,0.06976,4.019e-05,5582.88,0.2243,0x27...2973,https://etherscan.io/tx/0xbeaa6779a1a479f9095ae8e8b96a1d0366497ead3e5eebf27e8ae2ae9ed60d9f
2023-03-28 15:29:47,True,0.06962,4.016e-05,1604.18,0.0644,0xa9...31ee,https://etherscan.io/tx/0x458bafa600bb8625cfa1455ba1037df45f6c1eb0d96c399334d853904fce205b
2023-03-28 15:29:47,True,0.06956,4.013e-05,7065.49,0.2835,0x05...706e,https://etherscan.io/tx/0x985463b85ab8e48e2eb264dd98bd111d7c9caad008cd745461c7a7d28968d7b3
2023-03-28 15:29:11,False,0.06944,4.006e-05,50000.0,2.00301,0xac...d382,https://etherscan.io/tx/0x140d4a363255169b431ac28e2cb16e7a5cda892abc61667abf625ce8e1ee835a
2023-03-28 15:28:35,True,0.0702,4.05e-05,526.956,0.0213,0xbe...5177,https://etherscan.io/tx/0xc00eb1da21119fd90ca9f657942b7520e7c6029444a4b31917387b888600bcb0
2023-03-28 15:28:23,True,0.07019,4.048e-05,2074.13,0.0839,0x0b...f2a9,https://etherscan.io/tx/0xce3d9ace654dac111b038f9100762ee88f8865bfc5960257dd559c79362ab43c
2023-03-28 15:27:47,True,0.07011,4.044e-05,8577.75,0.3469,0x5c...3bcf,https://etherscan.io/tx/0xef622ed668343c117f30468e480174cbf2c4049a493318ebdc55683c322705d6
2023-03-28 15:27:11,True,0.07003,4.04e-05,2453.48,0.0991,0x82...5fac,https://etherscan.io/tx/0x8fcae65cfc7ff089aaf32e09e27313d88e0995d0a8221fa5a83d35a5869cc63c
2023-03-28 15:26:11,True,0.06996,4.036e-05,6623.48,0.2673,0x4f...7447,https://etherscan.io/tx/0x2b1845cd36498afb0b0432d21cc0f03cb8fcc20503f1cd826c57c2d9abca1a0c
2023-03-28 15:25:11,True,0.06988,4.032e-05,3933.26,0.1586,0x09...1197,https://etherscan.io/tx/0x2f3455ada1edd9040f6952583b82c66f778e1eb4b919c463addcd321c5ca3c9d
2023-03-28 15:25:11,True,0.06982,4.029e-05,3970.59,0.1599,0x2d...9bc7,https://etherscan.io/tx/0x7359899ca3e759b5a1d670577cc36904f376c3845def897d1e791546c0bb158d
2023-03-28 15:24:35,True,0.06968,4.022e-05,13061.3,0.5253,0xeb...2556,https://etherscan.io/tx/0x802cb8a0232a118e006fad8919947ea75830dc03fdf6dfd676d2c761e9765a17
2023-03-28 15:23:47,False,0.0693,4e-05,18909.0,0.7564,0xa8...c9d0,https://etherscan.io/tx/0xd09bfd45b4a8dc04e59ace8a5789b6abb678fffa76fa33eab0ae3b2cd3c7f9e5
2023-03-28 15:23:35,True,0.06983,4.03e-05,3442.88,0.1387,0xf1...dffe,https://etherscan.io/tx/0x65468d5a1a32762c784a8767038a72253a779b6b44f984dbbbf2fb91929e49f1
2023-03-28 15:22:35,True,0.06979,4.029e-05,993.956,0.04,0x73...ae60,https://etherscan.io/tx/0x652c79810b741f10ad350ccf3f8f456a8a676331912a9523db5cf1c27cd07979
2023-03-28 15:22:11,True,0.06976,4.028e-05,983.564,0.0396,0x32...9d0c,https://etherscan.io/tx/0xc5421efb0233c4f2a49145c15e285f94035bb16731dba11734b5d06e1c5f2e98
2023-03-28 15:21:47,True,0.06975,4.027e-05,1230.66,0.0495,0x73...5c8b,https://etherscan.io/tx/0x961a04fa1243e125bda6f099b54f4427f5a31de59a729189b90055d5473a24d0
2023-03-28 15:19:47,True,0.06974,4.026e-05,354.43,0.0142,0x0b...f2a9,https://etherscan.io/tx/0x7646552c25c2327744e89789622632526f34e6b3e14fcf5c6c448c3c4642d393
2023-03-28 15:18:59,True,0.06975,4.026e-05,526.732,0.0212,0x7b...55d7,https://etherscan.io/tx/0x553e641d46c11b9ae08a79512e043c6bf6e0326ace4fd26a4358db27c788e521
2023-03-28 15:18:47,True,0.06973,4.025e-05,1967.39,0.0791,0x17...a966,https://etherscan.io/tx/0xa63410e40c64db24375adca5ae38622b3b0233a79185183a87e18abd5c6b8862
2023-03-28 15:16:23,True,0.06972,4.022e-05,6529.82,0.2626,0x52...ef6e,https://etherscan.io/tx/0x58661ec9d6ceb055297c817efd531fd309c732e704fa85f2ca5c93cea1454056
2023-03-28 15:14:35,True,0.06967,4.019e-05,1091.64,0.0438,0x78...8b0a,https://etherscan.io/tx/0x5ad260042388feb58d6568f02817b1ffea5ad05423ac771d130baf679ba8be22
2023-03-28 15:14:35,True,0.06962,4.016e-05,6161.55,0.2475,0x80...5a5c,https://etherscan.io/tx/0x52c6d4628a883fc9fa295a246bb18c6f7d59ba8c3f67467d0404961f9af96f1a
2023-03-28 15:13:11,True,0.0696,4.014e-05,716.131,0.0287,0xba...bf04,https://etherscan.io/tx/0xe7eb1a45341b1166812345a2050e5db70cbf7b9bb4a0bc807b89c363a5c6aa49
2023-03-28 15:12:47,True,0.06934,3.997e-05,41269.9,1.64972,0xc6...fed0,https://etherscan.io/tx/0x5046eb53e6dc9309507dc700ff5d857d1d796477f84449dae7da8c0e8bf8b134
2023-03-28 15:12:35,False,0.06897,3.976e-05,48006.9,1.90881,0xd6...aa29,https://etherscan.io/tx/0xf546ceff712fc0dd45aa145ea22daccc7ebe7e139ef5db3172633a4bb7359c2d
2023-03-28 15:11:47,True,0.06958,4.009e-05,24724.3,0.9912,0x1a...3871,https://etherscan.io/tx/0x2e65771563a1a89a83e0363e1359399bf2ea6f65665dd360b8d3c565de8c6281
2023-03-28 15:11:11,True,0.06931,3.993e-05,13964.0,0.5577,0x3d...64c4,https://etherscan.io/tx/0x365d36c5abcdf2b0844fad49d11086ed5ebfe8830bf612cf244287d2af2bb4c6
2023-03-28 15:10:35,True,0.0692,3.986e-05,5374.93,0.2142,0x4f...7447,https://etherscan.io/tx/0xb8ae3acbb711907374055b80f83045419f2fabb8d38da058bc6683cb8a9d2a35
2023-03-28 15:09:47,True,0.06914,3.981e-05,7476.86,0.2976,0x10...f564,https://etherscan.io/tx/0xbc3c0091718b11ce7862ae506ccef151efdb26807b0dc621bda30680bf658000
2023-03-28 15:09:47,True,0.06909,3.977e-05,716.374,0.0285,0x07...6e36,https://etherscan.io/tx/0x8e95d45533ddca4f6bf88bcc53a54e34fb9b9a7e759e6d88d24605fb0372c027
2023-03-28 15:07:47,True,0.06964,4.01e-05,4166.41,0.167,0xbf...9a66,https://etherscan.io/tx/0x80e40e6e78b0c6d43de07e7483f799a0723edadc3c9ab11baa706caacdcf968b
2023-03-28 15:07:47,False,0.06861,3.95e-05,500.0,0.0197,0xf9...4856,https://etherscan.io/tx/0xfe63182d689541c723df88f418ad02f570fd5e67b6d8768938b3d328e9dcca23
2023-03-28 15:07:35,False,0.06892,3.968e-05,45564.2,1.80834,0x37...9eea,https://etherscan.io/tx/0x076160469c5bdae50dbb22f80c3d0661cf5f8bea4f2bcf4dec6704408776024f
2023-03-28 15:07:35,True,0.06963,4.009e-05,2966.7,0.1189,0x89...1b52,https://etherscan.io/tx/0x4d3cc989da00de3797b7da6631390139252222c4e9d6401b7f13d1e2ea61dfe8
2023-03-28 15:05:47,True,0.06959,4.007e-05,3017.93,0.1209,0x39...eb16,https://etherscan.io/tx/0x08ccebefea79eb982fa30fa1f3bec00b31c45e7e36b55730850026eaf1ac296e
2023-03-28 15:05:47,True,0.06955,4.004e-05,2496.92,0.1,0x99...1e54,https://etherscan.io/tx/0xba2cd2b9abb8bc7c551ab84ce9dcf740e9264eb1c64fd4b5329b89c9ce406d73
2023-03-28 15:03:47,True,0.06943,3.999e-05,10904.8,0.4361,0xab...14fc,https://etherscan.io/tx/0x5717c9818d52a1fa11221cd103b9de33589c5c9d40a14e2161b7f7ab6f32d30e
2023-03-28 15:03:35,True,0.06934,3.994e-05,3151.92,0.1258,0xb0...da6d,https://etherscan.io/tx/0xd1829bca13787ed1e828e6013c094e2169f69a60bf02ddc775193e54d92d0092
2023-03-28 15:03:23,True,0.06932,3.993e-05,8.69e-07,3.47e-11,0x11...041f,https://etherscan.io/tx/0xa993c830b59a8759e00e085cc3925c496821fdbc6fefac819b55847ee5d259e6
2023-03-28 15:03:11,True,0.06927,3.99e-05,6265.18,0.25,0x6f...ed07,https://etherscan.io/tx/0x13ced7ee34f4df00f3218dc1e92495a205dda86e0fca92631d1850587baa5011
2023-03-28 15:03:11,False,0.06902,3.975e-05,1.74e-06,6.897e-11,0x11...cdfb,https://etherscan.io/tx/0xfa16e9374aca9492d9b80a5c3d9dfb232a30e575b64c3478a817d1f17057b992
2023-03-28 15:02:47,False,0.06947,4e-05,92749.8,3.7106,0x05...8aac,https://etherscan.io/tx/0x3c11942903777fd95d7871a7f12870c429e2aec38c19c631cdd4200174e7b3eb
2023-03-28 14:59:35,True,0.07052,4.061e-05,1181.85,0.048,0x6d...f053,https://etherscan.io/tx/0xbc34930a4e29c729fda9e0ebc89dfc64dfd6755aedf0e9f26345c07f701a7e81
2023-03-28 14:59:35,True,0.0705,4.06e-05,1831.03,0.0743,0x94...cb2d,https://etherscan.io/tx/0x6b99ca189ba391d8a2e317d42f1ec19108b9dd38d7e034559ac3ef7f04b0b1e4
2023-03-28 14:59:11,True,0.07047,4.058e-05,2442.42,0.0991,0xf7...06cd,https://etherscan.io/tx/0x06098ac9fc29a4e7c7fae24e28ff2206392d6815e9ca7493392b9daa34703b79
2023-03-28 14:58:47,True,0.07045,4.057e-05,415.329,0.0168,0x8b...143f,https://etherscan.io/tx/0xa67079d8be93b4556230b8b02d2d6bd0cab30b44b7027b752fd9e004dfea5c7b
2023-03-28 14:57:23,True,0.07023,4.044e-05,30926.8,1.25088,0x09...c5a9,https://etherscan.io/tx/0x8fb8257f069f1fa890efefb4af36388980e47b206fecce43a18edd8e73d2b12e
2023-03-28 14:57:11,True,0.06985,4.022e-05,23748.4,0.9553,0x4d...f765,https://etherscan.io/tx/0xdf4d3121621dfc57922c300c334aa004ad889efa27729fb1a3ecfdddcf04c2f2
2023-03-28 14:55:47,False,0.0694,3.997e-05,19888.7,0.7949,0x27...0add,https://etherscan.io/tx/0x3e57fd1f390f12ab8e8b6844a34ee2059a3c06ab257b70915c380a92ed7a5539
2023-03-28 14:52:59,False,0.07004,4.026e-05,53575.4,2.15714,0x4b...42a3,https://etherscan.io/tx/0x02960db99274cd9cd4c0836d6cacb0cdc3d6d42ba5f9b72333bf1efc9cec452c
2023-03-28 14:49:23,False,0.07054,4.052e-05,12459.9,0.5049,0x98...a20e,https://etherscan.io/tx/0x801417752a36bfc981c5c41208857f5180110e1888646feb29e95c088f54f0b9
2023-03-28 14:49:11,True,0.07225,4.151e-05,39498.9,1.63994,0xf3...e77b,https://etherscan.io/tx/0xcce29a4e7c4f5a4697ba70c7e2e4cb674f2823dd11ffb4bd705613f49aed32e5
2023-03-28 14:46:23,False,0.06996,4.034e-05,10485.6,0.4229,0xed...ee6c,https://etherscan.io/tx/0x6f0ed2a5ee0eaa4bf1e82e1cbb822bd954d10f24f22ab3411d2bb7490313b762
2023-03-28 14:46:23,True,0.07033,4.055e-05,93526.4,3.79247,0xbb...38bf,https://etherscan.io/tx/0x7a647c873f1a14f4632606c220e3b1eda3a4d5d827c2273f77aba11b46fdeb3e
2023-03-28 14:46:11,True,0.06913,3.985e-05,4050.06,0.1614,0x4f...62c7,https://etherscan.io/tx/0x3f63b93fd563a87a3b994c4bb6ad9f294a95ace301e71b418561d61a8f3e7ff9
2023-03-28 14:46:11,True,0.06917,3.988e-05,8.7e-07,3.47e-11,0x11...48d5,https://etherscan.io/tx/0xba2dd0616cf9e29f05db2b0b2cea9c99c8b46ac94e7b4a96509ee1e2e338ed4d
2023-03-28 14:46:11,True,0.06917,3.988e-05,8.7e-07,3.47e-11,0x11...cdfb,https://etherscan.io/tx/0xf809befe6bd30c7c18f2cd25e57522193a510adb0ab69af101cdf3f02aeae0d9
2023-03-28 14:45:47,True,0.06897,3.979e-05,14580.6,0.5801,0x3f...dbc3,https://etherscan.io/tx/0x13107ea2f50dedebe1d9b245fd4c107bede52c6cf6695b6c261ef3be8c8fc14e
