datetime,buy_order,price_USD,price_native,amount_token,total_native,maker,etherscan_url
2023-03-22 19:29:11,False,0.1041,5.82e-05,5000.0,0.291,0xda...4cf3,https://etherscan.io/tx/0xc96c5bee117f75c985d6e6467431220e0bc1d6184bf376c51afe19a9b58640d0
2023-03-22 19:28:35,True,0.1047,5.856e-05,4696.01,0.275,0x20...5e8a,https://etherscan.io/tx/0xd07568895f890d96841b37c003e084cf8905e165d41b13dd05b236da9c125421
2023-03-22 19:25:47,True,0.1043,5.849e-05,4880.28,0.2854,0xf4...51a6,https://etherscan.io/tx/0x330320e9bb4c177e717db0a83390e8701b58499b0d16e7a3323594c1fbd2da27
2023-03-22 19:24:59,True,0.1041,5.843e-05,2883.64,0.1685,0x6f...9081,https://etherscan.io/tx/0xede0edca658a72fd3639883b4b3ca82cb783f85b847ec0c0686100a482c4bbc8
2023-03-22 19:24:23,False,0.1036,5.809e-05,3455.53,0.2007,0x70...4128,https://etherscan.io/tx/0x26e2cf6ae7d53cf0f283686f58ca831b9d67c1896df253e9cdbfbb1602101e30
2023-03-22 19:22:47,True,0.1044,5.846e-05,142.146,0.0083,0xad...b8e6,https://etherscan.io/tx/0xbf909f1118738145e22eeec426531f1efed4bf7cba8c4226bd2bc245a90a51f5
2023-03-22 19:21:11,True,0.1045,5.846e-05,465.246,0.0272,0xa9...11ef,https://etherscan.io/tx/0x6118dd63e4c804f0fb77312c8ea01f909df8203cffb2d40cb535c5920e6aab2b
2023-03-22 19:20:11,True,0.1045,5.845e-05,813.429,0.0475,0x42...cf69,https://etherscan.io/tx/0x28fc03d9a4d23bff28afa6cfcace4cd8fbc6d38913dddab3ce94865d087a58db
2023-03-22 19:19:59,False,0.1039,5.82e-05,15834.6,0.9216,0x0c...eb44,https://etherscan.io/tx/0xf5eff47fd5418bf7f9f2e37ef6b231aea8505081137bf0fa7a8b4fa82b1220cc
2023-03-22 19:19:59,True,0.1047,5.866e-05,511.366,0.03,0xec...0ae5,https://etherscan.io/tx/0xa7e12f524eb66c867b255b039997dad6a35dfaa4d2266206a2586bfd997cce19
2023-03-22 19:18:47,True,0.1045,5.865e-05,878.761,0.0515,0xa7...20f9,https://etherscan.io/tx/0x038cf10987689acc1ad29ba8830d7b7fa14708cb8cf9fc0ba15680ede462b4e4
2023-03-22 19:17:35,False,0.104,5.833e-05,5000.0,0.2916,0x68...9c18,https://etherscan.io/tx/0xb920102910124d296da8c58da8da4c18ab9631e28f8e36285731bda974d27339
2023-03-22 19:15:47,False,0.104,5.839e-05,4000.0,0.2335,0xf5...ca01,https://etherscan.io/tx/0x52a39e9d1792df67918f4e7bf6e93e1f6532b66e3f0054c6b8bf068b1c4ff4d2
2023-03-22 19:15:23,True,0.1046,5.875e-05,3996.11,0.2347,0x33...620d,https://etherscan.io/tx/0x62c84f64783d07f53a2204a843ba61967d7748b0e96842bb71ebf1cf037b4671
2023-03-22 19:14:35,False,0.1041,5.842e-05,8316.35,0.4859,0x30...f18a,https://etherscan.io/tx/0xf8d4f4134936f6642b4a482312ba8dac7a43126c0a2018c4940b5ea2a5ee0070
2023-03-22 19:13:47,True,0.1047,5.877e-05,9107.28,0.5352,0x1e...5bff,https://etherscan.io/tx/0xa08a643adfa12fb1fde66d25e80a10659ba1504d6bb10162e8cc98266f9e6cfb
2023-03-22 19:11:35,True,0.1047,5.868e-05,4135.23,0.2426,0x56...828c,https://etherscan.io/tx/0xb3b059582cafedc2794478324201d461957959d235168eb13225b748f3480d89
2023-03-22 19:11:11,True,0.1046,5.863e-05,2296.36,0.1346,0x51...551d,https://etherscan.io/tx/0xf178baa7d449ff2ca6155e8cd69aea9eaa7764fc4e1a364b145803ea43858079
2023-03-22 19:11:11,True,0.1045,5.857e-05,6241.0,0.3655,0xd7...a3b2,https://etherscan.io/tx/0x918f18c481d4d34931f59fefc11c23e7dd1f29dc8f9e93cc76ea234a9ed26a9e
2023-03-22 19:11:11,True,0.1044,5.852e-05,405.466,0.0237,0x42...cf69,https://etherscan.io/tx/0xbb3b8b265adf224236250f185b6f2e7c269238f6ce02fa3636cb7b990d63896e
2023-03-22 19:09:59,True,0.1046,5.852e-05,355.706,0.0208,0x4e...6be2,https://etherscan.io/tx/0x2e8348f7728d747fea159122e0aa727fd236c8394220d207cd5be27ac2e60fef
2023-03-22 19:08:23,False,0.1053,5.844e-05,39149.6,2.28809,0x76...7d5e,https://etherscan.io/tx/0xa7a6c17ce341ae9ea3c527fc3fafca9ea691581c2e86248ace98ac1d8cf83903
2023-03-22 19:08:11,True,0.1059,5.87e-05,52166.5,3.06231,0x97...aa4a,https://etherscan.io/tx/0xa47154436294c545a21165e1005779a4df83fddfd8e8a8fc71a4cf8476c4b001
2023-03-22 19:08:11,False,0.1047,5.799e-05,2000.0,0.1159,0xc5...661b,https://etherscan.io/tx/0x5d952e28f5ea7c89d1d1be73c0d85779c8f6cf25790c035c0ea5df0a0580a05b
2023-03-22 19:06:35,False,0.1067,5.901e-05,3739.02,0.2206,0xb1...d3af,https://etherscan.io/tx/0xaff42b50b77b1977ca040136d79eb265a8576201b4a1bd984e89b4b3feb3d587
2023-03-22 19:03:35,True,0.1057,5.933e-05,8831.98,0.524,0xf4...7cfb,https://etherscan.io/tx/0x972d32951156b46fefb7e8566e460d6637ab5e96132944d5aea7f4b31e35f876
2023-03-22 19:02:59,True,0.1054,5.925e-05,2068.42,0.1225,0xc4...d8b0,https://etherscan.io/tx/0xdea8490529c105d8a09118b403ca27be86b6a5739adeb64223f3cbc3af3f690f
2023-03-22 19:00:47,True,0.1064,5.922e-05,972.857,0.0576,0xf8...70cb,https://etherscan.io/tx/0x3da35864232e237a1029d5afc4d70b5c6738c964940fab0f414142f20ed56ef5
2023-03-22 19:00:35,True,0.1063,5.917e-05,7080.97,0.4189,0x9b...0acb,https://etherscan.io/tx/0x0e1314d3c61b9bee062bf80e04fd5a8c1125edbbfe21080bcbd897e4eee24fc1
2023-03-22 18:57:35,True,0.1054,5.908e-05,4950.85,0.2925,0x35...7981,https://etherscan.io/tx/0xee67c6b61eb11f4510f02fedf9a1281f95a6eaf7a176d9e3e6f71a9a52148adc
2023-03-22 18:56:59,False,0.1047,5.871e-05,2503.11,0.1469,0xb0...3ddb,https://etherscan.io/tx/0x721e311d25db983c3b04adae4e13a75ee8b880d3258974fab8ca737a9d2965a2
2023-03-22 18:56:23,True,0.1053,5.907e-05,1728.38,0.1021,0x0f...1cf4,https://etherscan.io/tx/0x370c5fe35df9524cb74c354c2ad8816f2a105524f2e0d3fa2fb5caed6ff11d69
2023-03-22 18:56:23,True,0.1052,5.897e-05,11292.3,0.666,0x56...6e60,https://etherscan.io/tx/0x7ac7deafa168a60d9502ec22bdeddce69be8b07b2a350cdd2d8a272bdce6aafc
2023-03-22 18:54:35,True,0.105,5.888e-05,1698.22,0.1,0xc4...7929,https://etherscan.io/tx/0x713bce1917137b23ccb90e3f7b4391d27a34e60f6af56b95518547965fdc896b
2023-03-22 18:52:59,False,0.1048,5.88e-05,39650.0,2.33156,0x92...4a33,https://etherscan.io/tx/0x7bd461c473298c4b606b451d5ba10471599c9b1f27442f26ac0b9e508ed619f7
2023-03-22 18:50:11,True,0.1056,5.943e-05,717.11,0.0426,0x1e...ce33,https://etherscan.io/tx/0xe6d6f97d35dbe5343e1d12aea5feb32fc76db4e7da1e7318723147e70d69db46
2023-03-22 18:48:47,True,0.1056,5.942e-05,1003.28,0.0596,0xe6...7380,https://etherscan.io/tx/0xa46f4502ea12f631eff01e40b2c5b66ba106eeda9de04982f0a88847b53badcd
2023-03-22 18:46:47,False,0.1053,5.916e-05,13848.8,0.8193,0x9e...3315,https://etherscan.io/tx/0xef15315e5f4dd2fb90a30f938f387cd87767df1cf054caa93f19d80e6c93da2c
2023-03-22 18:43:35,False,0.1056,5.93e-05,5154.5,0.3056,0x33...a578,https://etherscan.io/tx/0x038a24589f3da5bbbe30c5fead462bdc1fb4e6390989c9151e3235b63c97c8fc
2023-03-22 18:42:47,True,0.1063,5.968e-05,864.509,0.0516,0xdc...a56f,https://etherscan.io/tx/0x139b6ac3aa940cb5569baf47beab867a2e850219da15fa6034aa228bcc770a88
2023-03-22 18:40:59,True,0.1063,5.967e-05,498.296,0.0297,0x9b...55d1,https://etherscan.io/tx/0x14321f6a3cec90316a13cdd2e954be663d15f37998f68101a79019f45e212b1a
2023-03-22 18:40:35,True,0.1062,5.964e-05,4321.12,0.2577,0x52...ef6e,https://etherscan.io/tx/0xbf44c4ea56a80852aba4adf962934eb755ed83314167311d22f960e1a4eeaede
2023-03-22 18:40:23,True,0.1062,5.96e-05,1280.59,0.0763,0x2e...b876,https://etherscan.io/tx/0x5ac809efab4809ec78dd60be3c3995b21bd6e98d8ad2bb841d6a071db269f2b3
2023-03-22 18:39:23,False,0.1058,5.936e-05,17928.7,1.06436,0x5b...c817,https://etherscan.io/tx/0xfd7ee832e1db631794c7370d4aa315558c770bfba48dfce446cdaa88f9fdae6e
2023-03-22 18:38:23,False,0.1062,5.959e-05,14000.0,0.8343,0x90...b5d2,https://etherscan.io/tx/0x2619f2df5b4b3b0b29181cf3bebdf9bc35c5ad35431d83393907300d4bd0d471
2023-03-22 18:37:23,True,0.1068,6.005e-05,924.345,0.0555,0xc7...6a73,https://etherscan.io/tx/0xf39d0e9333c9945a77038556ef7775bd37e06b46ea4327faeda0d0d35b0cbc71
2023-03-22 18:37:11,True,0.1068,6e-05,5870.88,0.3522,0x55...ce90,https://etherscan.io/tx/0x2f32844bcefd7dc2ad97cf95b336cb4fa50a980db17ac29e76fa037e1381f532
2023-03-22 18:32:35,True,0.107,5.994e-05,1751.55,0.105,0xed...b4db,https://etherscan.io/tx/0xc66ae6e3187cc06ee3015876df21a336932fbcaa102277440b00ed3181390e2c
2023-03-22 18:31:11,True,0.107,5.992e-05,1654.23,0.0991,0xf7...8912,https://etherscan.io/tx/0x1101dd4cfabf8ef87e4c4ceaad4e40875213f6ce2ece9af148c81b563fbbdf5e
2023-03-22 18:30:11,True,0.1068,5.99e-05,879.997,0.0527,0xc3...8513,https://etherscan.io/tx/0x20a24dbb9e5b20dbffc4ffbecd0c8cd12daa2d8995fcaeca20938f06223b51ae
2023-03-22 18:29:23,False,0.1062,5.954e-05,300.0,0.0178,0xe8...d181,https://etherscan.io/tx/0xf75ac158be6ca6312db99facfcde38f0725b28d797a205cae2f4df1b0683f7eb
2023-03-22 18:29:23,False,0.1066,5.974e-05,27794.1,1.66058,0x88...2679,https://etherscan.io/tx/0xef29a0ec043d65f0b4d378666f3b9edb3421e920db2da2420508e3f83d3a74af
2023-03-22 18:27:35,True,0.1075,6.029e-05,2609.25,0.1573,0xdf...1559,https://etherscan.io/tx/0x78d1e2158fb2e30fd7b2905ffbf522b94d11590d9b1b9a8bc3f7ffd79df78bef
2023-03-22 18:27:35,True,0.1075,6.025e-05,1923.37,0.1159,0x4f...016e,https://etherscan.io/tx/0xc94dacc81b4652091fcb1eb11a7d85c50bb9a29e199005431144c4ed8c2728d0
2023-03-22 18:27:23,True,0.1073,6.012e-05,16300.0,0.98,0x75...4614,https://etherscan.io/tx/0x57de536f920dd51865388eed155c11c26d06fbb800767de54b1fe3c6ab47be5b
2023-03-22 18:26:35,True,0.1071,5.999e-05,550.158,0.033,0x44...807b,https://etherscan.io/tx/0x48578b36998014da50127de9ca62df0215e42f9864273aa7627a076845a7e069
2023-03-22 18:26:23,True,0.1068,5.987e-05,16702.5,1.0,0xc8...5961,https://etherscan.io/tx/0x769471f6d8cf29ac1b2b670e1fab9f08b5126f3d6659dba3f6a6d34127653cfb
2023-03-22 18:24:47,True,0.1063,5.955e-05,27175.0,1.61828,0x7f...18eb,https://etherscan.io/tx/0xa743419492d1599ca51769024099f4e26ac0e2cfa9400d27f1ef37032a47b623
2023-03-22 18:24:35,False,0.106,5.935e-05,50000.0,2.96797,0x5c...c5d5,https://etherscan.io/tx/0x1bc8e218714aa2091d06f0f9373ad94e8032a7a58472de4cf8dbd01c5af11093
2023-03-22 18:23:59,True,0.1066,5.978e-05,40505.7,2.42161,0xe8...3cfa,https://etherscan.io/tx/0x8558262f7cf69d05f4a93b8fc8d4a81db1beead58823d0d4577d7972c6765ed2
2023-03-22 18:22:59,True,0.106,5.948e-05,743.232,0.0442,0xc2...eb9a,https://etherscan.io/tx/0x677daf3f15e8918ab2646091c16043127a0a5c4b4a2ce433a83b5801d827c096
2023-03-22 18:22:47,True,0.1056,5.925e-05,30284.4,1.79459,0x00...0906,https://etherscan.io/tx/0xee7ec694dde40d80d166a76f176059bf2ee1d0463dbed5cc70a59a954b7b41bd
2023-03-22 18:22:47,False,0.1052,5.904e-05,50009.7,2.95283,0x63...00e4,https://etherscan.io/tx/0xa87f49c8645a97ffd6d7250d0bbc3917135861df76bddc054c65ad299ed46bcf
2023-03-22 18:20:47,True,0.1065,5.973e-05,4657.68,0.2782,0x20...b1b4,https://etherscan.io/tx/0x8888bf3532757df9e3f3cfb1235a573538aefc3aa8333168050d0981eb959d57
2023-03-22 18:20:35,False,0.1063,5.964e-05,42002.0,2.50519,0x82...7751,https://etherscan.io/tx/0xb990f0119438786e9309b37732e4ce1ccaf90fe8174911a248dd7ed810cd48d4
2023-03-22 18:19:59,False,0.1072,6.009e-05,19721.9,1.18524,0xc6...fed0,https://etherscan.io/tx/0xe8f3747de6231bf1994a169ba1f00d6044e1e7d529efeab92e7b560cce90f5f6
2023-03-22 18:15:11,True,0.1088,6.059e-05,1390.46,0.0842,0x1a...4ddd,https://etherscan.io/tx/0x019c287fc75380d16d90a3c50547b95c96da91328171cf17c421740f6111e454
2023-03-22 18:14:35,True,0.1088,6.058e-05,152.68,0.0092,0x5f...bfb5,https://etherscan.io/tx/0x0c1f3f06f790d431390db03a370324ab3e5773f66cdb1667086b96f65e204795
2023-03-22 18:13:47,False,0.1086,6.046e-05,33333.0,2.0156,0x13...37f7,https://etherscan.io/tx/0xd8cbda44fea65ebbb19ffc807753a439bab9ea097b3c07c11e1ea4a0fba2a3ac
2023-03-22 18:13:23,False,0.1091,6.071e-05,200.0,0.0121,0x1c...6972,https://etherscan.io/tx/0xdc1c60ac39217949eee99e1b30a3770bcafa515187fa05bbb3eb6feaffcba1c0
2023-03-22 18:12:47,True,0.1097,6.107e-05,1103.59,0.0674,0xd0...7f53,https://etherscan.io/tx/0xd78cf22a0c8a780f2c8fbf5cc37663bebfd5fdfb030d2bb7c75afdcd716738bb
2023-03-22 18:11:35,False,0.1095,6.089e-05,25000.0,1.5223,0x5c...c5d5,https://etherscan.io/tx/0x32a2e7e587cb970656e779d41a3831a8e2c6ea57c545cc542bea277c099201bd
2023-03-22 18:11:23,True,0.1104,6.138e-05,8000.0,0.4911,0x29...232d,https://etherscan.io/tx/0xd1b1a639d149130ae76547a76d139974f44b07f33e882dd1bd21f9a50acc7e16
2023-03-22 18:10:35,True,0.1102,6.13e-05,2586.98,0.1586,0xfd...18c6,https://etherscan.io/tx/0xa89c44a8fb15cd4d11f6255329b410061fdbaac539b20363b190f977f9b3db53
2023-03-22 18:10:23,True,0.1101,6.126e-05,2936.62,0.1799,0x94...3ef0,https://etherscan.io/tx/0x7db236792afdf01408d846a169cdf13293ed18fed65892fcc999bb4e1dd677cc
2023-03-22 18:10:11,False,0.1099,6.11e-05,30000.0,1.83309,0x13...37f7,https://etherscan.io/tx/0xa9c28f693d3e9d27c65c06a5091c8d3b90b8dd4686cf735a164c40c96294c100
2023-03-22 18:10:11,True,0.1109,6.169e-05,481.999,0.0297,0xd7...4632,https://etherscan.io/tx/0x200d14201d285e87ac683302c320cad067ab277a5e8e7469e6dda608e139e438
2023-03-22 18:09:59,True,0.1109,6.168e-05,707.037,0.0436,0x02...1a47,https://etherscan.io/tx/0x02c319dcfd8805ba9c415ff723e17ae0fc914e7157856cb80cd9d48f2917815c
2023-03-22 18:09:47,True,0.1109,6.168e-05,88.9696,0.0054,0x4b...cc72,https://etherscan.io/tx/0x3b3d86cd401a51a61ce74bfad01bbf58ff0c13dbc30cd90c421f82fd8909f08a
2023-03-22 18:07:23,True,0.1107,6.157e-05,14006.0,0.8623,0x0e...25a2,https://etherscan.io/tx/0x5c8d3b27fcbd0340bc1d5705e843378793071fc04b34e2d99199212b3e0f1473
2023-03-22 18:07:11,True,0.1106,6.145e-05,2000.0,0.1229,0x06...aba6,https://etherscan.io/tx/0x998ec0ba2938497cb35ff1b18960bd59f8fac4be4029a00a81177d2fff5e0175
2023-03-22 18:06:23,False,0.11,6.11e-05,4714.54,0.288,0x21...fb3d,https://etherscan.io/tx/0x10481472dec3ff4f2654ef8a59fa822d3e9dc55ffc10ff2e2181610232258959
2023-03-22 18:05:35,True,0.1105,6.143e-05,8873.65,0.5451,0x82...fe09,https://etherscan.io/tx/0x84b9246b0deabbc1b865ab8f0c5d3f4f14f8d1cd64fe6d8803c63af895ab7752
2023-03-22 18:04:35,True,0.1104,6.134e-05,4146.15,0.2543,0x30...f18a,https://etherscan.io/tx/0xa4423ddb86a7a92f51b14e14e1774802d3c5cbb72fa340f0bed0b2602a27a58e
2023-03-22 18:04:23,False,0.1097,6.094e-05,700.0,0.0426,0x76...2a42,https://etherscan.io/tx/0xc88de7863a0d246acf79c997f0487be038710bc853ab835b71e9885f1a3b80bd
2023-03-22 18:04:11,False,0.1097,6.096e-05,1250.0,0.0762,0x2f...89b8,https://etherscan.io/tx/0x900156c7e437d33616d57b15d3f649c7780cba7d9f11986f2fbfef0a1f751474
2023-03-22 18:03:47,False,0.1099,6.106e-05,11943.1,0.7292,0xc7...a04f,https://etherscan.io/tx/0x5cfbe27d7c866d8795cd15bf804872e21ad234d5d7630482e0ef84980876eb9c
2023-03-22 18:02:59,True,0.1106,6.143e-05,11456.4,0.7037,0x52...46c3,https://etherscan.io/tx/0x5faf027ed92a21b4ac4bece891291d5eadd6aecf572e93f79d15d3b9860c1b61
2023-03-22 18:02:59,True,0.1099,6.106e-05,36286.9,2.216,0xf3...0912,https://etherscan.io/tx/0x4a1b3e0c95807b7622ece7f22e2129a7c3139eed073b29c858da0bad73f21410
2023-03-22 18:01:59,True,0.1095,6.079e-05,8.15238,4.956e-05,0xb5...aa3e,https://etherscan.io/tx/0xdb2c190e2282427a09bd8bcb2f89dd78e39d5da24a5ad70fe20395c4f50d47f7
2023-03-22 18:00:11,False,0.1089,6.043e-05,700.0,0.0423,0x82...1de4,https://etherscan.io/tx/0xf7fe7717c9ef1021870e2c5ddd59ca3bedab2e992e6b916b6f8c5199ec4ef8d4
2023-03-22 18:00:11,True,0.1095,6.078e-05,2710.25,0.1647,0xd4...8e03,https://etherscan.io/tx/0x538ed30badbfce20cb10b4643a6fb6e18e74d30798050ad81a673daf67f96630
2023-03-22 17:58:47,True,0.1095,6.076e-05,424.157,0.0257,0xda...29dc,https://etherscan.io/tx/0x4714c517fca1cbec3dee0bd35c09c44b85b5926033e88ffd2b57ca99ec8ff11b
2023-03-22 17:58:11,False,0.1093,6.065e-05,34376.3,2.08499,0x58...3f6d,https://etherscan.io/tx/0x79764763eed92241e66765f766720c86921ac0645017366c71bbc120f99922d7
2023-03-22 17:57:47,False,0.1098,6.094e-05,5000.0,0.3047,0x3c...3f13,https://etherscan.io/tx/0xbe4ed538280ce2e89f29109cd5df8ea1ff38f7c37f311bd2fc600c2fcae7e54f
2023-03-22 17:57:23,True,0.1105,6.135e-05,186.936,0.0114,0x90...8bc5,https://etherscan.io/tx/0x355468794d041009447b170f15dae0631f0bec89612c02090d5590efe817bd26
2023-03-22 17:56:59,False,0.1099,6.099e-05,2000.0,0.1219,0xdd...2a74,https://etherscan.io/tx/0xafb40b7b2e62b470b2ef1d9f41e38c2ef4f0f7703cfc93b7b7206bedaa060fc5
2023-03-22 17:56:47,True,0.1109,6.137e-05,705.476,0.0433,0x8c...4d99,https://etherscan.io/tx/0x103170d1a4af328e3c28d482aaba9d07c0f956efcfa4ad29480b533bf08c136d
2023-03-22 17:55:35,True,0.1106,6.136e-05,107.172,0.0065,0x1d...8d72,https://etherscan.io/tx/0x34bc15dec9f7a33c145198e611bc1ae0669e290b324d5378deb5e1c8dbe878fd
2023-03-22 17:54:23,True,0.1106,6.136e-05,1001.59,0.0614,0x57...3aca,https://etherscan.io/tx/0x6d4c94da059335901f09ffd871a4c604a1126b01bfaa39ded8eb165704431d45
2023-03-22 17:54:11,True,0.1106,6.135e-05,226.199,0.0138,0x22...ebc0,https://etherscan.io/tx/0xec0bb8547add5ffa0d681d58f6f6dec7354694a338521aa81bd856a2ce09f00c
2023-03-22 17:53:59,False,0.11,6.099e-05,1861.09,0.1135,0xeb...47ff,https://etherscan.io/tx/0xaaa9ee273a388112c1047c8a5c8a9970038e20adbbb851c69314cc4193dc0a76
2023-03-22 17:53:23,True,0.1107,6.137e-05,122.807,0.0075,0x6c...0f9b,https://etherscan.io/tx/0x48ede2d7dc3bd9d2b1967f19851f2e0bf3bba3914de3d668b1792290391185ad
2023-03-22 17:53:23,False,0.1102,6.109e-05,11000.0,0.672,0x39...81ec,https://etherscan.io/tx/0xe2d968de02a7ba95b5663bc85c65495e96952735aabf611da21951f5571322d6
2023-03-22 17:51:59,False,0.1104,6.118e-05,674.069,0.0412,0x1e...115c,https://etherscan.io/tx/0x00b21d2d4c15ad6d06260613eb4d588a23554d12107b189f777aaf7576094747
2023-03-22 17:51:47,True,0.111,6.155e-05,161.042,0.0099,0x5b...b1ec,https://etherscan.io/tx/0xc9b6457659adf720e83b2dee32be4283421ad9dc985ce77df010ae884cbe5e3a
2023-03-22 17:51:23,True,0.111,6.153e-05,2577.55,0.1586,0x18...b506,https://etherscan.io/tx/0xcac2b30fa539e593c885552aab28ed03ce6ae9a8539174c069d05b55f1b1b217
2023-03-22 17:50:35,True,0.1109,6.147e-05,5221.93,0.321,0x34...e687,https://etherscan.io/tx/0xb02b332f67944990d5bfc4a6aabea7bd467299cef633b17c182b057885f6fca7
2023-03-22 17:50:35,True,0.1108,6.14e-05,4143.2,0.2543,0xee...e133,https://etherscan.io/tx/0x2cc9f27db67bd3d13ab6e6b84ee684b22aeed2951ddb0774f1c48320b3f4d8f0
2023-03-22 17:49:59,True,0.1106,6.13e-05,8511.17,0.5217,0x95...1c49,https://etherscan.io/tx/0xfa48f8accc2c11fea46b0e6ae98b45c147a6ffd1ba06524977671aa1391324ca
2023-03-22 17:49:47,False,0.1099,6.089e-05,2973.03,0.181,0xe6...7380,https://etherscan.io/tx/0x2e4ede04a17f7d0f1fcdaa222ab6daa8fc392d3c2bfccb4713bcc7b2f200fd37
2023-03-22 17:49:35,False,0.1105,6.121e-05,39440.6,2.4144,0xb5...01b4,https://etherscan.io/tx/0xa0219c223c212006b54869ea59ff813749f72d7915458a5a6eb3301d08f33de2
2023-03-22 17:49:23,True,0.1117,6.188e-05,109.994,0.0068,0x0c...7306,https://etherscan.io/tx/0xd3a301db94601df56b1379d86c299ffd9457951986ac368e288eb090b5a1b07f
2023-03-22 17:48:11,True,0.1117,6.186e-05,3102.81,0.1919,0xbe...524d,https://etherscan.io/tx/0x724fa4dee0bb372e95af12ff9721a6796c7a102d039af8b9cb5af4471878b644
2023-03-22 17:47:35,True,0.1114,6.179e-05,5813.73,0.3592,0x47...5346,https://etherscan.io/tx/0xe84b7df2f0ac6f0944a63ed072769c0b1e276c8fa8affe3f5c8ce00bbcfca573
2023-03-22 17:47:35,True,0.1111,6.162e-05,16085.5,0.9912,0xe0...876d,https://etherscan.io/tx/0xc7c2267408bdb0281def39af295a9020b6e7089e07a320ea95aa471c3389dbe9
2023-03-22 17:46:35,True,0.1109,6.144e-05,7134.26,0.4383,0xdc...53e0,https://etherscan.io/tx/0xdc605e44bd46e1700f64dbf21990062724a9c3ad52ea3a4b79673c97f4b7359f
2023-03-22 17:45:47,False,0.1101,6.103e-05,900.0,0.0549,0xe8...d181,https://etherscan.io/tx/0x6d89b437cb4f17f73da235230f6978a912a5c224702ad5ae301148b0cfc03540
2023-03-22 17:45:35,False,0.1102,6.106e-05,3000.0,0.1831,0xcc...a966,https://etherscan.io/tx/0x9561939c1cfff7d92e67385422c723f407d8c28c1c12cfdc90dbc04fa90026b0
2023-03-22 17:44:47,False,0.1101,6.115e-05,8921.25,0.5455,0x84...6bc8,https://etherscan.io/tx/0xd161dc4076b7af170762bf1e50b4cf9f4ff3aaf77c32eb1ba09280ff79d3a710
2023-03-22 17:43:59,True,0.1109,6.157e-05,2012.39,0.1239,0x8b...143f,https://etherscan.io/tx/0x732c315b9cd5311b722c3932c88b5b7a0330a22e8216ff22ef803ed34d0e715f
2023-03-22 17:43:35,True,0.1104,6.128e-05,35489.4,2.17498,0xce...e1d9,https://etherscan.io/tx/0x96fc8f24a98b1f4ce10c650a4a37c32692c4b05f1e4b32b7a775c72b191d7255
2023-03-22 17:39:47,False,0.1105,6.134e-05,11224.9,0.6885,0xc6...fed0,https://etherscan.io/tx/0x30c0e108ae2a16ee55ca15559e4603896c40f302100bf1753fff8c41bdfbf01b
2023-03-22 17:38:35,True,0.1114,6.179e-05,432.663,0.0267,0xb6...beeb,https://etherscan.io/tx/0x95c0894716d57c1dc6841c15f38774ba9d88be884fa1a802241b9844d4fb85c8
2023-03-22 17:38:11,False,0.1109,6.147e-05,6740.33,0.4143,0xc5...fd4a,https://etherscan.io/tx/0x0e06ca2990495095d0b11eb8e36c22730d2252f7919325111fa792d57d96cc54
2023-03-22 17:36:35,True,0.1116,6.185e-05,4727.15,0.2924,0xb6...6cb6,https://etherscan.io/tx/0xf8d7ce7761938eaf9567c80fba322cd5beeb7d3d084aefd7a0e1d77befec0cc7
2023-03-22 17:35:59,False,0.1109,6.145e-05,400.0,0.0245,0x75...3b26,https://etherscan.io/tx/0x0e45385015c4ab45be6f69782f7216cd82d6070201b4891b7f8daabecf3d2d2e
2023-03-22 17:35:47,True,0.1115,6.18e-05,2842.38,0.1756,0x98...af7a,https://etherscan.io/tx/0xda49c1705aecae3d01b0c36f7fe8be04c937c840796aaa36f246e35db8442c58
2023-03-22 17:35:47,True,0.1114,6.175e-05,3377.86,0.2086,0x17...cdc1,https://etherscan.io/tx/0x8a0072a6d7c737b325f4440c3139e97b721e9bfb8988077f1855b3217b4084c7
2023-03-22 17:33:23,True,0.1114,6.171e-05,1927.3,0.1189,0xed...06b0,https://etherscan.io/tx/0x7080d867cd90811357fd867a8f63fb629cac3a3d77c959540b758ccc1856ed88
2023-03-22 17:32:35,True,0.1113,6.17e-05,221.957,0.0137,0x44...022e,https://etherscan.io/tx/0xea3ec6971abeb020a2d64c89f828b1f3d6d12738c61a1f0237b65e6d98117d6c
2023-03-22 17:31:59,True,0.1111,6.163e-05,9081.2,0.5596,0xdd...5778,https://etherscan.io/tx/0x147b2d6f8e5e91f8c62bb719e759e00e54653074abf62ddb3cc77c9ef4f210b0
2023-03-22 17:30:47,True,0.1109,6.153e-05,4027.51,0.2478,0x1b...6885,https://etherscan.io/tx/0x495369c8b27d05e1e739cc206a50151bcb93292d9aab12c4da5a1b350b1ed4f2
2023-03-22 17:30:11,True,0.1109,6.148e-05,2202.17,0.1353,0x10...c420,https://etherscan.io/tx/0x8c5d1a7aed3161eea23f53ae5bb1163244f84c4d1b97a568e0d31ce0cd1b4ead
2023-03-22 17:27:47,False,0.1103,6.119e-05,13198.3,0.8077,0xd5...9477,https://etherscan.io/tx/0x8821d75eb7cd07764186dd1bc9f2efbe8fef2567cf2fd0c310ba3f763480a358
2023-03-22 17:27:11,False,0.1106,6.134e-05,6740.33,0.4135,0xad...662f,https://etherscan.io/tx/0xa46f13c24e50d3efe3eb546b8b123f756eabedf61d982af20c05e0bf7867fd72
2023-03-22 17:26:35,True,0.1113,6.175e-05,2006.42,0.1239,0x8b...143f,https://etherscan.io/tx/0x1030c35d582fd8660c530363ed2f75795eaa0f9fc385b270b3575c2577f574d0
2023-03-22 17:25:35,True,0.1108,6.147e-05,34132.4,2.09838,0x78...4541,https://etherscan.io/tx/0x333a361445e35dce754590d21f06d03246afc205f2aa88a71e553e81df9a73e3
2023-03-22 17:25:35,False,0.1097,6.088e-05,4000.0,0.2435,0xc1...3cd3,https://etherscan.io/tx/0x6e820b74a62780d96c04e40bcf11dec42f44ddd179d226497edbd2d095440bc4
2023-03-22 17:24:47,True,0.1102,6.117e-05,12992.9,0.7949,0xa7...da9d,https://etherscan.io/tx/0x6f71c4fab13fbb86619ba833a3e2786cee85405dcc548ec1cbc112704d0326d8
2023-03-22 17:23:35,False,0.1096,6.084e-05,17262.3,1.05033,0x5b...ed17,https://etherscan.io/tx/0xf6d1a4911a0e1c41b2016298e1904f920e80accbd50644f56457371c453ca846
2023-03-22 17:22:59,False,0.1098,6.097e-05,521.738,0.0318,0xd6...ab1c,https://etherscan.io/tx/0x058019f18152b0602fe748aafd29fe4e1f70640339db36a0c6d8a8b7b1e001bf
2023-03-22 17:19:35,True,0.1104,6.133e-05,2282.62,0.14,0xa1...5f7e,https://etherscan.io/tx/0x80f7955a3769466c7c72976704bb363abc1d48a6885211e68f2847cbdce597b5
2023-03-22 17:19:35,False,0.1097,6.089e-05,1675.98,0.102,0x76...7d5e,https://etherscan.io/tx/0x1027d2a9d71d5b8e297f72dea76ef86a55d6af3ab3d7e2cc9117070bfbd9d715
2023-03-22 17:19:35,True,0.1102,6.121e-05,16335.4,1.0,0x12...94a4,https://etherscan.io/tx/0xecd22a10ea5042282e272712849db5b2934a292460b018ca6691cf1ec3659d19
2023-03-22 17:19:35,True,0.11,6.106e-05,4220.79,0.2577,0x2e...2bbc,https://etherscan.io/tx/0xd793df91d6fec4481f48b450b84bc1f9f7be06aa560161735c6791a47d655d07
2023-03-22 17:19:11,True,0.1099,6.101e-05,1900.0,0.1159,0xdf...a45b,https://etherscan.io/tx/0xf1482cb51ebd4712a67b6a325728786ce36aa1289bbb0c96346eb5b94c3c3c81
2023-03-22 17:18:59,True,0.1097,6.098e-05,1706.61,0.104,0x6c...2b44,https://etherscan.io/tx/0x41f4fb7179b853d8a61a6dd9ac59563897576b6c9ce5a7548f07867b958e26d2
2023-03-22 17:18:23,True,0.1097,6.097e-05,81.285,0.0049,0xec...c946,https://etherscan.io/tx/0x959a4d2ff4737c0ab5e82c171cc21c288f3b1518a0478c3cf557e303aff69e33
2023-03-22 17:17:23,True,0.1096,6.096e-05,807.121,0.0492,0x6d...94e4,https://etherscan.io/tx/0x1210565419cbc3edbfbc83dd5e9199c82acf8335184e354f042a9eab3e721689
2023-03-22 17:15:47,True,0.1096,6.089e-05,9442.09,0.5749,0x3b...ce91,https://etherscan.io/tx/0x812d81c16c86cce8176affee7eeb486a07f8fabda55b8c8cab57afc4b302546b
2023-03-22 17:15:35,True,0.1094,6.081e-05,978.027,0.0594,0xd6...0615,https://etherscan.io/tx/0xb2ff6f9c5a0b5a4e4e80626058737e85cf6c501a5ee6844b2786323d3d16c034
2023-03-22 17:13:47,True,0.1095,6.079e-05,822.4,0.05,0xe5...4f7c,https://etherscan.io/tx/0x1ed424f89e4170f371bddaf2d2fc3b61e8d2e5ba4207d251fee49e7a49f23ab5
2023-03-22 17:13:11,True,0.1093,6.068e-05,13883.7,0.8425,0xa3...95ea,https://etherscan.io/tx/0xdd5c4ba3c990fa81e02f658f6b53c3670d8b57769b99a4a6a74f82b2ca14241c
2023-03-22 17:13:11,True,0.109,6.053e-05,5894.54,0.3568,0x08...d0aa,https://etherscan.io/tx/0xc9745fcd247950ea3a386e8f32038a0174060eb15f59d70aac7080c632b3eecf
2023-03-22 17:13:11,True,0.1089,6.048e-05,966.867,0.0584,0x61...5cae,https://etherscan.io/tx/0xd16f06ce68d9889ea2b4534499ccf0fea741c90db7975209c0b4aad0ef673049
2023-03-22 17:13:11,True,0.1089,6.046e-05,2260.66,0.1366,0x58...c34c,https://etherscan.io/tx/0x44d20ba998b351ddb46793bee3d744dd91b32e627d8050ab41a893cc95ddc5c9
2023-03-22 17:11:11,True,0.109,6.043e-05,2148.8,0.1298,0x04...f68f,https://etherscan.io/tx/0xc68cca791ecedfbd0b6c7bbab85258aeff16ab9c08fb65c1fdb3231d4b7ef6ae
2023-03-22 17:10:47,True,0.109,6.039e-05,3092.75,0.1867,0xa0...5dbd,https://etherscan.io/tx/0xfb992d013427dd2bbbfdb1bf31eb9fc6acc76868129b44937439a93411afd50e
2023-03-22 17:10:35,False,0.1083,6.002e-05,2000.0,0.12,0xf2...5f1b,https://etherscan.io/tx/0xf2717481f8953be5fc8725f915a95c9c4ceb8a759e4bd624f1cfc095b1f8c8a9
2023-03-22 17:10:11,True,0.109,6.036e-05,4704.83,0.284,0x19...d53d,https://etherscan.io/tx/0x5d391ff3259dce689d9e2544292ca7303b6d39a5544d937a6cf32bf18c21b7f5
2023-03-22 17:09:35,True,0.1089,6.032e-05,936.667,0.0565,0xa6...d981,https://etherscan.io/tx/0xb940ced8b7b7ef68bbc65e4992b88492feafb9947f9e956b970fbce2b5e8a9b9
2023-03-22 17:08:47,True,0.1088,6.024e-05,9049.15,0.5451,0x1b...f05e,https://etherscan.io/tx/0x71a73374ad334c7cda21f84a40f893d83d643350a647d92bcaef0562fadc11fd
2023-03-22 17:08:23,True,0.1088,6.017e-05,125.173,0.0075,0xc5...f39f,https://etherscan.io/tx/0x1cee6ef39e3777da3522ad9029a91ea1d43fa890ca33252e054e776ecdddd291
2023-03-22 17:07:47,False,0.1081,5.982e-05,1000.0,0.0598,0x1b...ea67,https://etherscan.io/tx/0x34e3013e8f143fdd8783162af167ceb95aa0686920cbfe1b56af1c1af634f99d
2023-03-22 17:06:47,True,0.1088,6.019e-05,387.057,0.0233,0x55...ce90,https://etherscan.io/tx/0x164e889909c9e88ced12712bc74a4c3b756bfb9aeda8712ca7afbbe81c0ce16f
2023-03-22 17:06:23,False,0.1081,5.983e-05,500.0,0.0299,0xdd...2a74,https://etherscan.io/tx/0xe32b9d8dc1604d8595da4b036f06d54499988d7fa7133bb678d838fd7c6f20da
2023-03-22 17:05:23,False,0.1085,6.002e-05,25649.1,1.53955,0x38...76cd,https://etherscan.io/tx/0x83a9df4347bd35d1969cd9f5ffb9e00ca09581d9e0082a6fd117ae724ea09957
2023-03-22 17:04:35,True,0.1094,6.057e-05,180.006,0.0109,0x41...be51,https://etherscan.io/tx/0x1c04967d869a80e9cbcdedacfb10befd786f4a2a20d9302d80e6df80cac0e256
2023-03-22 17:04:11,True,0.1094,6.056e-05,981.992,0.0594,0x19...004f,https://etherscan.io/tx/0xfe62a15b18b8fb9988f48bb06807a7d648dd1f6279e6e13a7c4fe804d8c0f136
2023-03-22 17:01:47,True,0.1092,6.052e-05,4094.2,0.2478,0x3b...ce91,https://etherscan.io/tx/0xb2f9c3beb1abff8ad45e27fac03b967d5c0ba3fb36ce1cebbcfcc970f897049c
2023-03-22 17:00:47,True,0.1091,6.049e-05,905.335,0.0547,0x5e...089d,https://etherscan.io/tx/0x66ad0ff9db153548f3a116da2d29da07625568f7bce4738fc515eab404614d5d
2023-03-22 16:59:11,True,0.1091,6.047e-05,588.576,0.0356,0x03...a9f8,https://etherscan.io/tx/0x0a523580b4193b413dc200b951827636ab0da5a70b4fcab2eef0c55578be7d93
2023-03-22 16:59:11,False,0.1088,6.028e-05,23340.0,1.40707,0x42...cf69,https://etherscan.io/tx/0xe2ec2fb6a897040cf94f3db465efe864f0cbf3025a9947088441bbac7744dc8c
2023-03-22 16:57:47,False,0.1091,6.046e-05,1000.0,0.0604,0xf1...573f,https://etherscan.io/tx/0x00988c10ecdbc223adc5d3f253d27fa57b7a481826b0c278e559b4d1fd662603
2023-03-22 16:56:47,True,0.1098,6.083e-05,814.738,0.0495,0x0a...c71f,https://etherscan.io/tx/0x7f1de3bf833c501e224abf05d9054310b527a243a27e75ecbc9bd2adc7d8762d
2023-03-22 16:56:47,False,0.1093,6.053e-05,10000.0,0.6053,0x1b...ea67,https://etherscan.io/tx/0x821f2217ecc0d6a6f639565f40812859ec6ce82a4d64bc5416e1e009fc05bfb9
2023-03-22 16:56:23,True,0.11,6.097e-05,804.763,0.049,0x71...4414,https://etherscan.io/tx/0x082213e6dcd5acaef1fb5ebf07c37aa1cf0bb7d20749393018aa3755d2792c69
2023-03-22 16:55:59,False,0.1094,6.063e-05,4743.33,0.2876,0xd6...95dd,https://etherscan.io/tx/0xc6624b5831a01864badafa46580c6be3aea60b9feed06bff63397ea5b6d07ab0
2023-03-22 16:53:47,True,0.1102,6.101e-05,2761.82,0.1685,0xf5...2788,https://etherscan.io/tx/0x3eee81c3691b2759b49ebf0d0b2bc364d1224eecc755a3966e24e397fa4866c7
2023-03-22 16:52:23,True,0.1101,6.099e-05,487.575,0.0297,0xff...4f77,https://etherscan.io/tx/0x1b9cb7e998f35627a3fcb0f57645d9574e7bac9178bfe7806ef958d7b5b205f0
2023-03-22 16:51:47,False,0.1094,6.062e-05,624.0,0.0378,0xe5...1e1e,https://etherscan.io/tx/0x0459ba424cce0836b357eb816bee9946c9261165642d5c5368858bfb74b415cb
2023-03-22 16:51:47,False,0.1094,6.063e-05,1000.0,0.0606,0x56...e95e,https://etherscan.io/tx/0x81efe08ac82c5cdb07ee76b3de5c515d14053168cdee71cf7fc2df840aa8a4b0
2023-03-22 16:48:59,True,0.1099,6.099e-05,2475.24,0.1509,0x8f...ab75,https://etherscan.io/tx/0x8f5702fca6920d09bc68946d74081d69cbda6cdcc52e0592909cdf3b5b585c0f
2023-03-22 16:48:47,False,0.1093,6.062e-05,1600.0,0.0969,0x64...4a4f,https://etherscan.io/tx/0xbce064b2de6d16e678b5280b5f73d7b8c60da5a0a285ad2967408811005b47e6
2023-03-22 16:48:11,True,0.1101,6.097e-05,3133.59,0.191,0x19...3ad3,https://etherscan.io/tx/0xf682ea968af7438646950cd89d8aee24bdb62ac012ba75f3d55bd173f7fea59e
2023-03-22 16:44:59,True,0.1103,6.092e-05,3076.56,0.1874,0xc1...a79c,https://etherscan.io/tx/0x6eb417f67d147b6da8727ceea23c10ad1c6f330521148b635a41a34e1199a01d
2023-03-22 16:43:47,True,0.1102,6.083e-05,9040.69,0.55,0x11...f293,https://etherscan.io/tx/0x311cae0052c559254d698265adc2717ade8f249fcc9b300f501580f2328c1216
2023-03-22 16:43:35,True,0.1099,6.071e-05,7265.37,0.4411,0x27...b5f1,https://etherscan.io/tx/0xd58d7edf9ebc1ed40c179cc55b4f05c3ad8308b2b06f9d1ac32a7264cb522fa4
2023-03-22 16:43:23,True,0.1098,6.064e-05,2369.11,0.1436,0xc8...f89c,https://etherscan.io/tx/0x336688914276f60f98fbd99f8cb1c9a23dd94b74acb7523cbe44ae590d272e1f
2023-03-22 16:42:47,True,0.1098,6.061e-05,886.725,0.0537,0xf6...068d,https://etherscan.io/tx/0x622141cd68dd87989179f09000b39be20d5f6fc668fbd0c0119bb055be9749b9
2023-03-22 16:41:59,True,0.1095,6.053e-05,10134.3,0.6134,0x76...7d5e,https://etherscan.io/tx/0xfb76bd704ef71aa26e4277ce62e5e0f53ff1cefad9c22783cc2a1339b86d422b
2023-03-22 16:41:59,True,0.1093,6.039e-05,7958.87,0.4807,0x76...7d5e,https://etherscan.io/tx/0xfb76bd704ef71aa26e4277ce62e5e0f53ff1cefad9c22783cc2a1339b86d422b
2023-03-22 16:41:47,True,0.1089,6.017e-05,21848.1,1.31478,0xca...1137,https://etherscan.io/tx/0x796b427b76f40e702b4e2370dabdf7bb031c0e00683976e5f9cd3586a8548086
2023-03-22 16:41:47,False,0.1093,6.039e-05,100000.0,6.03984,0xaa...36aa,https://etherscan.io/tx/0x23324c418c91f3fd7c1addd1d5d5dc7d0f9bf8eeab6af88d4883fb9694e22bcd
2023-03-22 16:41:47,False,0.1109,6.131e-05,21444.7,1.31478,0xca...1137,https://etherscan.io/tx/0x7fb0fc26f55783d36e3b5267178e726db9f3082c747c1e1da3d2ba85b5c44ca4
2023-03-22 16:40:59,True,0.1118,6.176e-05,9628.55,0.5947,0x95...1d95,https://etherscan.io/tx/0x42f091df2616e4c7ac35c4f75e817c918597f104b6b97cc241a846272f2f5e7a
2023-03-22 16:40:35,True,0.1114,6.154e-05,19711.0,1.21309,0x88...ad4c,https://etherscan.io/tx/0xbdd5f77373201c823d39ef12cce548757a4f1a639c1299c776524297ccea57b6
2023-03-22 16:40:23,True,0.1111,6.137e-05,2436.67,0.1495,0xad...b5f0,https://etherscan.io/tx/0x6a93c71815147e70ae856da9fe1ace4a9bf8cd8495c4c7b0633d451ab7082fcd
2023-03-22 16:39:35,True,0.111,6.133e-05,2644.85,0.1622,0x90...fb10,https://etherscan.io/tx/0x3ccc505a68feca750e92f8121822678c9b93f2046c718d1ee7ddbaf9bd40334d
2023-03-22 16:38:47,True,0.1108,6.129e-05,3251.96,0.1993,0x71...6e3d,https://etherscan.io/tx/0x40daa0f5c82c341ca2831bc7eb4c011b1e676a4e7dce6d9176ce8f35ec524b55
2023-03-22 16:37:59,False,0.1105,6.108e-05,25000.0,1.52722,0x88...9032,https://etherscan.io/tx/0xf60ea89ed09d442348ad90a9bfaa50ac2de599435064f6624b95c903046f72bc
2023-03-22 16:37:35,False,0.1108,6.13e-05,3000.0,0.1839,0xb4...0002,https://etherscan.io/tx/0x0c5985980772682270451236edcaf89f5906ae244f26c7ff92cf5565fc697b4e
2023-03-22 16:37:11,True,0.1115,6.169e-05,465.98,0.0287,0x3b...ce91,https://etherscan.io/tx/0x7feaf5a64536939e9ff0632b6703a394c2e7e97bd4f85d896fdb66ed311b0ef1
2023-03-22 16:36:59,False,0.1112,6.143e-05,14840.8,0.9116,0x76...7d5e,https://etherscan.io/tx/0x212616167e3dc13b8df05a0d89ebdae267a4c2b2a856fb49f83882b8a6c06c63
2023-03-22 16:36:47,True,0.1117,6.166e-05,32148.7,1.9825,0x9d...22e2,https://etherscan.io/tx/0xfbfb9b6a111607d2c853d4b88c09bbf8f789a2b8e391133d1f9ecc655836bd0d
2023-03-22 16:36:35,True,0.1112,6.134e-05,9780.64,0.6,0x3b...612e,https://etherscan.io/tx/0x3586277d5c256d087badb0dae2e469e1c66a70ba21d43625b379ec938a0328ba
2023-03-22 16:35:59,True,0.111,6.122e-05,5990.34,0.3667,0xa1...1768,https://etherscan.io/tx/0x915ef8fd62e8abc4fc8744ba0f98c0a8cf5ef0f8d3ef0014c81e220dc0883fca
2023-03-22 16:35:59,False,0.1119,6.171e-05,117497.0,7.25099,0xda...34e3,https://etherscan.io/tx/0x7384b81ab13d1dadc517e661f11a0effff9febdbb688f44b3f282607c828cc68
2023-03-22 16:35:59,False,0.114,6.286e-05,30620.2,1.92489,0x76...7d5e,https://etherscan.io/tx/0x19942c161e9951a98c81870e35f374292ba5252693259cdea3a0b124277b84bc
2023-03-22 16:35:59,True,0.1127,6.212e-05,173039.0,10.75,0x32...38ec,https://etherscan.io/tx/0x0f79ab224f8d95677b4586c23b61464b259e6aa27ac80a9ecfa3343f465f7fbb
2023-03-22 16:35:35,True,0.1102,6.078e-05,1467.66,0.0892,0x13...40f8,https://etherscan.io/tx/0x004cf9b5503d8c2bd68871a37458ca0f3d294f6800c6d59c27dfadd117259de1
2023-03-22 16:34:47,False,0.1096,6.041e-05,500.0,0.0302,0x45...5e41,https://etherscan.io/tx/0x383902308ae5f1964de55c6f3f9f687fdc41f899e63e76e7c9fd5d59eb56c506
2023-03-22 16:33:59,True,0.1102,6.072e-05,7298.53,0.4432,0x2e...f345,https://etherscan.io/tx/0xe1d42f5cc405767f277df3b85ea86d91fe2610132553dc5e49dd724f14f52c76
2023-03-22 16:30:59,False,0.1094,6.034e-05,4556.7,0.2749,0x00...6bba,https://etherscan.io/tx/0xa89b48570295b4e021b54c4bf5eac10bbe86309c7fb1714e9c4cac97239a17cf
2023-03-22 16:30:35,True,0.111,6.12e-05,16892.7,1.03387,0x04...b00b,https://etherscan.io/tx/0xe2879b566f41015b81e270f4e6e4e441095b2517e5016556b0fefab3fa84696e
2023-03-22 16:30:35,True,0.1105,6.095e-05,16406.8,1.0,0x8b...cf33,https://etherscan.io/tx/0xbfe6e73cac16cc50f5c2e43642d75be49493f677681bf2db1d9aa2420434894d
2023-03-22 16:30:23,True,0.1092,6.023e-05,1212.48,0.073,0xfc...74ec,https://etherscan.io/tx/0xe828a5acca154e308d2ca21470b4973e5b8c0a92efc27cb28ac6071b97f980f8
2023-03-22 16:29:35,False,0.1085,5.987e-05,1489.89,0.0892,0x14...b10d,https://etherscan.io/tx/0xac246921c469661e452eda03fc6b5340e332f5f692e7c103bb45c1553a54da02
2023-03-22 16:29:23,True,0.1092,6.023e-05,1364.22,0.0821,0x22...ba5b,https://etherscan.io/tx/0x6139d8b0ea5c57cb9ecc7f90a623f89127022afd70f396f34d316c9321c76869
2023-03-22 16:28:35,False,0.1087,5.994e-05,11300.0,0.6774,0xda...2193,https://etherscan.io/tx/0x9c062221c9a834ffee95fedecf4c202d81f871c1b3b725ff47c2440d500df88e
2023-03-22 16:24:23,True,0.1095,6.032e-05,8685.51,0.5239,0x97...4131,https://etherscan.io/tx/0x8448bed66e0e277e56a3cf72011ce2f24d3ba2ce57ba511464d30bd8dabeb9fc
2023-03-22 16:24:11,True,0.1093,6.021e-05,6905.68,0.4158,0x6d...c04e,https://etherscan.io/tx/0xec259a2c6fb97fe368530989f1c3182cc36ffd4764e7f5d8f18082148809e671
2023-03-22 16:23:23,True,0.109,6.004e-05,16347.1,0.9814,0x45...53df,https://etherscan.io/tx/0xc162eaa87d5165c75cf91b24c1fc1663e21719530e6b598b86a7eeae1d58baea
2023-03-22 16:23:23,True,0.1087,5.989e-05,2995.53,0.1794,0x2a...4685,https://etherscan.io/tx/0x4b0a6c31c22cfeb1c2aa63dc53b2095e6512e66ff14c5cd02f691c8d9a3e2c49
2023-03-22 16:23:23,True,0.1087,5.985e-05,2505.94,0.15,0x97...dffa,https://etherscan.io/tx/0xc61a8ccb4511a36176038c8cda4aeced4f741b082fba7dcacda9bc49b660fdfc
2023-03-22 16:22:47,True,0.1086,5.982e-05,1656.86,0.0991,0x9b...4f49,https://etherscan.io/tx/0xd4f511167102a823e51cd1a0eed064b0a0af2ecc5bd0a6c7a9880f76e30a925a
2023-03-22 16:21:59,True,0.1085,5.979e-05,2824.3,0.1688,0xab...a23a,https://etherscan.io/tx/0x880d09777803dde8fd52689359fca041b9cb179092ba4893853189e9d8538e19
2023-03-22 16:21:47,False,0.1085,5.977e-05,49700.0,2.97104,0xa8...06cc,https://etherscan.io/tx/0xdd833096598005fa19037a40bcd231a3d35c42af8f29d38b6343b2b4890f9644
2023-03-22 16:20:11,True,0.1097,6.044e-05,7991.02,0.483,0x8c...d0b9,https://etherscan.io/tx/0xab399ea279b9e5fd9b967f5d5cd5832d9359b9020519b11c5ad65b39c0a64dec
2023-03-22 16:20:11,False,0.1092,6.017e-05,19827.8,1.1931,0xd7...a3b2,https://etherscan.io/tx/0x84659e052912b8eb35d82fa1449dae0ac22d6b5072f142f72d78cd0a41b22a40
2023-03-22 16:20:11,True,0.1095,6.034e-05,45460.0,2.74322,0xb5...81c8,https://etherscan.io/tx/0x9e7a78149049d8b90150158ad213ca79d5b3e6b13bc990bcd05cbb3a94148e33
2023-03-22 16:18:35,True,0.1088,5.995e-05,6943.88,0.4163,0x60...8452,https://etherscan.io/tx/0xba5a50b8df56541e00bf9eda22fefc2d0cf72c094974c89e27bfbee1f4e984ad
2023-03-22 16:17:47,False,0.1081,5.958e-05,5771.15,0.3438,0x6f...01c0,https://etherscan.io/tx/0xd3c7b619e92bbee55f0a7bd578e5bf35910847ee559c6ebfb3848300b3d669ba
2023-03-22 16:16:47,True,0.1087,5.99e-05,12019.9,0.72,0x78...9d1d,https://etherscan.io/tx/0xbea3c1274a2241bce1d641a0cc9e14335dcbbcbcfdd0bf336c1ef9e005f107ed
2023-03-22 16:16:35,True,0.1082,5.962e-05,26000.0,1.55017,0x95...9c2d,https://etherscan.io/tx/0xe54160a24d6697584d9c31c418e0f74be534211f037ba947ab493f6bff52015e
2023-03-22 16:14:47,True,0.1075,5.937e-05,7988.93,0.4743,0x6d...c04e,https://etherscan.io/tx/0x58fa37b29991db4d1dda6deec2ca620bbe76352e71daa57c98406e6701be049f
2023-03-22 16:14:35,True,0.1074,5.931e-05,37.6794,0.0022,0xd4...1e7b,https://etherscan.io/tx/0x2fdabc278dbfd7ccea8bd9bd95d00942a4f396237514b78e700e1c718950ebd9
2023-03-22 16:14:23,True,0.1074,5.929e-05,2360.92,0.14,0x69...c1c2,https://etherscan.io/tx/0xbb47ddceaefa415a407ce6aaae176a93badd259e1e77066cf806168feae13f54
2023-03-22 16:14:11,True,0.1073,5.927e-05,674.798,0.04,0x78...9d1d,https://etherscan.io/tx/0x036b5d97aec122704bf55a82bd004207fde07915e263f9089527c98fd23b853e
2023-03-22 16:13:47,True,0.1073,5.926e-05,1070.46,0.0634,0x24...eced,https://etherscan.io/tx/0xdf1f9d1a0e6395572f2500cd2f1e63db93b459852b99419a1f7cbe0e0caa16f7
2023-03-22 16:11:59,True,0.1073,5.923e-05,3419.53,0.2025,0xa2...d7c7,https://etherscan.io/tx/0xa3fe17690d5059aebe8e00ab49a20f1f257b300bee47dd76a42190869841cf4e
2023-03-22 16:08:47,False,0.1072,5.911e-05,36139.5,2.13631,0x74...d510,https://etherscan.io/tx/0x4c822e16614373aed3e4d8c7168c15e732e682d8fe9be412e6219c843772b19f
2023-03-22 16:07:59,False,0.1078,5.945e-05,10598.5,0.63,0xd3...2bf3,https://etherscan.io/tx/0xa349b77af7e536edee9b9044c1e1fa041957e25e74fc1b1b98631894f70ebf21
2023-03-22 16:06:23,True,0.1083,5.982e-05,9113.85,0.5451,0xf9...32d4,https://etherscan.io/tx/0x6ebd173149281b374074c2e6d28b9c75573a618063be743f18f428e8cfe2c108
2023-03-22 15:59:47,True,0.1067,5.929e-05,62772.6,3.72214,0xb2...3036,https://etherscan.io/tx/0x7f885012ce85b4e1faaf42a08a1d5ffe82d9f145e3a9babdc9e2d0c81458d5d6
2023-03-22 15:59:23,True,0.106,5.883e-05,1189.77,0.07,0x07...a12d,https://etherscan.io/tx/0x5c4f9c7db11b8aa9f2d27f692a67f22eda2495a7af49a8d8e8a188aba3302d77
2023-03-22 15:58:59,True,0.1057,5.866e-05,22357.6,1.31164,0x10...5200,https://etherscan.io/tx/0x14455209f253ffe49a517f7a471c3e672ecab784826715918f7f0d20af0318b0
2023-03-22 15:58:11,True,0.1055,5.847e-05,4275.19,0.25,0xf2...fe73,https://etherscan.io/tx/0xf1797e285c2568fa86021dad0479a4c94ea61a49f6e1d6982000e9cfbca07acc
2023-03-22 15:57:47,False,0.1052,5.841e-05,45000.0,2.62867,0x46...93a2,https://etherscan.io/tx/0xf8b3f8701731000634ed0f0e1c7e2bcca219b518b83a9fb9d40a9f4b53e7baf6
2023-03-22 15:57:23,True,0.1063,5.907e-05,2035.07,0.1202,0x91...325b,https://etherscan.io/tx/0xb8c642a68630798875790c1ba4e783deed4254e0aad24ce8005d175312f7664b
2023-03-22 15:56:47,True,0.1063,5.901e-05,6554.74,0.3868,0xf8...17dd,https://etherscan.io/tx/0x05c912c1c582d8e547ddf9fda5288c186611406d149acea1ed86787d1af5009c
2023-03-22 15:56:35,True,0.106,5.893e-05,3883.68,0.2288,0xf7...1b69,https://etherscan.io/tx/0xe0ef0cb0249f4d6e9a7ef82cdae383ef23b48a2fc21719256cbf94b98ebcdb25
2023-03-22 15:55:23,True,0.1061,5.89e-05,933.754,0.055,0x6c...73f8,https://etherscan.io/tx/0xb0ff4bdcb4983f65076194f825dcac496ce7cb58dcf9ee3f6017681e141b9dfb
2023-03-22 15:53:59,True,0.1061,5.889e-05,510.31,0.03,0x42...cf69,https://etherscan.io/tx/0x430d4a52106a31157a63e26a8e7135ab80fdb6e2890912a6b69f130381f608b1
2023-03-22 15:52:35,False,0.1054,5.854e-05,1500.0,0.0878,0x7a...effe,https://etherscan.io/tx/0x15f33b488467afcaa95d7a8593ff6fd9ec160a3be40157555e466253619aa894
2023-03-22 15:51:35,True,0.1067,5.89e-05,645.768,0.038,0xcb...c81d,https://etherscan.io/tx/0x4ead2604c8e0d9fed332568fbe710eb71624e129b942f1d9b03c8fb5a4ddd876
2023-03-22 15:50:11,False,0.1063,5.859e-05,7000.0,0.4101,0x96...2b56,https://etherscan.io/tx/0x483eafd87366b75bacb250579bce74e7f3e4336ace54afaeb1396d6cf2a70fb4
2023-03-22 15:49:11,True,0.1069,5.886e-05,19128.0,1.12593,0x5b...e303,https://etherscan.io/tx/0xe856eedb330e4d2f99f65513bb4cb4e9703b8b787bbc7d7fde94e458a4872366
2023-03-22 15:48:59,True,0.1059,5.83e-05,58896.7,3.43415,0x49...8380,https://etherscan.io/tx/0x0372b0e9a44f790d3ce32d210d6872e77dad3d0034ec2d75d8878638c02ec11b
2023-03-22 15:46:47,True,0.105,5.787e-05,2226.44,0.1288,0xc5...2813,https://etherscan.io/tx/0xb9dd944947cd15f93508811c122c9c3e7099f0f48261a91a823d7f75fb189a61
2023-03-22 15:44:59,True,0.1043,5.784e-05,2056.23,0.1189,0x4c...b735,https://etherscan.io/tx/0x28dc6ec25ef0739892c5296f33f49e45d0a8053a2a2e5e0f280e7cfa1b8add28
2023-03-22 15:41:11,True,0.104,5.783e-05,59.8376,0.0034,0x8e...5666,https://etherscan.io/tx/0xce0b8e477846b681c6273a853d11c6cc5a1db6cec3cea810a4398fd6a3ed8b3f
2023-03-22 15:40:59,False,0.1037,5.764e-05,23385.0,1.34813,0x39...a7d9,https://etherscan.io/tx/0x5eb4daf895f2c6ef9434682bd6c5c56e727618f41709a849f00e09d55b5e9767
2023-03-22 15:36:47,True,0.1047,5.814e-05,2557.31,0.1486,0x0e...a60c,https://etherscan.io/tx/0x455e1a6602cc19d6bff6c13b6c5a3ea0e25e1deb3c7149055699cb53e8de395d
2023-03-22 15:35:23,True,0.1047,5.809e-05,4665.07,0.271,0xa8...e431,https://etherscan.io/tx/0xebdd6bd5340d210cf94713065bcb16a1456c36e045a535141dda097b17598faa
2023-03-22 15:35:23,False,0.1044,5.792e-05,31119.2,1.80269,0xa5...34dc,https://etherscan.io/tx/0xb377256b9789c76a44ea1953afec63158525384a844fcf45e010f78865beb5b1
2023-03-22 15:35:11,True,0.1054,5.849e-05,375.081,0.0219,0x2e...950d,https://etherscan.io/tx/0x6406314d2fcb5b6e4ffefee51a140d9f17d1797fcfa368cb8e3af9e8ee9d6bef
2023-03-22 15:34:11,True,0.1055,5.848e-05,937.852,0.0548,0x76...995b,https://etherscan.io/tx/0x87a633950c783cd739654b1aad0125f05c6facbcd20f9a58f755fb7e20a028a7
2023-03-22 15:33:35,True,0.1054,5.846e-05,2204.19,0.1288,0x12...d062,https://etherscan.io/tx/0xbf7978f5885fc8e04454ae6bd3f0383f4a35464f0dbc606a95742595005a7e5e
2023-03-22 15:32:11,True,0.1052,5.826e-05,25518.7,1.48687,0x89...0264,https://etherscan.io/tx/0xaf8e8a96512fd71c42f90c332ea788eadcb9b87776903a3df0d5671745f6814c
2023-03-22 15:30:59,False,0.1041,5.774e-05,255.0,0.0147,0x9b...0acb,https://etherscan.io/tx/0x1d37c6d64b160647f03ac4727fab6c03bd13da94066e79a49bd54a62081752d5
2023-03-22 15:30:11,True,0.1046,5.808e-05,778.533,0.0452,0xe4...d0ed,https://etherscan.io/tx/0x4539e7c276571f276018730eda3e564f0be1b55c84f7ef42a3dd1cb675d2e4f1
2023-03-22 15:28:11,False,0.1041,5.785e-05,17288.4,1.00017,0xc6...fed0,https://etherscan.io/tx/0xf332b52c4c144ed54246f173d07143ea3fa3673beb91d94c3c189c3d6099799f
2023-03-22 15:25:23,True,0.1048,5.826e-05,7655.37,0.446,0xbd...5f11,https://etherscan.io/tx/0xff0b96853c1517663ffc4d3aab4c1f02d247063cbf6f76d85511dc9a34456ba8
2023-03-22 15:23:59,True,0.1047,5.82e-05,1788.29,0.104,0xaa...5a44,https://etherscan.io/tx/0x764d5c6299500d3fd82d45d250f722acf903668f928784b064299a49b73159f1
2023-03-22 15:23:23,False,0.1044,5.802e-05,25982.1,1.50754,0x17...272e,https://etherscan.io/tx/0x1636541277c8b4c6a42f35dd489f5ddaa0e42e59807acb1956c921e6c7438369
2023-03-22 15:20:47,True,0.1054,5.855e-05,708.368,0.0414,0x9e...c0bf,https://etherscan.io/tx/0xe6e2e75db8f1db7e7ac628a45c8113735d8ab3f0d55e3116aaa9c6b0ddf30e90
2023-03-22 15:20:23,False,0.1051,5.838e-05,26226.3,1.5311,0x17...272e,https://etherscan.io/tx/0xab78d76cebeb1076623e5a2b1c7173500d90f49fb7bdc3fe2912ee19f37eec4a
2023-03-22 15:20:11,True,0.106,5.891e-05,119.795,0.007,0x42...cf69,https://etherscan.io/tx/0x5b076edb54bce0fbd69487c1f172faa82eda249bb4838cf770b024b3355e1c83
2023-03-22 15:17:35,False,0.1057,5.875e-05,26050.5,1.53048,0xc6...fed0,https://etherscan.io/tx/0xdcb4f087351257d974da564c254636bac48bba5dd93b0129636622a5113e632d
2023-03-22 15:16:11,True,0.1066,5.928e-05,1588.53,0.0941,0x11...5ac6,https://etherscan.io/tx/0x6995c3b410f19bfff383e89439c0af7862119c94f67781170c2919b46dd7442c
2023-03-22 15:14:11,False,0.1063,5.909e-05,25000.0,1.47735,0x63...7fb3,https://etherscan.io/tx/0x80b282659d8c9a7189290c55b748331487d5c01db19a3c9e3be4ef2e6e6aaf18
2023-03-22 15:12:59,True,0.1073,5.962e-05,920.869,0.0549,0x73...dbf9,https://etherscan.io/tx/0xf4e75ed9dd56eadafceb8d77b2e86d5d1696ea6acfc391ec23ec2f9b2b7cccf1
2023-03-22 15:11:35,True,0.1073,5.961e-05,282.664,0.0168,0xe2...c87b,https://etherscan.io/tx/0x6755891ab49071bfa39c20381210d6e6f040187bec98bdcce0e3e0d05c2339e4
2023-03-22 15:10:35,True,0.1073,5.96e-05,1383.12,0.0824,0x26...567d,https://etherscan.io/tx/0x0e043a75e338306ce5094188a60a83cb43bcea8af97b7df2522c19596d235247
2023-03-22 15:09:11,True,0.1072,5.955e-05,4698.87,0.2798,0xe1...410a,https://etherscan.io/tx/0x46cf6c4c4a0b935d2ec28fff40235dce73da559750a4e7738c738e8064d40e83
2023-03-22 15:08:47,True,0.1071,5.952e-05,666.16,0.0396,0xdf...15f0,https://etherscan.io/tx/0xe0f9c5f0d4dfe458a6a8c5bb44d2ff79bcc4441d9f9f26b0f814ce3f04238cac
2023-03-22 15:08:23,True,0.1071,5.951e-05,83.2776,0.0049,0xe2...c87b,https://etherscan.io/tx/0x665193b3cab050633f1210191df030fb79fa1331020443941c8ea092b6ff0b7f
2023-03-22 15:06:35,False,0.1065,5.917e-05,3000.0,0.1775,0x98...c439,https://etherscan.io/tx/0xcffd399b2c0b64741a978e0a8fb3225e5d91eec94690da4aa431f5d335c7cd6f
2023-03-22 15:06:23,True,0.1072,5.955e-05,922.22,0.0549,0x81...eb7e,https://etherscan.io/tx/0x5a07a147d5219e17bfc3d48a442670ad7030aad23c57514fa6acc203d09e7304
2023-03-22 15:05:47,True,0.1068,5.941e-05,18178.2,1.08,0xa1...9814,https://etherscan.io/tx/0x1d4c752370f6d888992e33eed2d91b2d6071763ff9603428a9ac911a8e33ff59
2023-03-22 15:05:47,True,0.1066,5.927e-05,926.54,0.0549,0xbe...eda6,https://etherscan.io/tx/0x47734a2ccd23f285ce45f22976c43b359dc61544386de7e91dc3d3423240689f
2023-03-22 15:02:23,True,0.1065,5.926e-05,919.992,0.0545,0xe0...3bfc,https://etherscan.io/tx/0x9d156555c6d4422745a0d16e0907ead79a2478ad6e7fbb3c2b0a2a58a703b2c2
2023-03-22 15:02:11,True,0.1063,5.918e-05,10000.0,0.5918,0x08...90ef,https://etherscan.io/tx/0x8f905793532b339a5b75ba7a65df468728f667991d3bc6edea118ebe936c78b0
2023-03-22 15:02:11,True,0.1062,5.907e-05,4181.32,0.247,0x9e...c716,https://etherscan.io/tx/0xd1147a94e85c28600f5f43d0de589d3c97a8fb3c5a6f72f0908a146f5f44ab20
2023-03-22 14:57:23,True,0.1062,5.904e-05,55.7797,0.0032,0x76...10f2,https://etherscan.io/tx/0x4ceb62b1a32ce356e1c03558f10625f510570ecb03b038e430800c91db0f20ea
2023-03-22 14:57:23,True,0.1062,5.904e-05,240.097,0.0141,0x2e...f345,https://etherscan.io/tx/0x5dac19f0d83698f05484989e099700f1ad632d4c1935527895379b92d96a3c91
2023-03-22 14:55:35,True,0.1062,5.904e-05,503.678,0.0297,0x63...2c2f,https://etherscan.io/tx/0x9af9532ce6a0629cdc9df4f7ec9d53051f7c7e39909d646cbaf241bc0697a471
2023-03-22 14:55:11,True,0.1062,5.903e-05,302.236,0.0178,0x37...a217,https://etherscan.io/tx/0x937d3fcfecca8df0e4323f66290e1b5973a6681c684f06389f26618bdd61e3a0
2023-03-22 14:55:11,True,0.1061,5.902e-05,1694.33,0.1,0x42...cf69,https://etherscan.io/tx/0xa8c13ebbd696054422364e3b9f56285128c60c88390dccc5ffc08e1cf451e0e4
2023-03-22 14:54:11,False,0.1057,5.877e-05,17000.0,0.9992,0x76...26a8,https://etherscan.io/tx/0x400e704f1fe72286c7ba5f774bf81af798678313b36e7e311ca61180651f970d
2023-03-22 14:53:23,True,0.1065,5.924e-05,1338.55,0.0793,0xfd...5868,https://etherscan.io/tx/0xd73bd6066cd7d421bd398390e36a1a98f1d5b0c98c681add5110d6d92df3a50e
2023-03-22 14:53:11,True,0.1062,5.906e-05,22715.5,1.34179,0x27...aee2,https://etherscan.io/tx/0x3f942574df4e0a5af44296afbbf635bf6710c18d014545ca86433e998e4682bc
2023-03-22 14:52:35,False,0.1053,5.856e-05,2000.0,0.1171,0xcc...dfbf,https://etherscan.io/tx/0xf389efc23c22c67cd8d8e6573c66d2ad451f95822905de0f32a114b3760ab9fd
2023-03-22 14:51:59,False,0.106,5.889e-05,44000.0,2.59147,0x7d...259d,https://etherscan.io/tx/0x2a519ce460540a4fdb6d96bcadbf4804ed467be0427f4301c03282657f1854e8
2023-03-22 14:47:11,True,0.1071,5.956e-05,643.745,0.0383,0xde...6e76,https://etherscan.io/tx/0xa5f7c3b849c67e8261b7bfda99b3324c6ca30a4ed03e5b9da024e7cecc2af6af
2023-03-22 14:46:23,True,0.1071,5.956e-05,142.455,0.0084,0xad...a4f0,https://etherscan.io/tx/0x90a2eaae73b2f0433655bac6a7480a94023ac44ac331ef4350613a8d9c4df7e5
2023-03-22 14:44:35,False,0.1067,5.928e-05,12000.0,0.7114,0x9a...2069,https://etherscan.io/tx/0xac606c572f7b1cad5cd393ef4fcf7a71a566c3805d3fcf11f9385e33c4ec353b
2023-03-22 14:44:23,False,0.1069,5.938e-05,611.221,0.0362,0xc8...d15a,https://etherscan.io/tx/0x7bba7bb760f014bf0d31d9478d16bb2860518d26dc1bac876bb8a273d43e18b0
2023-03-22 14:43:47,True,0.1074,5.968e-05,8304.51,0.4956,0x44...580a,https://etherscan.io/tx/0x374b816a3a2da2a78bb65bedaaf4f71d7c29122d03f07e2204a635cb6540b60f
2023-03-22 14:43:23,True,0.1073,5.961e-05,922.844,0.055,0xde...6e76,https://etherscan.io/tx/0xc28297668caaa922e359b75aa7eebad0360e1cd3cbcdcd856a04793a49e120be
2023-03-22 14:42:11,False,0.107,5.933e-05,11797.3,0.7,0xb6...69ad,https://etherscan.io/tx/0x8780b9dcf4f452f314c2768dcb089ce11f8420adc8f5195c094d407d0ba20786
2023-03-22 14:38:35,False,0.1074,5.953e-05,14980.4,0.8917,0x81...f55c,https://etherscan.io/tx/0x7dc2438bfa336dacde03421f2635bb3a003fdf93cee4bb80848547b54b0d6ab7
2023-03-22 14:37:59,True,0.1078,5.981e-05,25412.9,1.52,0x37...d3d1,https://etherscan.io/tx/0xc8edd4567bdf54d15bfa78bb7fef9417d89099bf4db865bf4a9229633b0e6b83
2023-03-22 14:37:11,True,0.1074,5.961e-05,1576.8,0.094,0xe7...55cb,https://etherscan.io/tx/0x99000b927dbd88f7f56b1fce89200744febd466b1231fdb0a2f05b96f7999181
2023-03-22 14:36:35,True,0.1073,5.959e-05,1139.37,0.0679,0x9a...b6be,https://etherscan.io/tx/0x9ecdb2984ba2cf173f350b19d5e30b90b899cdef08099cf04e0713ed688d22aa
2023-03-22 14:34:47,True,0.1072,5.956e-05,2496.09,0.1486,0xf7...55c8,https://etherscan.io/tx/0x95ff16aef81b644b13deede31ac371f2c5293d8d8ba57d2a139b243b85abfc42
2023-03-22 14:34:47,True,0.1067,5.928e-05,36753.5,2.17885,0x55...1919,https://etherscan.io/tx/0x0ac33cf2da31cf70b9d97ba1c6488c3f4d34e362a58fc6db3da66dda7188cff8
2023-03-22 14:33:59,True,0.106,5.89e-05,16331.1,0.9619,0x85...65d0,https://etherscan.io/tx/0x411f7719be07d062ea9718d19e0f32076460ad670275d504ceb340cd11e1bb5f
2023-03-22 14:32:47,True,0.1058,5.877e-05,843.228,0.0495,0xaf...c048,https://etherscan.io/tx/0x8aee989f688bc6c2f908e43c9f3f9f37b1ba32e0d07d14d9b4c5e526f37308f4
2023-03-22 14:32:23,True,0.1057,5.874e-05,3403.29,0.1999,0xf7...55c8,https://etherscan.io/tx/0x82d8b68f408bf5ecaffd6e533f0720d326cf13731dc5130fb1bc7f469ee0954c
2023-03-22 14:32:11,True,0.1058,5.872e-05,67.5216,0.0039,0x17...7a2b,https://etherscan.io/tx/0x58c9955eac47dcefe5b1591946862945ca40e6a1a52982239bd9b8df2245baee
2023-03-22 14:29:59,True,0.1057,5.871e-05,525.514,0.0308,0x81...441c,https://etherscan.io/tx/0xad563b36b6963c2a801bdbc3334b60142309b4d96ff44bdea7c11bd9d2ec8819
2023-03-22 14:29:23,False,0.1055,5.856e-05,29104.1,1.7046,0x3f...5ab2,https://etherscan.io/tx/0x3726d2a684ff11bec1084f391cba9a0458cfc2321c14c85fbd8bd94e85f7fc66
2023-03-22 14:28:59,True,0.1064,5.911e-05,2117.35,0.1251,0x50...9283,https://etherscan.io/tx/0x617be3d2d2e97167455d8f4ac94fe1c6768e92e0c51088f714fd8aa993f65d30
2023-03-22 14:28:59,True,0.1063,5.907e-05,4195.25,0.2478,0x75...f662,https://etherscan.io/tx/0xa90a290fd55b3869b8f9ca51aaf559cbe30827d1414ac748fa27bbd733d8f936
2023-03-22 14:28:11,False,0.1056,5.868e-05,160.975,0.0094,0xae...b4d1,https://etherscan.io/tx/0x14db165fc18127ae3c279587823dedce0211936b2e1cd739922e65b31ce9cace
2023-03-22 14:27:59,False,0.106,5.886e-05,25000.0,1.47168,0xa8...06cc,https://etherscan.io/tx/0x502425e00e134619ed10d917c1f86b94a61164fcb82bef6d6b9af19f866b7ee7
2023-03-22 14:24:59,True,0.1067,5.936e-05,5727.69,0.34,0x8a...feae,https://etherscan.io/tx/0x38af4731888ca18e91c36473a783b489861354354ebad51346393367a2d62ea3
2023-03-22 14:24:47,True,0.1066,5.931e-05,334.222,0.0198,0xd2...28f4,https://etherscan.io/tx/0x758c24814f9cb9b42a821e103ab1b261f1c5a6e2784ebfbb0f6bf0ab36223bad
2023-03-22 14:23:59,False,0.106,5.9e-05,5706.13,0.3366,0x9b...ca4a,https://etherscan.io/tx/0xcf16041c2d387b2f409abe753819aa3cf6dea89e71f66d85fa3d97857e81f4e8
2023-03-22 14:18:59,False,0.1061,5.904e-05,385.35,0.0227,0xb7...acf6,https://etherscan.io/tx/0x15ccd0e267891944bac203681ddbb8f6b5654fa1cf8729f4bfb62037a2e4943d
2023-03-22 14:12:59,True,0.1065,5.936e-05,5180.71,0.3075,0x1c...8640,https://etherscan.io/tx/0x84725211813262a13e4a738bf848f3b51e527200c3db051d91e4c8734baf0851
2023-03-22 14:12:35,True,0.1064,5.931e-05,2172.47,0.1288,0x4a...341b,https://etherscan.io/tx/0x3f799e3fcc4aa56c191c05a0693d41ec2c28d19d96f235a0114b9697af8c4b8d
2023-03-22 14:11:23,True,0.1063,5.929e-05,464.291,0.0275,0xaf...4210,https://etherscan.io/tx/0x2d619953a81f36efe41e5c813573beb2ad5c5d662be9ce110a43dda586cf2ff7
2023-03-22 14:09:11,True,0.1063,5.928e-05,1857.69,0.1101,0x1a...048b,https://etherscan.io/tx/0x0d946ce969d8a5a4dda513befc6f75a2348ab4dfc56d793db4d59597ac1bda44
2023-03-22 14:04:47,False,0.1058,5.896e-05,8000.0,0.4717,0xc5...4ce6,https://etherscan.io/tx/0x5c6b29fb70a210be6f3fe381f1bf5d016be5dc6b7324a3f810c23452e11c495f
2023-03-22 14:04:47,True,0.1065,5.937e-05,648.526,0.0385,0x19...7918,https://etherscan.io/tx/0xb1e050ad21c7dce8f24c090bb55a5950f9442bcb1d7ead18508160d45b8881c7
2023-03-22 14:03:11,True,0.1065,5.936e-05,500.889,0.0297,0x24...6810,https://etherscan.io/tx/0x3d7983a2cb29a858e38ef97c069155d2c4a9047eec96b0fe9d665bd6e119f6f7
2023-03-22 14:03:11,False,0.1062,5.917e-05,22499.3,1.33135,0x77...d7ee,https://etherscan.io/tx/0xdfe15e1709b2aa5b0fbf7ef71c92792b3bc99a9ff73d6ff1afbfd8cb08099127
2023-03-22 14:03:11,True,0.1067,5.944e-05,34634.8,2.05869,0x2a...593c,https://etherscan.io/tx/0x08a55b8d8ea7c87a7241eb078e69b63dd5e5db0372c9d5a51991e11fc3e1e416
2023-03-22 14:00:59,True,0.1062,5.914e-05,6310.78,0.3732,0x70...1651,https://etherscan.io/tx/0x602a7c9c0f3ba0ee5e684ea8073ceca4a0cec7b9533cc5ceef68f4317d1574d9
2023-03-22 13:57:11,True,0.1091,6.073e-05,27662.8,1.68,0x42...cf69,https://etherscan.io/tx/0x83d0ba2dbf3707612ef4a0f1e868db6d8c1f892379795361e5bc074b6297442d
2023-03-22 13:56:23,False,0.1048,5.834e-05,700.0,0.0408,0x92...9166,https://etherscan.io/tx/0x844869d1f6eabc5a995bf3c33c3147bd824751eaf53fd400e109ea5dfa10f73b
2023-03-22 13:53:59,True,0.1054,5.87e-05,468.63,0.0275,0xce...8800,https://etherscan.io/tx/0x5c8b2eee07498f9ae1182f772f8a2afea1d6f9c5a06f0447f33a960b26c9950e
2023-03-22 13:53:23,True,0.1054,5.866e-05,4408.19,0.2586,0x52...ef6e,https://etherscan.io/tx/0xfd6440070ab0767dd5caba4492d19305d2e02255b849fab80da0699478e09312
2023-03-22 13:52:47,True,0.1053,5.862e-05,1034.73,0.0606,0x94...3ef0,https://etherscan.io/tx/0x8d44c279f2377be61bf154aa7c6b687dd73737c907b93cd4c6ad33ac83e56496
2023-03-22 13:51:59,True,0.1052,5.857e-05,7037.8,0.4122,0x47...d631,https://etherscan.io/tx/0x21ee8000c0759741f7595b951b3ff6188faa0a163a7e2660b59787cc671923c7
2023-03-22 13:51:59,True,0.1052,5.857e-05,7037.8,0.4122,0x47...d631,https://etherscan.io/tx/0x21ee8000c0759741f7595b951b3ff6188faa0a163a7e2660b59787cc671923c7
2023-03-22 13:51:47,False,0.1045,5.818e-05,1500.0,0.0872,0xbc...88b4,https://etherscan.io/tx/0x6dd9e4427124b0642f0f49065e4182a03713d9fd3aa7df3d2c61944b57372f68
2023-03-22 13:50:47,True,0.1051,5.848e-05,7965.84,0.4658,0x33...18dd,https://etherscan.io/tx/0xd45675ee37ebb868a6d13505c35d949f427dcdca50c851afed4663e5f90c082b
2023-03-22 13:48:23,True,0.1049,5.84e-05,3174.15,0.1853,0x5a...3369,https://etherscan.io/tx/0x0f5dc608b83a27ed982481cb7cf646f6249f74640b7cc027d043957970588b6c
2023-03-22 13:45:47,True,0.1047,5.835e-05,4770.38,0.2783,0x2e...f345,https://etherscan.io/tx/0xc95e421dd2df05d2e3e40bfa7208f77405e5fb9fc7a13ce83533ca80d29f7bbb
2023-03-22 13:45:47,True,0.1046,5.828e-05,4439.72,0.2587,0xd2...2da9,https://etherscan.io/tx/0xc3d78fa9a4af480492d7660228b7fe5a204c8234334a61c495d763f1ca87ab90
2023-03-22 13:44:23,True,0.1046,5.824e-05,1276.4,0.0743,0xfb...2b59,https://etherscan.io/tx/0x660a60c75f008fb586a44725e756670d3cc62248a4ab3a815a119af19ac60e88
2023-03-22 13:42:11,True,0.1047,5.823e-05,414.916,0.0241,0x3c...c9fc,https://etherscan.io/tx/0x53bf7b52fa6ebef20bfa53081597864d3c0b3e061806ce187b8b51340a9408ea
2023-03-22 13:41:11,True,0.1047,5.822e-05,477.977,0.0278,0x3c...c9fc,https://etherscan.io/tx/0x808961064c306e696d714da0fa968103b4a35cb80ac5ccc7e1a9436ce2855d4b
2023-03-22 13:40:11,True,0.1047,5.821e-05,934.968,0.0544,0x3c...c9fc,https://etherscan.io/tx/0xde428abc3cf06e797bf1ccb2097860b2664b82b3f818632f3be9ac82954c1edb
2023-03-22 13:40:11,True,0.1046,5.82e-05,1508.44,0.0877,0x3f...5d18,https://etherscan.io/tx/0xc590ba8fc4d8df97aaa7914ccca3660479d3b14fef6671e12502e7b97db77c20
2023-03-22 13:38:23,True,0.1046,5.816e-05,3578.9,0.2081,0xd1...a598,https://etherscan.io/tx/0x03d51b49b3109c065dcf546276e29353921a0281ed086b6c8c5faa4bf3813087
2023-03-22 13:37:59,True,0.1045,5.813e-05,1126.68,0.0654,0x3c...c9fc,https://etherscan.io/tx/0xa98c9c444386549b5b6ebeff5aba9283cb434938927a65990bad866e5c07995b
2023-03-22 13:36:59,True,0.1045,5.81e-05,1916.2,0.1113,0x3c...c9fc,https://etherscan.io/tx/0xb47ac1a470a0e0e4d52dbf9c9885cc5e7969e84cc76f0d3bcf506be112b38f99
2023-03-22 13:36:59,False,0.1039,5.778e-05,5942.8,0.3434,0x9f...72c0,https://etherscan.io/tx/0x325db57ca0532027fd50369d527957426e8b7a433b4f1ff726a2b7edc29ba492
2023-03-22 13:36:47,True,0.1045,5.811e-05,8527.75,0.4956,0xaf...c75d,https://etherscan.io/tx/0xa85cf772f14c60b94d165a5315fff8b604fb1864c0d44aa10e8a9e404019c0b0
2023-03-22 13:35:59,True,0.1044,5.804e-05,1678.52,0.0974,0x3c...c9fc,https://etherscan.io/tx/0xba8b4d69b17dafe1f42ea0f5dff86932f0817bd2eb34b28309e06caa9c016950
2023-03-22 13:34:47,True,0.1043,5.802e-05,891.267,0.0517,0x3c...c9fc,https://etherscan.io/tx/0x2fd022e68bd03423446d66d548c16ac1ebd778abcaa3e2a8ece2208162e41a17
2023-03-22 13:31:11,True,0.1043,5.8e-05,2367.84,0.1373,0xb6...aece,https://etherscan.io/tx/0x998cfacbed7bb5c1554281d8eefd5874199d350dcb6eb88fe961701accc2234a
2023-03-22 13:30:35,True,0.1042,5.795e-05,5131.23,0.2973,0x01...0423,https://etherscan.io/tx/0x4cccafcbad46874f185c9589b68e9196bec83e388209feb599de70093fc3b303
2023-03-22 13:29:23,False,0.1036,5.761e-05,6369.0,0.3669,0xde...3be8,https://etherscan.io/tx/0x3292fe38ab92adbb9cb883caac8645a60fc7c96005364cc69f298679b81f718a
2023-03-22 13:26:35,True,0.1042,5.796e-05,5616.76,0.3255,0xdb...e88a,https://etherscan.io/tx/0xc2531f49055ebe187d3472999c2bd39f39ef6b4a7376066a016716873e2f8c2b
2023-03-22 13:24:47,True,0.1039,5.785e-05,10072.7,0.5827,0x07...aab3,https://etherscan.io/tx/0x77153fba03c25264a545af1a82ca53dc0edb196b98d9b8523595472de611cf94
2023-03-22 13:23:11,False,0.1035,5.758e-05,21200.0,1.22088,0x88...52d9,https://etherscan.io/tx/0x75b460d47ea5e36e1fed57b11b560ccfead18e9c9dc590ac73b98c369a9e781b
2023-03-22 13:21:11,True,0.1044,5.808e-05,119.463,0.0069,0xfd...48fd,https://etherscan.io/tx/0x532ba93d70267872ba1114e0000980a2ff65c76d303f70db8b206902aa2b01b9
2023-03-22 13:20:59,False,0.1038,5.781e-05,12000.0,0.6938,0x88...52d9,https://etherscan.io/tx/0x42be784addff0b71f514d2fba7543a8af6e9e94da016fe771cbbf422eb3b8267
2023-03-22 13:20:35,True,0.1046,5.824e-05,720.293,0.0419,0x36...d9ab,https://etherscan.io/tx/0xe2167788be306a6172e80fc0dc929ea6b9c12d94349f7740fef046fcdd733d18
2023-03-22 13:18:11,False,0.104,5.808e-05,27482.8,1.59632,0xda...6500,https://etherscan.io/tx/0x5223727f612d193f4a2b956b45a395a5f2993eb223e45e083d7ef1394cb33e86
2023-03-22 13:13:47,True,0.1048,5.848e-05,20518.9,1.2,0x19...a65d,https://etherscan.io/tx/0xfc62922f70bbb127ae510ea26d93e8f2f074e8c08d16860940cd8891e26e228a
2023-03-22 13:13:11,True,0.1044,5.831e-05,3343.98,0.195,0x6d...a923,https://etherscan.io/tx/0x68bf47e55fe6b857c68b7f9b248bc6317b8f7d855f6ad87fd949aea3f6de51f9
2023-03-22 13:12:35,False,0.1038,5.794e-05,493.737,0.0286,0x4d...1f07,https://etherscan.io/tx/0xf56d531cce47a66f564847276e90bea86f2f70a50188a0b32a2e088c36c62873
2023-03-22 13:12:35,True,0.1055,5.888e-05,75910.5,4.47,0x1c...db54,https://etherscan.io/tx/0x9fdf0a2235209780c50c31986dd3215d4191362366fe0283d9cb77ea7365097a
2023-03-22 13:12:35,False,0.1029,5.744e-05,79939.8,4.59175,0x1c...db54,https://etherscan.io/tx/0x9fdf0a2235209780c50c31986dd3215d4191362366fe0283d9cb77ea7365097a
2023-03-22 13:11:47,True,0.1045,5.834e-05,526.717,0.0307,0x90...29d0,https://etherscan.io/tx/0xca38d28a35d07380528ab8a5387fe9a553124ba066daffc56ad3d590e6b200c5
2023-03-22 13:10:59,True,0.1044,5.832e-05,1155.61,0.0674,0xf5...2ef6,https://etherscan.io/tx/0x2a063b7bf43df1bf2767fe307453f7ad42fdeafb7f54c94adead562ee83c499a
2023-03-22 13:07:35,True,0.1039,5.825e-05,9314.93,0.5426,0xd1...adfc,https://etherscan.io/tx/0x48ae33d58020e62b7a5a41df1da0e7c201ad7af650531ab4dca4dff581c1d422
2023-03-22 13:06:59,False,0.1032,5.784e-05,554.109,0.032,0x63...0269,https://etherscan.io/tx/0x9d8bb0dffb48218f3223799de908609252e935cede1b06c268461f98b9f0ea7d
2023-03-22 13:06:59,True,0.1037,5.809e-05,14969.9,0.8696,0xc6...fed0,https://etherscan.io/tx/0xc7703accab20b3a71424c10ec9387597c73a2fc9326e434bd09f42dbfe9817f8
2023-03-22 13:06:59,False,0.1028,5.764e-05,303.446,0.0174,0x1b...4915,https://etherscan.io/tx/0xc8b90921e3a389cca714bc25eab776f46eb2823b9b9ec952746d8d5e107e2448
2023-03-22 13:04:23,True,0.1034,5.794e-05,6039.91,0.35,0xd3...bb8c,https://etherscan.io/tx/0x6496075edf7690ac3b0c0634a14e6ae2c3cce19681e24d9dd1fd9667f0048333
2023-03-22 13:04:11,True,0.1033,5.79e-05,427.981,0.0247,0x88...7e8c,https://etherscan.io/tx/0x074dd576e6e2e7f4a76f52935819ff1165a857119718ae78c50cbb745b05604b
2023-03-22 13:02:59,False,0.1028,5.76e-05,8055.0,0.464,0xf2...133e,https://etherscan.io/tx/0x4bbabb44c81669e982833893ca865b7c83b853926880edf87ba634d19b16b576
2023-03-22 13:02:23,True,0.1035,5.801e-05,170.873,0.0099,0xb5...6ab8,https://etherscan.io/tx/0x0e38233d9ad2b5c8b3de57bc1d59350196766803c072d58e087df714039d44b7
2023-03-22 12:59:11,True,0.1035,5.799e-05,1709.12,0.0991,0xd1...a598,https://etherscan.io/tx/0xd257eccc52f579d102aa9a3f94f08a3b9b85058edb421b1b2c9da64d6c8a8fc2
2023-03-22 12:58:11,True,0.1034,5.796e-05,2629.39,0.1524,0x09...c4c8,https://etherscan.io/tx/0xd5e9e1d409be4c8ba99e25d8893a0c86b9ca5e1b57c348a3efecceafd2140ae1
2023-03-22 12:57:23,True,0.1033,5.793e-05,1726.02,0.1,0xd3...bb8c,https://etherscan.io/tx/0xc639869a18e67b173708a279f2d1b8adab6be76dd5171c0b25b4831bc950d327
2023-03-22 12:57:23,True,0.1033,5.791e-05,863.279,0.05,0xd3...bb8c,https://etherscan.io/tx/0xf13e622d14e752a4999142f2456cb5a7e45776d9307f2bd71ad22d326759aae8
2023-03-22 12:56:59,True,0.1033,5.79e-05,1433.34,0.0829,0x09...c4c8,https://etherscan.io/tx/0xc141a5e71dbbbf04ba79172295c030e22db175f47aaa300924ae2877d14879ae
2023-03-22 12:55:35,False,0.1026,5.754e-05,200.0,0.0115,0x2e...f345,https://etherscan.io/tx/0xff36dfbfba42960555d5ae86571ce907fe7335bea02fddd233a791999be7cd42
2023-03-22 12:55:23,True,0.1033,5.788e-05,1078.79,0.0624,0xb6...c832,https://etherscan.io/tx/0x5c4e1a69df980b3c21c77a1a3dc9d3d80689ed170f1b2c8ce9cded66c1db0bc1
2023-03-22 12:52:23,True,0.1032,5.786e-05,2637.95,0.1526,0x8d...62ef,https://etherscan.io/tx/0x0fda7b0dae655facf8ac0bebdbca1f4f6e62b97e353918fe82ee8f9f511b3b02
2023-03-22 12:49:35,True,0.1032,5.782e-05,3704.96,0.2142,0x80...adeb,https://etherscan.io/tx/0x8d0ee1bb44f2020da2636ea75b0ef4cb71bc3780f441411f7656041893929ba7
2023-03-22 12:48:59,True,0.1031,5.779e-05,1166.39,0.0674,0x30...34d5,https://etherscan.io/tx/0x480f546e7d0575202d1dd547f4dd99f04eaa189c9355541a539a17bbc46ece93
2023-03-22 12:47:59,True,0.1031,5.774e-05,4675.42,0.27,0x06...a161,https://etherscan.io/tx/0x7a83a715b09d5b43f02c7acfe2677f2fe96aa66f0d88a3a2ba643daeb0d6a833
2023-03-22 12:47:23,True,0.103,5.77e-05,1662.35,0.0959,0x9f...f8e9,https://etherscan.io/tx/0xd90749fda3d354b921911435e3cfb7e3b3286abdacb0ee17c539e164d2dde9d3
2023-03-22 12:46:59,False,0.1024,5.735e-05,1000.0,0.0573,0x90...29d0,https://etherscan.io/tx/0x86b1537690fa6e98d4cadbfc074894a9b4280ab2a11710da0ab55fcec59a7cd2
2023-03-22 12:46:59,False,0.1026,5.745e-05,14072.3,0.8085,0xac...8805,https://etherscan.io/tx/0x9bc46a1f631eefc426e83e789d529529dfa400fefbfb1eaa02ba767b1a2ffdd0
2023-03-22 12:46:23,True,0.1033,5.789e-05,1034.66,0.0599,0x69...4bb8,https://etherscan.io/tx/0x5a5cc25bd60335c1fcb2ba3db94a6499acfe773d9d901e4f0d89657f3841ec14
2023-03-22 12:37:59,True,0.1034,5.784e-05,5576.53,0.3226,0x81...6de3,https://etherscan.io/tx/0x87018ed5ed2a4e7bb0553f133f6104aa66a2622a40c54587880e66cef595d69f
2023-03-22 12:37:23,True,0.1033,5.78e-05,282.762,0.0163,0x6b...462e,https://etherscan.io/tx/0x013861763723b1bf5b15a06c42e4290e746e2e72607176e2b5e13bfabac94c76
2023-03-22 12:35:11,True,0.1034,5.779e-05,1114.75,0.0644,0x1b...bab5,https://etherscan.io/tx/0x30d4a424356528541c5f11af9d985ef0e3cd52154d7ce0b52a2f07e42fdea6b4
2023-03-22 12:32:47,True,0.1034,5.779e-05,171.527,0.0099,0x48...dcc1,https://etherscan.io/tx/0xdc53d3fd8e50254ad566779612d0693a421b44d4526801483c8188f8e212255a
2023-03-22 12:30:35,False,0.1028,5.745e-05,1537.9,0.0883,0x1b...bab5,https://etherscan.io/tx/0x48666159b304999f1283324d4a88e1cf92ffd0ca63f4ec5ba1def13876308177
2023-03-22 12:29:59,True,0.1034,5.78e-05,1200.44,0.0693,0xf1...621d,https://etherscan.io/tx/0x07c77afb5477de21361913c4b3b4cf7ebb69c9187ce8ae5a2492800cf5db3287
2023-03-22 12:29:59,False,0.1028,5.745e-05,1023.56,0.0588,0xbe...fdde,https://etherscan.io/tx/0x750aba9fc4ca9c26573ec56606dbcb0716b5b85babf20fdcf6511df6db6254c7
2023-03-22 12:27:35,True,0.1034,5.778e-05,2866.15,0.1656,0xd0...d57d,https://etherscan.io/tx/0xc0bd03cd0c2481971ea5b6ae3e94072fca42ea41fb0750d9ba913dc2f9d1fdc1
2023-03-22 12:26:35,False,0.1028,5.744e-05,2814.59,0.1616,0x62...6061,https://etherscan.io/tx/0xda961af00787bab08ad7324f34eef4e88f77b22447cf122d9d31c25bdd72e0e6
2023-03-22 12:26:23,True,0.1034,5.78e-05,171.48,0.0099,0x69...d80a,https://etherscan.io/tx/0x1f8a4090b316f289810cb809659385bec63cd8af91c8148dbe25f03844efe3c3
2023-03-22 12:23:35,False,0.1029,5.747e-05,3000.0,0.1724,0x2e...f345,https://etherscan.io/tx/0xae10b6d1220cf58c325032b79009e14a287923a5a5b289889e6edd37a02bd002
2023-03-22 12:22:59,True,0.1035,5.784e-05,514.112,0.0297,0x0e...f126,https://etherscan.io/tx/0xeece4c8273feebf3c3c7d2afcccf48ec0342111d592ca5e376ccb59a853705ae
2023-03-22 12:22:59,True,0.1035,5.783e-05,1143.21,0.0661,0x39...1842,https://etherscan.io/tx/0xcf953cf93ff509ae6d7479a1a7673fa4c83d126ece78d7e569dc4dcffd1402f3
2023-03-22 12:21:11,True,0.1035,5.781e-05,634.335,0.0366,0x39...2d84,https://etherscan.io/tx/0xa92d4f161543352354ec0ab795fd146ed90a42aa6265f07786452b0947f5311c
2023-03-22 12:00:23,False,0.1029,5.747e-05,1200.0,0.0689,0x90...29d0,https://etherscan.io/tx/0x9143130d0392dfce846ebeabe684c387c5d3af240355858770ce7480e6f67aa0
2023-03-22 11:57:23,True,0.1034,5.782e-05,1200.01,0.0693,0x19...928f,https://etherscan.io/tx/0xca385b95d66abc77421af528c238834ee7fb2f03f3fc834c3200718939786847
2023-03-22 11:53:23,True,0.1034,5.78e-05,1200.36,0.0693,0x46...0a67,https://etherscan.io/tx/0xc248ccca669c4ed8cb9f4b9f25ebebb7e41f731abf61fd20d807a3f95135ff1a
2023-03-22 11:53:11,True,0.1033,5.777e-05,3053.91,0.1764,0x1d...04f9,https://etherscan.io/tx/0x74d8f542e7a4fb5a8ce146f73b1880759fa75c331412d7aa613d41c9c8c1b162
2023-03-22 11:53:11,True,0.1033,5.774e-05,1115.75,0.0644,0x8e...febe,https://etherscan.io/tx/0x7a2294c93bcc1d6c92ad0252d381ed53540d9f73234a0eea111c35b31dfe0def
2023-03-22 11:52:35,True,0.1032,5.773e-05,853.162,0.0492,0x7b...cd8a,https://etherscan.io/tx/0xaa265bec2cbde22463525308585796da3e5629d56b75d0329ff4036875b369af
2023-03-22 11:51:11,True,0.1031,5.769e-05,5154.59,0.2973,0x63...2c2f,https://etherscan.io/tx/0x92bc768945e2f174c14cbe968a700f974fe394030371076bf577d5e88d631ee2
2023-03-22 11:48:11,True,0.103,5.765e-05,429.838,0.0247,0xf1...621d,https://etherscan.io/tx/0x6e5d5c9a4a9d1e73cdd1398a1c6d70822093a00f8c2a3c4c70ef0c768cb2c47f
2023-03-22 11:48:11,False,0.1024,5.73e-05,200.0,0.0114,0xd2...86f2,https://etherscan.io/tx/0x246461306a8d0cf952b83575104905f227f80011ea5534e603f342ac1578d8ae
2023-03-22 11:47:59,True,0.103,5.764e-05,1565.05,0.0902,0xf6...a598,https://etherscan.io/tx/0x00e9bebd0343abd932ce52a5bb2a2c054a19e19272eca31016a0141b7b1d5e18
2023-03-22 11:47:59,True,0.1029,5.76e-05,3758.36,0.2165,0xd2...2da9,https://etherscan.io/tx/0xde8090dda16b05a2dd7c7f8c44e3cd29a5970f12e6763b829b324cc187d3338b
2023-03-22 11:47:23,False,0.1023,5.726e-05,4276.14,0.2448,0x28...8cec,https://etherscan.io/tx/0x315aef528e4fc0190f23759f43962cc4f4ccca2bf361c3064188c9c36c5c41b4
2023-03-22 11:46:11,True,0.103,5.762e-05,1376.07,0.0793,0xf1...621d,https://etherscan.io/tx/0xa05105972e5243371f65fa107f443c38fedf01c4b7500e990a61f7bef59e3b2c
2023-03-22 11:45:35,True,0.1028,5.751e-05,15649.5,0.9,0x2e...f345,https://etherscan.io/tx/0x817f164939ba4bb70793be7c5130226a1e83a7339c0a24ae0949d93f3a06a09b
2023-03-22 11:40:59,False,0.102,5.707e-05,2000.0,0.1141,0x7d...8295,https://etherscan.io/tx/0x9ee87e6524b093448b24f8645b562a7282515778d3fee797a4c0756f84e86809
2023-03-22 11:40:59,True,0.1026,5.742e-05,173.052,0.0099,0xf6...a598,https://etherscan.io/tx/0x5a25d6f0d8f39a8166a3320c5b927f5849286e98a0f8c00b6ba3ef0c1c034af6
2023-03-22 11:38:59,True,0.1026,5.739e-05,4808.89,0.276,0x48...07fe,https://etherscan.io/tx/0xe5a7b257a9373a3b92f4efccb506620363b881d1836a463bd1b716f18abbb901
2023-03-22 11:38:59,True,0.1025,5.733e-05,4091.23,0.2345,0x26...3a54,https://etherscan.io/tx/0x1f016763817c021c74d056afbefc76a83577c011aa0ab8f46662804755694d4f
2023-03-22 11:38:23,True,0.1022,5.716e-05,19756.5,1.12945,0x17...272e,https://etherscan.io/tx/0x80fa731c4e3d192ddc50c420fc85ee6c58b9aac9189d3b51a367e22b396f06a8
2023-03-22 11:30:59,False,0.1016,5.675e-05,9374.42,0.532,0xb3...0790,https://etherscan.io/tx/0xc4a15a6a3a3166dbd3ea80b6c422aa1b94321d53f5b370f73e7116db9b81b12c
2023-03-22 11:29:23,True,0.1023,5.715e-05,596.702,0.0341,0x56...ca3a,https://etherscan.io/tx/0x7cdca7a273c6bf4729b6f3138bf6466771e5310f6d53ecb43feb6049fa37ecd8
2023-03-22 11:26:35,True,0.1024,5.714e-05,1585.82,0.0906,0x40...0a1d,https://etherscan.io/tx/0xae50e7d7ee6bf9698d251fcbea873b2061a7da22a34aa23e6573960b2448cc25
2023-03-22 11:26:23,True,0.1023,5.711e-05,2141.6,0.1223,0x08...6ed6,https://etherscan.io/tx/0xa28b9721c3301bde845824cc726affa6e7ec616ea417657c5336514b198683ad
2023-03-22 11:21:11,True,0.1021,5.708e-05,1857.87,0.106,0xec...c791,https://etherscan.io/tx/0xbc038dab19dbfdafc0a4fb3ad39fc1f28fc7cf1e2964659b98047dc84131fc1e
2023-03-22 11:20:23,True,0.1021,5.706e-05,1823.95,0.104,0xf0...e046,https://etherscan.io/tx/0x0f01dec3ed7ae9ac1a48a481831a820948569ee90da796cbd120d4c374db3cfe
2023-03-22 11:20:11,False,0.1014,5.671e-05,555.0,0.0314,0x29...9f00,https://etherscan.io/tx/0x11502498d5d970eb268d8dfc6ae0480927804a53a32489dc3520bd3cf037a9ee
2023-03-22 11:17:23,False,0.1015,5.673e-05,3012.36,0.1709,0x53...2baa,https://etherscan.io/tx/0x0994e92c8e5c0e2bf72cdd4840eb6aaf7aca16daa7d852d64a6b032167e9089b
2023-03-22 11:13:23,True,0.1021,5.709e-05,486.105,0.0277,0x6f...8588,https://etherscan.io/tx/0x5926e3971bc666338fc52fc1e9a9cb29d54fc94c9bc4608fa67ec6c7f2efa3a1
2023-03-22 11:10:11,True,0.1021,5.709e-05,32.4908,0.0018,0xde...dc4e,https://etherscan.io/tx/0x29fa74fe02bada79609a8747b753e920b826b395caccc8a1d56d56d5f0a46617
2023-03-22 11:09:35,True,0.1021,5.709e-05,173.624,0.0099,0x39...4b23,https://etherscan.io/tx/0x93c81e81eab69aa7e4ae2351ea3870afaa6877e2aeb3350257ad7f35a6411891
2023-03-22 11:05:35,True,0.1021,5.708e-05,1288.52,0.0735,0x08...b556,https://etherscan.io/tx/0xeeeafc8a1cef6f26b94d65aa6a152fbcf60b14e1d8325afb56df4326ae274714
2023-03-22 11:04:11,True,0.1021,5.706e-05,1161.81,0.0663,0xa7...14fd,https://etherscan.io/tx/0x3abf84a56875e5db3da2062ec973fca912eee641c3f149d885f70fcf821aa20a
2023-03-22 11:03:47,False,0.1014,5.671e-05,196.654,0.0111,0x39...4b23,https://etherscan.io/tx/0xfcc357fa87369bf2025db9bef6642e5022fe8e3949b9c8c20177d4f64fd4851e
2023-03-22 11:02:59,True,0.102,5.705e-05,1182.35,0.0674,0x2e...f345,https://etherscan.io/tx/0x5d3580ade6df18aeea35fc53139f4463f2c330c1e376a87e6100296c38ba54e5
2023-03-22 11:02:47,True,0.1019,5.702e-05,3053.68,0.1741,0xe6...49b1,https://etherscan.io/tx/0x8c9ad17d8ff9090f1210f921cef573673f014d5ce0f2fc3b2aa4e4ced53ce141
2023-03-22 11:02:47,True,0.1019,5.699e-05,1130.49,0.0644,0x41...d8ba,https://etherscan.io/tx/0x105df88f109f67b25dc1a2c56b4a5c68c6ceba385386f8416a1a2bf4356ea6e0
2023-03-22 11:01:11,False,0.1012,5.665e-05,1000.0,0.0566,0x90...29d0,https://etherscan.io/tx/0x2872e77f3e32fef9c44596c109fb306194e31002a95b312315053d0dec4adfda
2023-03-22 11:00:59,True,0.1018,5.699e-05,347.822,0.0198,0xeb...b57c,https://etherscan.io/tx/0xb47fb3798d3994974ab262336797d3434e51cd5f408428950d39ed56d638a908
2023-03-22 10:59:47,True,0.1017,5.697e-05,2957.66,0.1685,0xc1...bea9,https://etherscan.io/tx/0xf0c0f07473d06983790337e6f20731ecb8d383b489449be09645ade070a375cc
2023-03-22 10:58:23,True,0.1017,5.695e-05,8.70209,4.956e-05,0x03...49e3,https://etherscan.io/tx/0x03e60ef3ad5d5e176a6a06d5bede54458ad5a8d6eb7a0a7f42865811adfe83a0
2023-03-22 10:57:47,True,0.1017,5.695e-05,583.226,0.0332,0xbf...3ac7,https://etherscan.io/tx/0x4f7f5fdc54166763ae36357cc6294c4b9a27d338866f1fe9504d6be16ad5a7c5
2023-03-22 10:55:59,True,0.1016,5.694e-05,1044.53,0.0594,0x12...4e19,https://etherscan.io/tx/0xc38f482134da370a74f7397e7af261f92e3513272003d26e8ac116edde1606ec
2023-03-22 10:54:23,True,0.1015,5.693e-05,348.234,0.0198,0xca...f93b,https://etherscan.io/tx/0xc4108977ed5e92caaa677ac912085dec5974a03c916b8294393f0b5edbb0cace
2023-03-22 10:53:47,True,0.1015,5.691e-05,1932.72,0.11,0xc2...b42a,https://etherscan.io/tx/0x2ff3f7f9c2bd51c17df83fedfc91d90b5026eafcba878be0083a2587daa20dca
2023-03-22 10:53:11,True,0.1014,5.689e-05,1021.66,0.0581,0xb3...bab7,https://etherscan.io/tx/0x9bc8183a6d8b393f57e0a6a4304a66d04979bab2a67a23f03280f9ff50e305ed
2023-03-22 10:49:47,False,0.1009,5.656e-05,2247.9,0.1271,0xa7...14fd,https://etherscan.io/tx/0x14de9a4aead7775676d9f35594830be1ad4064a52e2a0b56e8fdfc5ee231dc19
2023-03-22 10:48:47,True,0.1016,5.69e-05,1393.47,0.0793,0xde...2e84,https://etherscan.io/tx/0x977c88bf4d544b3a5041c39968bcdc48ad013cf74af5ccf245cdacf7be5f00bf
2023-03-22 10:45:35,False,0.1011,5.656e-05,1284.11,0.0726,0x6e...6b0f,https://etherscan.io/tx/0x84cd74f241cb3328e38f74d6cd851049be416d5923308425ce4f84db7275d491
2023-03-22 10:44:11,True,0.1017,5.691e-05,348.332,0.0198,0x1e...83ec,https://etherscan.io/tx/0x713168e24198b2d44417ed031e1273c8c30bb4bf54155479cb6c7946e4a33e18
2023-03-22 10:41:47,False,0.1012,5.657e-05,100.0,0.0056,0xbd...fd6d,https://etherscan.io/tx/0x54344e66fd937a151dcbc9e4d617af73fdaa120fe7737a56306a74f1f28a6f08
2023-03-22 10:41:47,True,0.1018,5.69e-05,1405.84,0.08,0x2e...f345,https://etherscan.io/tx/0x7f3e89a35ddd1ffbe4f7797b2bb56aa8904ffc51ce3846520e1f0b0b89b86bde
2023-03-22 10:40:23,True,0.1018,5.689e-05,348.458,0.0198,0x19...173c,https://etherscan.io/tx/0x894684f353b3d639d6ca4fa48d4a65fa6ee247471f5d69b44683516c94e931e2
2023-03-22 10:39:23,True,0.1018,5.688e-05,1629.11,0.0926,0x33...620d,https://etherscan.io/tx/0x6e24c1a270df82c4fafe2b23951d45f8e360d665d1ce2461434e2d3166ef9360
2023-03-22 10:38:11,True,0.1017,5.684e-05,3600.22,0.2046,0xf6...eaad,https://etherscan.io/tx/0xd55b1d1234949a002f194b0e4e520618fecc3ccb734f68ad5008e2d286433300
2023-03-22 10:37:11,True,0.1016,5.68e-05,2043.77,0.1161,0x33...620d,https://etherscan.io/tx/0xf8196479d7a072fb033903383988db25a9fd083a3a7929e68cf1bea38bf0229c
2023-03-22 10:35:47,False,0.1011,5.655e-05,15000.0,0.8483,0x3d...024d,https://etherscan.io/tx/0xb538fa3ec9cd05bab76ebcead4278e24fbd3a723426f84b66bb386fe4b428758
2023-03-22 10:35:35,False,0.1016,5.682e-05,25000.0,1.42061,0xa8...06cc,https://etherscan.io/tx/0x4ed9ef27a81c2d87b3394c2d974496ddc89d8ef091f514b1e136577b9336fee0
2023-03-22 10:31:35,False,0.1019,5.701e-05,3507.64,0.2,0xfc...c820,https://etherscan.io/tx/0xb0d1c8f94d1b173307e37b61c79d34d3696ef1356002fe27150137c6579f0215
2023-03-22 10:31:35,True,0.1026,5.738e-05,690.99,0.0396,0x33...620d,https://etherscan.io/tx/0x2abf486038a93fcaf5df9fe25acb169515e43ed1a24a6f928375727b317feaf3
2023-03-22 10:29:59,True,0.1024,5.727e-05,14840.9,0.85,0x1c...db54,https://etherscan.io/tx/0xae7fed39c16289537689049d723afdcba3d7a4ad579c9337ef27b2c48985042b
2023-03-22 10:28:47,False,0.1018,5.693e-05,15625.6,0.8896,0xa1...822b,https://etherscan.io/tx/0x087714e06eb9fbbed661c056da64669185a6e3db029a491611db0e8ae178189d
2023-03-22 10:24:23,True,0.1023,5.726e-05,17309.1,0.9912,0x61...79c4,https://etherscan.io/tx/0x48d7edfbdd82a4e9481190ed71029aba160a707e73415a1d90302a01ed2ee92e
2023-03-22 10:22:59,False,0.1014,5.679e-05,1982.38,0.1126,0xc9...27b6,https://etherscan.io/tx/0x86ae21b21391b7433430c393c633dcf03b13c500f57e998a0c3c37cff5354af3
2023-03-22 10:22:59,False,0.1014,5.683e-05,543.8,0.0309,0x8b...b05e,https://etherscan.io/tx/0xe67bdfbabd0f3f874f3a5b9ed0c60b53ef704f424a1988eba1612651a5ff597e
2023-03-22 10:22:47,True,0.102,5.716e-05,2078.05,0.1188,0x48...3942,https://etherscan.io/tx/0x4fc10b8ee0e6593f9f54be7ce3f7d8ff9abb622b6dbcc4e801bed23fe47077c6
2023-03-22 10:22:35,True,0.1019,5.711e-05,5252.23,0.3,0x0e...8519,https://etherscan.io/tx/0x4324c55d7d1ad4fce6d70bab62e1382b7f9b6bc55147fa71968bec0d86f9dc8c
2023-03-22 10:19:59,False,0.1012,5.675e-05,2000.0,0.1135,0xe8...efd0,https://etherscan.io/tx/0x0ee81dac8b7b8e3f53203002bef202bd059e5d1e85640689b41c6c4c2e14d853
2023-03-22 10:18:59,False,0.1013,5.678e-05,2500.0,0.1419,0xf5...5129,https://etherscan.io/tx/0xf4bd9c462878f4a1d89d0be4edad1df76317b9a38423bd055972db1985606857
2023-03-22 10:18:59,False,0.1013,5.681e-05,1900.0,0.1079,0xc5...f61b,https://etherscan.io/tx/0xa00a4ba769bc719f826d8c51846eed7239bdab5f0825a4cfc0dbddcc39d9d251
2023-03-22 10:18:35,False,0.1014,5.684e-05,3000.0,0.1705,0x91...dcb9,https://etherscan.io/tx/0xddb4b5d7404522bd2b00012620e6272d1c1bbffcbc426f3e136ea5b076b04a36
2023-03-22 10:12:47,True,0.1021,5.72e-05,783.034,0.0447,0xcc...aed2,https://etherscan.io/tx/0x0d2985ed7a3ad1117a7b874dbb535feb771feabb65db45a8e3eb30126c13a7a2
2023-03-22 10:03:47,True,0.1021,5.718e-05,2900.0,0.1658,0x17...d1ed,https://etherscan.io/tx/0x2df919373ee6d3a45182b18d9bf5cae0e5ccda69175d68d5a6952a9ae29a4581
2023-03-22 10:03:47,True,0.102,5.715e-05,783.969,0.0448,0x66...9492,https://etherscan.io/tx/0xd82c90ad485f0f46a05194ae5fec8c0c136687ad6810471bc3b6ebd96d1886b4
2023-03-22 10:02:23,True,0.102,5.714e-05,1074.84,0.0614,0xf1...463e,https://etherscan.io/tx/0x5ef738893ca38d32dc27caf4b04fcc760260cada1f3294837356a8fdc6be2e1d
2023-03-22 10:01:47,True,0.1019,5.713e-05,902.194,0.0515,0xb3...3b4b,https://etherscan.io/tx/0x4605d255c83c7afdc92a73a0c21c4cf8a3f99b3121eb741659653d4bbe597292
2023-03-22 10:00:35,True,0.1019,5.712e-05,179.898,0.0102,0x96...e67f,https://etherscan.io/tx/0xd437639652b84a9e83c5fb2422988745c6a98e11eb6d44704cdda27710e7cbeb
2023-03-22 09:59:11,True,0.1019,5.711e-05,1214.85,0.0693,0xca...14fe,https://etherscan.io/tx/0xe344fbb58b05aedc36959644f192be31ed4cb7c165b18c429c10ecca37337b6b
2023-03-22 09:58:59,False,0.1013,5.677e-05,1400.0,0.0794,0x9c...0fcd,https://etherscan.io/tx/0x618b8601e884a9966d1a48565f42d96ee38c916c42536d7f01f6862387eecabb
2023-03-22 09:57:23,True,0.1019,5.712e-05,453.02,0.0258,0xd7...d137,https://etherscan.io/tx/0x988070608fdcfb7c26181a7628ee9836d4f0ef4dd6621c1f4aac73aac510cb8d
2023-03-22 09:54:23,True,0.102,5.711e-05,964.703,0.0551,0xe2...ce76,https://etherscan.io/tx/0xc15fa92a76dfd6096329350689c564f422d1c2b76a8270b14c5860beba99ee7d
2023-03-22 09:52:11,True,0.1021,5.709e-05,1772.25,0.1011,0xe4...1a50,https://etherscan.io/tx/0x620f2fe9b3af725511f2b0bd576d4430fd40f816dacc5e4c3057ebd4c84eb8f7
2023-03-22 09:50:23,False,0.1018,5.69e-05,23479.8,1.33603,0x6e...dd4b,https://etherscan.io/tx/0xb439b95118f23905d6f3cd6d4a364751dd30297f5b22ade349f9f6c922705e63
2023-03-22 09:50:11,True,0.1027,5.74e-05,518.062,0.0297,0xf5...34fc,https://etherscan.io/tx/0x3a7aeedcd7968bc91e8bf3e5b1deacf2499310e2c82898786026a4981ad66ba7
2023-03-22 09:45:47,True,0.1026,5.739e-05,343.683,0.0197,0x94...3ef0,https://etherscan.io/tx/0x3444dc40c3f282e41918d85a2cd0e7818c6de3ae61172f7ea7d6c3c038b8a538
2023-03-22 09:43:59,False,0.1021,5.707e-05,3440.0,0.1963,0xb9...71d4,https://etherscan.io/tx/0x4403e257fe3bee0549c6633929ad3051ad453f872cc01507e38e748f713cc81d
2023-03-22 09:40:23,True,0.1028,5.743e-05,276.355,0.0158,0x2e...f345,https://etherscan.io/tx/0x29ec45161ce6dc9e8454c987e401a3e59820f6f62d89b60d49796e7c813d0bfe
2023-03-22 09:39:59,True,0.1027,5.742e-05,1208.25,0.0693,0xb3...3b4b,https://etherscan.io/tx/0xd1db78117b872c07c9e64b3dbfe1260fb63b6dca9fb89a373fa478d2df5c85b7
2023-03-22 09:38:47,False,0.1022,5.71e-05,4800.0,0.2741,0x4f...6942,https://etherscan.io/tx/0xc98408835e560b53e5e56b4a3c6b86bf77db1b5ac388ce9ee5dfd97740d6dcf2
2023-03-22 09:35:47,False,0.1023,5.715e-05,1592.92,0.091,0xde...3b93,https://etherscan.io/tx/0xc6821db7f7c262e0941016001422ee3d91f40bd851095fa8fcbee1fd69ff04a4
2023-03-22 09:34:47,True,0.103,5.75e-05,83.4548,0.0048,0xc4...75f1,https://etherscan.io/tx/0xb23829d6af8f5aa68ce3f46c964af0d76eebc50033afd1c1de15ae6676546902
2023-03-22 09:29:11,True,0.1029,5.75e-05,12.0659,6.938e-05,0x3c...cd84,https://etherscan.io/tx/0xbc7aa567e76e2e2f97a31541d2895597e813c52c0ac28ca9a0aab22bb6aa22ed
2023-03-22 09:26:47,False,0.1025,5.721e-05,7930.0,0.4537,0x17...e3b5,https://etherscan.io/tx/0xc868345a37c405eb91b2c4246698aff84e3aa3317589fe090374c58611fe75f1
2023-03-22 09:24:11,False,0.1028,5.741e-05,20250.0,1.16258,0xc6...fed0,https://etherscan.io/tx/0x28cf2316d739cfbd77a770763dbe063d6ee4f3c488757aad3496fdc90fab63b7
2023-03-22 09:23:11,True,0.1036,5.786e-05,5311.63,0.3073,0x99...64c1,https://etherscan.io/tx/0xb88530e340d1e53772587ca1f7c8708eb33b0a78c741f17be06b786e4bb11a83
2023-03-22 09:23:11,True,0.1035,5.781e-05,703.08,0.0406,0x13...eaa6,https://etherscan.io/tx/0x5c109958f63125e17fa91e316b2db70fb1436dde5053f72d3a76991e80081fee
2023-03-22 09:22:11,True,0.1035,5.781e-05,228.902,0.0132,0x58...6aea,https://etherscan.io/tx/0x95e3f17f693af9d512ad9b8e02cca2cad9326ac3120feda678d25a13672ca8ec
2023-03-22 09:20:59,True,0.1035,5.779e-05,2733.2,0.1579,0x86...9197,https://etherscan.io/tx/0x4f579f5bd4cd313510af14562122e64a26a5f432938ae30f2ae53cf7bce1db9b
2023-03-22 09:19:11,True,0.1034,5.774e-05,3776.45,0.218,0x69...2b7e,https://etherscan.io/tx/0xe8420da39032d762c93782a44676bdf94dfaeaa06233a578fc207526b9dc6f25
2023-03-22 09:18:11,True,0.1033,5.771e-05,446.534,0.0257,0xf0...960b,https://etherscan.io/tx/0xb965b8b3e8f680e977e719d9ce65eb41356c6836998405a04d71eb435c117663
2023-03-22 09:17:23,False,0.1028,5.744e-05,10800.0,0.6203,0xd8...9753,https://etherscan.io/tx/0x74159c37a1678bc1794c785ecfe55f0dd5b4862c8f6c415e4deb63017329a2f1
2023-03-22 09:12:35,True,0.1034,5.773e-05,19070.4,1.10095,0xd2...beaa,https://etherscan.io/tx/0x67b7b9f37e87fc45515e775256a563d6ff54d5be129b5acac8b7576ac3993a3a
2023-03-22 09:07:23,False,0.1027,5.735e-05,14783.0,0.8478,0x17...e35c,https://etherscan.io/tx/0x29bea5ec0d7d81e8ba09737c3ceb0b3a2848f156ee27297952d04a2fc9ee1240
2023-03-22 09:05:47,False,0.1028,5.747e-05,2000.0,0.1149,0x26...3bc4,https://etherscan.io/tx/0xde688b27be166676dfff0cca5defde82b445e339b53d92759853095fba79a083
2023-03-22 09:03:11,False,0.103,5.754e-05,8400.0,0.4833,0x84...b0fe,https://etherscan.io/tx/0xeb28c5f88576d1a3e54a79cf6d32c43cd6bc73e2dc8ce1a48ce09f94bfd9b7a4
2023-03-22 08:52:59,True,0.1038,5.794e-05,119.832,0.0069,0x77...da76,https://etherscan.io/tx/0xcc5c5718d96668716cdd69d8ccdb7e6ab9b498c4a79a4d586384aa69c8f46fa1
2023-03-22 08:49:11,True,0.1038,5.793e-05,1026.5,0.0594,0x0a...0ba9,https://etherscan.io/tx/0xc66435c6d150d9f69cde2ca784df25766cef91fa1f84663d36543d56742d93c1
2023-03-22 08:48:47,True,0.1036,5.784e-05,12275.7,0.7101,0xb3...970a,https://etherscan.io/tx/0x24510fb09f83cacbdb8f8682d866201003299f9a0889bd5eb2d0a065d13fd205
2023-03-22 08:48:23,True,0.1034,5.775e-05,990.177,0.0571,0x83...c7da,https://etherscan.io/tx/0x9ae4699ec667ee95cc5dc3e3d431ae946dd297681af9a3bbba58770357e8793e
2023-03-22 08:48:11,True,0.1034,5.771e-05,4269.31,0.2464,0xe4...53d4,https://etherscan.io/tx/0xd5ab20a776447938af2e7677cff6698c82fe47fd84d785967d26f76d51454d65
2023-03-22 08:47:59,False,0.1028,5.741e-05,9900.0,0.5683,0x96...40b3,https://etherscan.io/tx/0x775d594a32f8a594c61db7ace32de3a4cfe0e1522fd07bad666dbd63e4fc7522
2023-03-22 08:47:47,False,0.1035,5.779e-05,45000.0,2.60065,0x46...93a2,https://etherscan.io/tx/0xfcaa97af09eb3bce94fdd0bbcda7a883f65b19971aa8bd5699b3a33f2e15221d
2023-03-22 08:45:23,True,0.1046,5.844e-05,1074.74,0.0628,0x68...d24d,https://etherscan.io/tx/0xc6f81d649eb5e2d7cb783fc5d94f09796728567f202174d024e05fbdee34ea69
2023-03-22 08:43:47,True,0.1045,5.837e-05,9895.31,0.5776,0xee...3b31,https://etherscan.io/tx/0x90c9b989fbf634bcd1c7bb39e53713042723f9ab4043eba60ed672610f09cede
2023-03-22 08:42:47,False,0.1038,5.801e-05,8819.7,0.5116,0xa3...3de6,https://etherscan.io/tx/0x1804423e9651dc263f869b5b482e645e32cbb1447d77e761810c52dff0684e51
2023-03-22 08:42:47,True,0.1046,5.842e-05,616.213,0.036,0x00...bde7,https://etherscan.io/tx/0x290244ba736cd513e18748195edbb790e30129a7fd1782a45df4aa0688d57b92
2023-03-22 08:41:47,True,0.1045,5.841e-05,910.322,0.0531,0x6d...770e,https://etherscan.io/tx/0xc00a2cd3de7f0505ea31ca14aa8e7052c65914380e965ff0c56d96375be3b08a
2023-03-22 08:40:11,True,0.1044,5.837e-05,4839.94,0.2825,0x82...996f,https://etherscan.io/tx/0xf3bac256d636fbde0555a19d75f227fbe0918b59cd192a5e2fdd254da6aa93b5
2023-03-22 08:39:47,False,0.1038,5.802e-05,5000.0,0.2901,0x2c...3ff2,https://etherscan.io/tx/0x3d8a7b8a7a69656f7c936cf5c6bbd7996497d4d9a921e742f9fd9b1082774bdd
2023-03-22 08:38:47,False,0.1039,5.807e-05,3000.0,0.1742,0xce...232d,https://etherscan.io/tx/0x6935166b502d8a528003bcae464ed5af0d2cbdd256a8f2cfbe52168d7fc386b1
2023-03-22 08:38:11,False,0.104,5.814e-05,5999.0,0.3487,0xfd...dd98,https://etherscan.io/tx/0x587e782cc7feedb0a69b323f837ba260d51b6170a6be0b2848ec03613f149c86
2023-03-22 08:37:35,True,0.1047,5.853e-05,470.423,0.0275,0x8e...d51b,https://etherscan.io/tx/0xfe0df67396ae248d7f02bd989366d695a32494cf1045bc1ce41da83567e358f7
2023-03-22 08:36:47,True,0.1046,5.847e-05,7890.01,0.4613,0x67...6957,https://etherscan.io/tx/0xe8ae7a7d6d71713f77e5968edd2957d305a7fa71d0cf5b758a88940267ecca1b
2023-03-22 08:36:35,True,0.1044,5.834e-05,10382.8,0.6057,0x50...b5f1,https://etherscan.io/tx/0x6226086b85a04435eb7dec450bf658d354d816a68230bfd79d2a5d0efe2e8310
2023-03-22 08:35:47,True,0.1042,5.824e-05,2941.78,0.1713,0xd1...4001,https://etherscan.io/tx/0x8fcd369bc17eccc8add5ef74192022e8606db467945a1eed39258d3d097bb82a
2023-03-22 08:32:11,True,0.1043,5.821e-05,1609.01,0.0936,0xde...3b93,https://etherscan.io/tx/0x93eac92f5680f3da485e340ebce3c04ebf719d990874e9080366def58a752f36
2023-03-22 08:31:59,True,0.1043,5.818e-05,2794.84,0.1626,0xf7...820a,https://etherscan.io/tx/0x714a2c31e18a288a671696b2b42392d4a7866787620b783cddbde3c6c14a96a8
2023-03-22 08:31:23,True,0.1043,5.815e-05,1704.58,0.0991,0x67...0f73,https://etherscan.io/tx/0x2b5193fc15b8b845acde30b844f87bc693607257b3d639c13c7fa6d044926473
2023-03-22 08:24:59,True,0.1043,5.813e-05,1278.89,0.0743,0x62...ea78,https://etherscan.io/tx/0xb985e5ebbb44eae2203f88647aaece666c476efb481fa2030f16054b1790022a
2023-03-22 08:24:23,False,0.104,5.794e-05,24000.0,1.39061,0xe5...9249,https://etherscan.io/tx/0x584b82dd12ae02db01274c6562864991555d63449ff9db9d5079cd11cd15a6c3
2023-03-22 08:23:23,True,0.1049,5.845e-05,694.298,0.0405,0x81...c0f0,https://etherscan.io/tx/0xd89fcc12f3c157bc3889545fa37d56e9b330acc7f4a41dd4a4f20ece77fb3317
2023-03-22 08:20:59,True,0.1049,5.844e-05,205.307,0.012,0x44...fbef,https://etherscan.io/tx/0x637282a6ef0d1b8556332bb4d0cab8c410981529d8f2ce24f7b0f81a33e3cdaa
2023-03-22 08:20:35,True,0.1049,5.843e-05,1434.78,0.0838,0xf7...79cb,https://etherscan.io/tx/0xafe4b3cc5a3402b9d5c027818a939dd6463ea6af09bcab91177b965bf3bd48cf
2023-03-22 08:20:23,False,0.1042,5.808e-05,973.639,0.0565,0x89...6a09,https://etherscan.io/tx/0x7687bcfc120d48430efe1e84b7ea8a3f3bdbe40ed0388208cacdf592e07cb895
2023-03-22 08:19:35,True,0.1049,5.843e-05,1017.82,0.0594,0xc8...a08b,https://etherscan.io/tx/0x241b7700b7719c94c6fe61391ea39d03e648301d102f3dc420f5929bc79cd586
2023-03-22 08:17:11,True,0.1048,5.841e-05,2223.11,0.1298,0xfb...f792,https://etherscan.io/tx/0xa47aeda33c91c3ec70a175a316e8977da629294d676b0fe51867bee338d3a313
2023-03-22 08:15:35,True,0.1048,5.839e-05,592.387,0.0345,0xf3...89c2,https://etherscan.io/tx/0xf2723248984165f75fdf1488b3700e4b47b8ce2115b248e90e2064e977104e59
2023-03-22 08:11:47,False,0.1042,5.807e-05,6000.0,0.3484,0xc8...41d2,https://etherscan.io/tx/0xc9d718051ad955661dc13bd0ac8c372a5b234d404d99e05715fb8e951cd1ee37
2023-03-22 08:11:35,True,0.105,5.847e-05,1.10133,6.439e-06,0x20...c3ce,https://etherscan.io/tx/0x138893267c62028ed8c292e322d6b8d526aeec808c5e3f87bbbc6311b5b66271
2023-03-22 08:08:23,True,0.105,5.845e-05,1783.44,0.1042,0x7b...96c2,https://etherscan.io/tx/0x552490aa01c0717ba47c5b26b7d24938127aa702d377c7e842b6611f978dd358
2023-03-22 08:07:47,True,0.1049,5.841e-05,4261.16,0.2489,0xe1...a2e4,https://etherscan.io/tx/0x2127f33370e55b7b6066310b2e78cc5a867b013dcae3d8cb2895b1934f439664
2023-03-22 08:02:35,True,0.1048,5.836e-05,3057.1,0.1784,0x20...c3ce,https://etherscan.io/tx/0x55e70efa59662b6227b0e7f85998c049e8501a2bbc848e699604464f300ba423
2023-03-22 08:01:47,True,0.1048,5.833e-05,461.716,0.0269,0x9a...bc8e,https://etherscan.io/tx/0x27883c35021e7da732767eaaf7312f117266f6517b60569641e26634eff95c09
2023-03-22 07:58:35,True,0.1047,5.826e-05,10006.0,0.583,0xc6...029f,https://etherscan.io/tx/0xfc678c222256dfa547d2ba047829acd8f2561e60a8266a8910917f8f4e015315
2023-03-22 07:57:59,True,0.1045,5.819e-05,647.318,0.0376,0x88...3402,https://etherscan.io/tx/0x017a93d669ef26c0617567e00d1deac6191c5a30505512d1df5b6221678061de
2023-03-22 07:56:23,False,0.1039,5.784e-05,1444.81,0.0835,0xa4...7224,https://etherscan.io/tx/0x4341cf291e6237b63e76bea2232c2c4950bf9280a6675313edf4a700939d8fc3
2023-03-22 07:56:23,False,0.1041,5.792e-05,10000.0,0.5792,0xce...b6a9,https://etherscan.io/tx/0x1e8c8a723a9c4ab45c9bf017ec19eb74fbb534bc3dc3e8a21a7edc2c099a5a8f
2023-03-22 07:54:11,True,0.1048,5.834e-05,424.746,0.0247,0xbc...b28b,https://etherscan.io/tx/0xf04924e5f2b093c204c72cef0a76b3c1eb4815e370b193276f92b41b82a6898b
2023-03-22 07:52:47,True,0.1047,5.828e-05,8364.57,0.4875,0xb6...afdf,https://etherscan.io/tx/0x7b5e23927a48598b0cfacd24c1e351ef87a0665abfc7eeee91c262cd558644dc
2023-03-22 07:52:23,True,0.1045,5.816e-05,8495.96,0.4941,0x5d...0c15,https://etherscan.io/tx/0x4decaeab56e0e85292cdf702b32f5e831c8ce8b85da939d075c3c39d6f5eb4f8
2023-03-22 07:48:11,True,0.1044,5.809e-05,1279.72,0.0743,0x1e...a560,https://etherscan.io/tx/0x7ba195d3f17e97665dba60cc5832c3a743571040b827cd173bc34508696bd78c
2023-03-22 07:44:11,False,0.104,5.791e-05,25168.6,1.45759,0x3d...04e4,https://etherscan.io/tx/0x9ecd98590f4feb04370c226da5a70b36470a942269e029dc9b71116b62960272
2023-03-22 07:40:11,False,0.1047,5.819e-05,15000.0,0.8729,0xbe...de62,https://etherscan.io/tx/0x1214e04842e677c4d7f51e8f3901777555aaefb2accd1470264d36d21b586f43
2023-03-22 07:40:11,False,0.1051,5.843e-05,18238.0,1.06565,0xc2...b42a,https://etherscan.io/tx/0xc68732003b0b091241ad528fba3a95f081afb4eb3331e90c26d276241b391147
2023-03-22 07:39:59,False,0.1053,5.857e-05,2000.0,0.1171,0xd9...8d50,https://etherscan.io/tx/0x3357f8fc442361339376ae4e27dc1fc837ea50f5df9202338835d2315225964a
2023-03-22 07:38:11,True,0.106,5.893e-05,431.754,0.0254,0x96...fd39,https://etherscan.io/tx/0x5ed39bd828c2ef8143b647cef9106084862a85d1b66596198426de24a949bf3a
2023-03-22 07:35:59,True,0.106,5.892e-05,1677.76,0.0988,0xcc...f512,https://etherscan.io/tx/0xacc239fcd2b19a18fd8bc464ecfa47053f45957e1c8699b5e88f5ad9f951e3ef
2023-03-22 07:34:59,False,0.1053,5.857e-05,2091.31,0.1224,0x7f...18eb,https://etherscan.io/tx/0xbba0f40931265a80fedd81ff7043ae42803c60df8e3cecd3cf044908c60f4292
2023-03-22 07:31:35,True,0.106,5.893e-05,588.666,0.0346,0x58...9028,https://etherscan.io/tx/0xd88c44629e0c54467ab96c2c9179b431b95ed8e461c18f07aac73b861ee0227a
2023-03-22 07:30:47,False,0.1053,5.858e-05,1486.23,0.087,0x05...93c8,https://etherscan.io/tx/0x2ef096e14c998cadfa3cfd25b66edf09bdfadaf7f9d15797f4d175a00083d6b9
2023-03-22 07:30:47,True,0.1058,5.881e-05,18679.0,1.09868,0xc6...f366,https://etherscan.io/tx/0xd35d64ea57dabb5c728fe7081e8682c1b24e7399b157440adc2cede76f67e589
2023-03-22 07:28:23,False,0.105,5.833e-05,577.0,0.0336,0x2e...f345,https://etherscan.io/tx/0x98db2a10afe7e262dd1ef947f1de2d03ec42bf4360722f9f87bc5c8b062923e0
2023-03-22 07:27:59,True,0.1055,5.866e-05,4582.65,0.2688,0x12...2ad8,https://etherscan.io/tx/0x8d5ecc1de1c5b5e6aac8238d7ead2d7f6084215757eaf551de6a96947e6855d8
2023-03-22 07:26:23,True,0.1054,5.859e-05,4588.92,0.2688,0x12...2ad8,https://etherscan.io/tx/0xa02f5c0292df6d1516339fb7c0a45ec1feaab87f9e8cb66c2ccc74cc9cf73aa2
2023-03-22 07:24:47,False,0.1048,5.823e-05,3823.31,0.2226,0x21...192e,https://etherscan.io/tx/0x041c30891673dc282f0239fd0f4e9b3a8caf13ecf760000a59b9853f3b54454b
2023-03-22 07:20:11,True,0.1054,5.861e-05,843.229,0.0494,0x3b...44ed,https://etherscan.io/tx/0x88bef94f87af150fa08dc98f8c3ae4ea28a57dbb6f4156a6a2853f75131dd82a
2023-03-22 07:19:23,True,0.1054,5.859e-05,894.676,0.0524,0x77...d4a3,https://etherscan.io/tx/0xf1966e486dc3f89312606e98c9feef5e0b2474428ae5810972830eb1a43bccd1
2023-03-22 07:17:11,True,0.1054,5.856e-05,3384.92,0.1982,0xbe...f815,https://etherscan.io/tx/0xc10f1fc66d5c1db109c96feea6a920f6c1c28ee5c2b5af2891f51b83836d6dbf
2023-03-22 07:16:47,True,0.1053,5.853e-05,846.665,0.0495,0x0e...eac9,https://etherscan.io/tx/0xef8b8daed7e659c25bc52d170e1a72d6e5c7ba175302070da587746f61b882d3
2023-03-22 07:16:11,False,0.1047,5.821e-05,5030.68,0.2928,0x1b...ea67,https://etherscan.io/tx/0x906148eed5727cafb5d0f95ec8e002f7a403ab2defbe4456c3f22c9a754dbc2b
2023-03-22 07:14:23,True,0.1051,5.846e-05,19949.3,1.16627,0x17...272e,https://etherscan.io/tx/0xe5c78f6a88be15e64646b9e4e2b442ba96ef40202e8ee0c4981ab9fc02aa6286
2023-03-22 07:14:11,False,0.1043,5.798e-05,2504.69,0.1452,0x76...7d5e,https://etherscan.io/tx/0x30e9a808ce10d6da025e0fcb265268f50cd779a9839588ed28c0b02950405561
2023-03-22 07:12:35,True,0.1049,5.835e-05,509.619,0.0297,0x88...ffe8,https://etherscan.io/tx/0xbd1b81ad7ceb7fea76fc35105da36a3d29c4fd77f9d7fe28b4aeb70679a8d8f4
2023-03-22 07:11:59,True,0.1049,5.834e-05,990.856,0.0578,0x18...ca0e,https://etherscan.io/tx/0x44cc65582376014bc1ab7eb429c5d84084eb47c9396aeb191d55cffec1bc5450
2023-03-22 07:08:59,True,0.1047,5.816e-05,23431.1,1.36297,0x5e...86b8,https://etherscan.io/tx/0x8d6eb77a7dfef1707c1d52fb62485ed3a34cd9ec805dcad17165c4948a802854
2023-03-22 07:08:59,True,0.1044,5.799e-05,1110.94,0.0644,0xbe...f815,https://etherscan.io/tx/0x7a7a6a307aad0da21204c66803a0930dde41f0f33bb0332302822442a486b75e
2023-03-22 07:03:47,False,0.1038,5.764e-05,200.0,0.0115,0xb4...0002,https://etherscan.io/tx/0x65efc41af0b81ba3e84cd0f80fe2d66985270b1a9ae0e7191bc662cce5493603
2023-03-22 07:02:23,False,0.104,5.772e-05,11400.7,0.658,0xe5...22f8,https://etherscan.io/tx/0x309a2cd364513ca7bfdf34edb227db739dc837d25c66496fe7b2a31c7ab93ca0
2023-03-22 07:02:23,False,0.1042,5.781e-05,2125.9,0.1229,0x7f...18eb,https://etherscan.io/tx/0xf8ee8e61fea5e3a325b7b29f5dac16f6464e2553f73d0db705dcca6938decbb9
2023-03-22 07:00:35,True,0.1046,5.806e-05,17223.5,1.0,0xc2...1e59,https://etherscan.io/tx/0xb9d3b26bd965d7b412aa142ebcb44cd654c200a8210eede161c55ea01a7bb316
2023-03-22 06:57:59,False,0.1038,5.759e-05,495.427,0.0285,0xae...ae13,https://etherscan.io/tx/0x52911adf5ccda1b204b970190ce34ce872393bfc24ad4f78700e906275eb2afb
2023-03-22 06:57:59,True,0.1044,5.792e-05,3665.52,0.2123,0xe3...b792,https://etherscan.io/tx/0x4b4beb62945d8605e781544a321394801f52e2da8576cc73b68c391aaa168e6c
2023-03-22 06:57:11,False,0.1037,5.755e-05,1247.61,0.0718,0x18...d139,https://etherscan.io/tx/0xa39485c400d6fb08e36e38c7a93d797e856ba01bb50006f7b7b9948b80545a2c
2023-03-22 06:53:11,True,0.1044,5.79e-05,1369.53,0.0793,0xc6...af38,https://etherscan.io/tx/0xd606ab373dcd35a7d94698106baeedea8b8f41f1428a475c1a4e34134bbab3aa
2023-03-22 06:52:59,False,0.104,5.769e-05,20710.0,1.19477,0xd2...beaa,https://etherscan.io/tx/0xb2c9997f89b79b589066373c6f151b7597b0388f0c9a1b2a42a79a7905893088
2023-03-22 06:52:11,False,0.1044,5.789e-05,8898.51,0.5152,0xb0...f167,https://etherscan.io/tx/0x54887d27796d71080a8e21c557e9c847ea49ec1d44c0f12e7d150883681a6ca3
2023-03-22 06:51:35,False,0.1045,5.796e-05,704.781,0.0408,0xd7...a3b2,https://etherscan.io/tx/0x88cc75802b9ad35bbe649dc82529feba7c0ecf0b4f775e8711d3c47405e7f561
2023-03-22 06:51:35,True,0.1048,5.813e-05,26157.9,1.52066,0x49...2e6e,https://etherscan.io/tx/0xd3d46ab418b88a4c4b583a1cae1d8ea265f53f47ee9dc5fc5c0f54316ddadfee
2023-03-22 06:51:11,False,0.1038,5.761e-05,1084.55,0.0624,0xa0...17a3,https://etherscan.io/tx/0xa07d0a332694be5645b38e12305fe5a69d7ccfa5bb5229e200f7445bd04ba781
2023-03-22 06:50:59,True,0.1044,5.79e-05,9000.0,0.5211,0x06...71be,https://etherscan.io/tx/0xea4b4febaca84fe57b42eb12d2185f65057850f6e9459095198a4041c6f867bd
2023-03-22 06:50:59,False,0.1036,5.749e-05,321.144,0.0184,0x00...3d00,https://etherscan.io/tx/0x92e02d3e8b7f9b44ae22b7452a8549f70215fb2551d9a99d1f071c0c6b0961d2
2023-03-22 06:50:47,False,0.1037,5.751e-05,2965.17,0.1705,0xe4...53d4,https://etherscan.io/tx/0x1080c5f85a0ae4a3e6cdb5d0b96111b56547044347bb07802795d9afcd3e8eda
2023-03-22 06:50:23,False,0.1037,5.755e-05,2767.44,0.1592,0x13...062e,https://etherscan.io/tx/0xd109e3a4dcf908364fe530c27b0c2f474a2bf533dfbf7c7688cc6c716c148ec3
2023-03-22 06:50:11,True,0.1032,5.727e-05,93135.7,5.33464,0x05...6bac,https://etherscan.io/tx/0x36157b7bc025998440020193de5cb248f2e23632d0a8c8de87be5dc75d465256
2023-03-22 06:49:47,False,0.102,5.659e-05,43485.3,2.46109,0xd5...139c,https://etherscan.io/tx/0x4e8d44f6d1ff3ec8020aaadc36803c2f35353e4f6621aaa4602d9acf82a030da
2023-03-22 06:49:11,False,0.1026,5.691e-05,4195.11,0.2387,0x76...7d5e,https://etherscan.io/tx/0x56c3ac1d2ac9fa70b84a109611426efbc91d23f8eccee86806e909b233f31b93
2023-03-22 06:49:11,False,0.1027,5.696e-05,1795.94,0.1023,0x76...7d5e,https://etherscan.io/tx/0x56c3ac1d2ac9fa70b84a109611426efbc91d23f8eccee86806e909b233f31b93
2023-03-22 06:48:59,False,0.1027,5.7e-05,4351.01,0.248,0xe4...53d4,https://etherscan.io/tx/0xd94f46ca3c0bdbfee0edc37251417923f03af67862f25b14c897b1e577ffee33
2023-03-22 06:48:47,True,0.1022,5.67e-05,98886.5,5.60684,0xbd...53cb,https://etherscan.io/tx/0x82a645b75e2dcc853380b94b99850a288f855abf313679510b0581844c188864
2023-03-22 06:46:35,True,0.1009,5.602e-05,746.857,0.0418,0xdb...d56c,https://etherscan.io/tx/0x9ffb5d33b2641271f22063d8790d69b4015d09aa3b62bf61c955ccdae0c0de86
2023-03-22 06:41:47,True,0.101,5.602e-05,442.355,0.0247,0x36...c6bd,https://etherscan.io/tx/0xbd878470c12652d85ee87c37b702abe88b2adf2a2adbfe831f41877854470d96
2023-03-22 06:41:23,True,0.1007,5.59e-05,16832.4,0.941,0x55...1919,https://etherscan.io/tx/0x9cc302314de40a43512c821e656513dd1db4500d7370260ce86af51626d8726e
2023-03-22 06:40:59,True,0.1005,5.578e-05,1962.24,0.1094,0xd6...0958,https://etherscan.io/tx/0x2360ea28ee7eca1e4ac1dacb535cc6859900a40d2839d2a8fb40229bf5982d49
2023-03-22 06:33:23,False,0.1001,5.546e-05,5083.44,0.2819,0x27...0add,https://etherscan.io/tx/0x7b88d59c9109b1b92e5b05a8f2c6953f79ac61bee725e1a6bb8bfbb01719fb39
2023-03-22 06:32:35,False,0.1003,5.557e-05,11045.2,0.6138,0x76...7d5e,https://etherscan.io/tx/0xaea648c261bb8a5e1b4206dedf2efbaf48f280cbda058dfb1bbdb8fbd13b3dcf
