datetime,buy_order,price_USD,price_native,amount_token,total_native,maker,etherscan_url
2023-03-21 19:40:35,True,0.09591,5.374e-05,12354.0,0.664,0x01...8ba4,https://etherscan.io/tx/0xcc35e9c9d35d80d52200bde5ae0516f21975412afd5fc238452c83b19b52582d
2023-03-21 19:39:59,False,0.09562,5.358e-05,37500.0,2.00935,0xf5...10f8,https://etherscan.io/tx/0x93b2094ece7f4ae9eadd8908a353325f7c38f4d6d9c22ccdc0260cc8c869c177
2023-03-21 19:38:59,False,0.09614,5.382e-05,2000.0,0.1076,0x32...119f,https://etherscan.io/tx/0x1c8f5923d43515113b33b03beca136752240fc8563a93d92a204236b0bc99a1b
2023-03-21 19:37:11,True,0.09675,5.416e-05,1023.64,0.0554,0x22...bfb3,https://etherscan.io/tx/0x0f3cbd3729c20a6f8cf224cc14ae354424f2b0f34df2ce2b25233d0747a0e88b
2023-03-21 19:32:59,False,0.09615,5.383e-05,500.0,0.0269,0x10...6d5f,https://etherscan.io/tx/0x32fc49098d96f16ad3514444841be5d5eb5165b3fbf69eeac5f1bd7b0e7fe5f7
2023-03-21 19:31:47,False,0.09649,5.402e-05,29970.0,1.6191,0xf5...10f8,https://etherscan.io/tx/0x1a1c21e873b8bb1796b98e30cd75649b20a5e51d5fdd427fa64b43ccf747685e
2023-03-21 19:29:23,False,0.09659,5.424e-05,4700.0,0.2549,0x2b...c62c,https://etherscan.io/tx/0x932a727339f92e60c771a48b37d36d1cf9402204da927c0beadb84373fe37aff
2023-03-21 19:24:23,True,0.09663,5.427e-05,51002.6,2.76814,0xa0...fb8f,https://etherscan.io/tx/0x7bd09c24544cedd339604ed4f3c84c45d753eecbc659a377b201483a255a3643
2023-03-21 19:24:23,True,0.08573,4.815e-05,1030804.0,49.6341,0x49...2563,https://etherscan.io/tx/0x74ea2386e627a80505a65636587e3b10bf70b460a7821decf55a8796940158db
2023-03-21 19:24:23,False,0.07687,4.317e-05,100000.0,4.31791,0x20...e99b,https://etherscan.io/tx/0xdf25586d85c28fb1615792adcf7c8efafe5deb1f3ee24d3d5b414dc653f45446
2023-03-21 19:24:23,False,0.08697,4.884e-05,1016065.0,49.6341,0x49...2563,https://etherscan.io/tx/0x7e07008d5c4d28c771aa674d122b20619658e05c4980815a9a77bf2288d8a089
2023-03-21 19:23:35,False,0.09729,5.475e-05,12000.0,0.657,0xf8...5920,https://etherscan.io/tx/0xdeb5da065a50ab3572e059d9bc9d473538816f957ef498aecec6125a45372a94
2023-03-21 19:23:23,True,0.09859,5.548e-05,47941.4,2.66,0xc3...2aa5,https://etherscan.io/tx/0xdef3db03c1eb6bd1c221b63ef8b84e44af89d1870058219e8c340302dd0488d1
2023-03-21 19:23:23,False,0.09688,5.452e-05,49317.8,2.68902,0xc3...2aa5,https://etherscan.io/tx/0xdef3db03c1eb6bd1c221b63ef8b84e44af89d1870058219e8c340302dd0488d1
2023-03-21 19:19:11,True,0.09871,5.515e-05,2500.25,0.1379,0x42...cf69,https://etherscan.io/tx/0x840f9de4ff8bfc5e8fbb276f1705eef7bbde11ed4e07b3a104c21bf368b071c9
2023-03-21 19:14:35,True,0.09855,5.512e-05,2031.81,0.112,0x32...6dc2,https://etherscan.io/tx/0x40adc295f44a6872719a8bf119d23f38d234122d9984962089cd91fb188d46fb
2023-03-21 19:13:23,True,0.09855,5.511e-05,508.053,0.028,0xe3...6c13,https://etherscan.io/tx/0x5abdbebfbbe35323119a5d80f512c085c8748af690f3bc58b89f28724a1ac90c
2023-03-21 19:11:47,False,0.09808,5.48e-05,3863.55,0.2117,0xe4...53d4,https://etherscan.io/tx/0x67b55dd485cc2623482116392f137a21c458ce11a856252a19e4e1fe2dae9aa3
2023-03-21 19:10:23,True,0.09868,5.514e-05,2606.23,0.1437,0x9a...f346,https://etherscan.io/tx/0x26cb0c8b44dd919b0b6e7737b89b924e39c3d09bac14da42b9f3f1884e8879c8
2023-03-21 19:10:23,True,0.09863,5.511e-05,1353.87,0.0746,0x3d...f51a,https://etherscan.io/tx/0x31824dd9a0e6d29effa5bcaa51b4b13e7e823aabff9f5fca34b9de054fa5f6d7
2023-03-21 19:08:59,False,0.09806,5.478e-05,1000.0,0.0547,0xa9...7d42,https://etherscan.io/tx/0x7c1ccb88fb6fcab5c6bd75f8c929639b4201b03154d923fee9a0315426f1f1f9
2023-03-21 19:07:47,True,0.09845,5.499e-05,19992.5,1.09941,0xdc...b1b8,https://etherscan.io/tx/0x3bb5ee0a2fb5bebe28e1d225f2e8c17acdae34b5d345dffd856666a5eb268447
2023-03-21 19:06:47,False,0.0977,5.456e-05,5639.42,0.3077,0x26...c6ec,https://etherscan.io/tx/0xca0db6bbd9b7485a7bc4ed980b5c7757ab265074b01ec5ac01e6974e447cd17d
2023-03-21 19:06:35,False,0.09783,5.464e-05,6000.0,0.3278,0xe5...8408,https://etherscan.io/tx/0x3e223dd6c65792d94ed0ce2b4e1b73a59fb21e5b677b86668559f499ea1f1736
2023-03-21 19:06:11,True,0.09847,5.5e-05,1081.27,0.0594,0xad...2381,https://etherscan.io/tx/0xa97f940e5d338db7c3a29b0aff7b74641039ec94af2568f0afc34731b73729d9
2023-03-21 19:05:11,True,0.09837,5.499e-05,916.497,0.0504,0x5f...b967,https://etherscan.io/tx/0x2c678c64b5e60be5f8b397f5d00622f95f31d7b4de2c1dcc747558534b5030bf
2023-03-21 19:03:11,True,0.09829,5.498e-05,18.0273,9.912e-05,0x48...8903,https://etherscan.io/tx/0x1019c776c0131a06e98f2d03067e097317ef6e32aecedfeb6eb5905a644342ac
2023-03-21 19:02:59,False,0.09781,5.472e-05,10000.0,0.5472,0x4e...7fe0,https://etherscan.io/tx/0x0de2e5f6aa9c1b0cdf13651db1e09d91ca2b8e559beaa4e13126caab91ae7a99
2023-03-21 19:02:47,False,0.09806,5.486e-05,11704.6,0.6421,0xf6...7932,https://etherscan.io/tx/0x24b2fabf9a0102d1a16854736ff839148d6632b5ed4738c67eba4f3738c303fe
2023-03-21 19:00:23,True,0.09878,5.517e-05,14398.1,0.7943,0x43...d886,https://etherscan.io/tx/0x3ca3655517bf0dc243591b03528c9ef0804169994ffcee390424171e9c4cabca
2023-03-21 19:00:23,True,0.09861,5.507e-05,453.913,0.025,0x3f...b1cf,https://etherscan.io/tx/0x060e3b583724187da9ca84910e4a49b62a035d90eee28a8b2e5677cdbe1218ff
2023-03-21 18:59:47,True,0.0986,5.507e-05,539.993,0.0297,0xd2...4e5e,https://etherscan.io/tx/0xcb993982b15dad153b04c1c1d4d90b211c616ee53de7bad5df38980e875bccd1
2023-03-21 18:59:47,False,0.09809,5.479e-05,8243.3,0.4516,0x05...93c8,https://etherscan.io/tx/0x799d81b5d6a81c7dadb3cd4615226535e1b448bd576ecb448b37a1ebc017346b
2023-03-21 18:58:23,False,0.09859,5.498e-05,18012.0,0.9903,0x8a...84c6,https://etherscan.io/tx/0x76bd4788bf79fe6680fbe14575061ae5f8485500673a136ce618d075b6c95bda
2023-03-21 18:58:11,True,0.09937,5.542e-05,1788.56,0.0991,0x3d...8e37,https://etherscan.io/tx/0x95a7cb802fc0cbdfd7b0014b05f23b63eccfa1a72e18a43d58b3bcbd5afea89c
2023-03-21 18:56:59,True,0.09938,5.54e-05,1407.93,0.078,0x3d...8e37,https://etherscan.io/tx/0x513b0e590f5f3cc866554acc8e4b3d8ec6b55d69b949e456607f78599257af9f
2023-03-21 18:53:59,True,0.09931,5.538e-05,375.819,0.0208,0x62...f81f,https://etherscan.io/tx/0xb7e13d6135b303fd5c4eac07ba359ab88159f3726e72f517c6320b4dc1d5ec97
2023-03-21 18:51:47,True,0.09927,5.538e-05,1004.88,0.0556,0x93...e0bb,https://etherscan.io/tx/0xf6d15520bd48c5cee49c823da514d6710fb801071b78c0151fadd8543dafc1ef
2023-03-21 18:51:11,False,0.09854,5.507e-05,5076.46,0.2795,0xc8...fdfd,https://etherscan.io/tx/0x18e085b2962d8e89bc4f2285076ad3a259a1de2e23f32836a3a23427e2c24c17
2023-03-21 18:50:35,False,0.09864,5.512e-05,1961.5,0.1081,0xf1...ee10,https://etherscan.io/tx/0xc9848ec719e8f79bd92ead3916d13929a936e2ba62d7388b9e580119745d9de1
2023-03-21 18:48:23,False,0.09889,5.515e-05,2838.46,0.1565,0x74...297e,https://etherscan.io/tx/0xbb3492bb7a583ba5ded52ea200ada471f484966f2514af929a9853ac16f23bb1
2023-03-21 18:47:11,True,0.09943,5.55e-05,134.393,0.0074,0x25...f592,https://etherscan.io/tx/0x5e15069bc79c04e7a6585a391b936ee0fa705f61fa44698bfcf916a1793b4f32
2023-03-21 18:45:11,True,0.09948,5.549e-05,178.606,0.0099,0xf5...d413,https://etherscan.io/tx/0x293dc4065c0d1f346142b2ba69be5dc01cd9c39991d0ebcc959ec5b3dae49f02
2023-03-21 18:44:59,True,0.09947,5.549e-05,625.179,0.0346,0xb2...14ec,https://etherscan.io/tx/0x72c1a6507ea82e2dc1a7b84ceeade46bd04e16bb32110d19504d486d171b7b8e
2023-03-21 18:44:11,False,0.09896,5.517e-05,3000.0,0.1655,0x30...f2e8,https://etherscan.io/tx/0x8f32fec6a5d0d3a21ef956cb3645f498ff3f47f5a68eb14f54d8f3545f83862a
2023-03-21 18:43:47,True,0.09964,5.552e-05,892.641,0.0495,0xd3...0dd5,https://etherscan.io/tx/0xf57c0d0cf819e3ff73e8582db26cb4148f43abcd7b3c6a1f3e25550d8b6c6deb
2023-03-21 18:43:47,True,0.09958,5.549e-05,3572.45,0.1982,0x33...f654,https://etherscan.io/tx/0x5fede5f572dabc7a9f0901a312e59eb96c15132161a30ed006822188bedb23b2
2023-03-21 18:43:11,False,0.09896,5.514e-05,1030.0,0.0568,0x92...c30e,https://etherscan.io/tx/0xfad3fe9d5531a76135b38fcbff794dd93e02f6ab5b2b9e3bd8eb1a50fbe04120
2023-03-21 18:41:47,True,0.09941,5.54e-05,12650.5,0.7008,0x2c...4fea,https://etherscan.io/tx/0x7d8167a106236e81c512350289c147aa567844a5158c7329d2e109001ac25fb7
2023-03-21 18:41:47,False,0.09872,5.501e-05,4762.43,0.262,0xfa...f6c0,https://etherscan.io/tx/0x95d4ef47ee5e360928066c1d53ecd7e1ef9e11805eedd3628964ec9ef8a33fef
2023-03-21 18:40:35,True,0.09953,5.535e-05,4477.08,0.2478,0x52...ef6e,https://etherscan.io/tx/0x44fac8fb568416a6a6df4656ede8f0947c32d053f6c1acf98fe32e5acd59602b
2023-03-21 18:39:23,True,0.09958,5.53e-05,3226.43,0.1784,0x4b...f5ce,https://etherscan.io/tx/0x7668e97f03e43e4510a318d96ece1c9159565f1683537e96bc74be8b162baee7
2023-03-21 18:32:35,True,0.09954,5.527e-05,197.98,0.0109,0xee...3e20,https://etherscan.io/tx/0xca89096a55479c83ea098296ea856521bbf8f9664bb410548dc8248cbf2ca513
2023-03-21 18:31:59,False,0.09901,5.498e-05,5250.0,0.2886,0x41...df7f,https://etherscan.io/tx/0x25fe9fbee4b1171ae5e2aefd1148c096cf4cec93ee4a2144fdf8b5890fe66738
2023-03-21 18:31:23,True,0.09977,5.533e-05,1235.98,0.0684,0xb2...14ec,https://etherscan.io/tx/0x827838dfda2ec85a72dd9888dce8d916d09ae045042fc527a685d30254d17d56
2023-03-21 18:30:47,False,0.09923,5.5e-05,1207.0,0.0663,0x12...3198,https://etherscan.io/tx/0xa62fd7f693df86b746a941ff6f34d8752a5df3760d7742e16b33534ad16a8343
2023-03-21 18:28:35,True,0.09987,5.53e-05,6654.38,0.368,0xc9...1932,https://etherscan.io/tx/0x5be84e75c0657bba106785e6054f0461c597e061c1f02507657e1b33fd34d779
2023-03-21 18:28:35,True,0.09978,5.525e-05,792.221,0.0437,0xd0...0d32,https://etherscan.io/tx/0xad4f35e5ed44c86d59e0bf804b6382ed765e58cab241e5cf0f4fe6e11585b297
2023-03-21 18:26:59,True,0.09976,5.523e-05,1974.05,0.109,0x3e...f791,https://etherscan.io/tx/0x08769cd4b236ed9897240656b20ef181da5001aaa68f872bdcae492f98eb0de4
2023-03-21 18:24:59,True,0.09982,5.522e-05,448.776,0.0247,0x71...bb72,https://etherscan.io/tx/0x50932a163600a55214b491b858c94e16a2d271ac26ec64eb5085e73dfec2031e
2023-03-21 18:24:11,True,0.09981,5.521e-05,1099.55,0.0607,0x79...d847,https://etherscan.io/tx/0x0e4bb9b7fbec6a1df05b0d7014ed58effe2ea88a83a07740388cafa28fdebf44
2023-03-21 18:23:35,False,0.09932,5.493e-05,10000.0,0.5493,0xa8...5681,https://etherscan.io/tx/0xffc2cd2e25b6cb32ca4502b6e5451c6bcc19b88a7600df12882c54b5ec4d540d
2023-03-21 18:23:11,False,0.09956,5.506e-05,10000.0,0.5506,0x9e...a2d8,https://etherscan.io/tx/0xcbccf4e45fc36ee80697d5c402df3ca04feeff8a5dc32fe90555fc62ac5ce4ad
2023-03-21 18:23:11,False,0.09979,5.519e-05,10000.0,0.5519,0x84...88b1,https://etherscan.io/tx/0x27b43698a59781931eaf0364f18bfa2c8c5d86fb4777327aa14d78811dcba33d
2023-03-21 18:19:23,True,0.1003,5.558e-05,984.423,0.0547,0xfe...98b7,https://etherscan.io/tx/0xc47da99f945e6bf6436d81a72c59f9bafc4ff84b98c4031c0930366b9023e129
2023-03-21 18:17:11,True,0.1003,5.554e-05,5106.02,0.2836,0x00...8056,https://etherscan.io/tx/0x5d4a9470e5d519621e8a91f5d4c0639a474388dd402a0e10572f3081f68d3837
2023-03-21 18:16:23,False,0.09987,5.524e-05,9912.5,0.5476,0xea...1833,https://etherscan.io/tx/0x252a9e09ca5ba4941439c9ea15fca6fe793ffb0fcfadf463a70ab40a25b01b36
2023-03-21 18:13:23,True,0.1003,5.552e-05,17852.0,0.9912,0x8c...9970,https://etherscan.io/tx/0x5986d9702e24e4f8d274d882fb2ce448119a304aa09da76dbdb74d5995dc9f05
2023-03-21 18:13:11,True,0.09998,5.533e-05,10926.8,0.6046,0x82...bce3,https://etherscan.io/tx/0xe4142fc44c0a7e4a99962f1d15bcc2333e5bd81864224c688f22476e57274a43
2023-03-21 18:12:35,True,0.09976,5.525e-05,1104.02,0.061,0x1a...2bf4,https://etherscan.io/tx/0xe0c4c73898f2d685b48995827699678c063efbd38d974836dbbd8e50e3802e89
2023-03-21 18:12:11,True,0.0997,5.524e-05,717.68,0.0396,0x60...c165,https://etherscan.io/tx/0xe4fd447dd978c1327250fc89a9af751ee11673839c21a604c6367318aa7949e0
2023-03-21 18:10:23,True,0.09948,5.523e-05,807.535,0.0446,0x41...feb1,https://etherscan.io/tx/0xab9593a7153e6db7bc7e96c24ad822efec0d7001ab9e9c21e6b33c93c684a486
2023-03-21 18:06:47,True,0.09949,5.522e-05,1561.67,0.0862,0xc8...6f52,https://etherscan.io/tx/0x09b4936a929ca21d076994bc465984e9a9d49f7ba91c86e27e7c04a2cdb3bf85
2023-03-21 18:05:59,True,0.09992,5.52e-05,568.059,0.0313,0x7d...563c,https://etherscan.io/tx/0x7a01fd20f7714c20ab86915b396afe0f92682b4a92bd2ebfa8901823de5d1a06
2023-03-21 17:59:23,True,0.1002,5.519e-05,2155.26,0.1189,0x60...721e,https://etherscan.io/tx/0xf3d86f5b0d002d9ae648cb416f76eea320b347740a8141608c31b42105b3f567
2023-03-21 17:55:11,True,0.1001,5.515e-05,2731.57,0.1506,0x7a...f52f,https://etherscan.io/tx/0xa054478d538e09afe9d172e46a2523a4a7724d7b929bb12a248c54274d09d786
2023-03-21 17:54:23,True,0.1001,5.513e-05,589.532,0.0325,0x22...0df8,https://etherscan.io/tx/0x8986370ec6dd8096d0fe8190cb46d587277ca78b0163fbbf8c7eb3513637d20e
2023-03-21 17:54:11,True,0.1,5.513e-05,227.994,0.0125,0xc1...d499,https://etherscan.io/tx/0xb0072fbb2a72b5e9ab277821846103e79b8253e8fcd807137ffc8673e4d2971d
2023-03-21 17:52:23,False,0.09939,5.481e-05,1757.64,0.0963,0xae...3e92,https://etherscan.io/tx/0x56c2268248864f0c3eca862ab9020044b3e21ee1238d85af03e213dd473f996f
2023-03-21 17:50:59,True,0.09993,5.513e-05,2140.04,0.118,0x35...b5a6,https://etherscan.io/tx/0xaaf9b13e3b33d488f4d22ca8df283c166b82fd9cb2eb3c0a570940c0caa42cf3
2023-03-21 17:50:35,True,0.0999,5.512e-05,374.163,0.0206,0x7d...81cc,https://etherscan.io/tx/0x98b8a32a456481e26c47910b89214c8235dc1799568cef266bcd550645bafe05
2023-03-21 17:50:23,True,0.0999,5.511e-05,196.249,0.0108,0x22...0df8,https://etherscan.io/tx/0xe08da665ddabcbecc92e0762a8124f5692c3358371eaa6cdd424a377fa81cb4f
2023-03-21 17:48:11,True,0.09975,5.511e-05,1107.18,0.061,0x97...dffa,https://etherscan.io/tx/0x436086b9de3e0c345371f0ff25e2a1283e3ee21ad5941e5f017af8b193813142
2023-03-21 17:46:35,True,0.09969,5.509e-05,988.919,0.0544,0x71...6e3d,https://etherscan.io/tx/0x9c7c255db06d71fad4f92b134785914ea87de15b9aa66b9eaa24667a92a84356
2023-03-21 17:46:35,True,0.09966,5.508e-05,1211.9,0.0667,0x55...ce90,https://etherscan.io/tx/0x013184f3fe8a88ee003c790547f2cd629041eea9b0164bc28da4ee2d8fbef6fa
2023-03-21 17:43:35,True,0.0998,5.499e-05,11652.8,0.6409,0xe3...b792,https://etherscan.io/tx/0x3b42d3a0685efbfe211919d1db74f18067d26cc48957acf7a283ae51cf4cb423
2023-03-21 17:42:23,True,0.09955,5.489e-05,4514.3,0.2478,0x37...80e9,https://etherscan.io/tx/0x71341f119bba2231fc4993c32d28ffbe6a33d93f62b5c811fb04b92ed3e12095
2023-03-21 17:38:23,False,0.09947,5.456e-05,4678.09,0.2552,0xe5...882a,https://etherscan.io/tx/0x591bf22902c7a50512356d813a59453c9a89379cbc025f5cbaaeea9213d61eca
2023-03-21 17:38:23,True,0.1001,5.492e-05,691.457,0.0379,0x1c...8da1,https://etherscan.io/tx/0x9291b81330977c00561339d35bdc882a1cabb3f7b0db172844d542a95df561f9
2023-03-21 17:25:11,True,0.09975,5.49e-05,1388.26,0.0762,0x72...0f0e,https://etherscan.io/tx/0x85d1fd1f1140b9072e57bdd97d25e8f4f25acab32538a2ec1493d44b5dfcb629
2023-03-21 17:20:35,False,0.0992,5.457e-05,1000.0,0.0545,0x40...c54c,https://etherscan.io/tx/0xe95b10298700c389daf56f5204afba936164fbe9faeb15cfb69b244f20a41dc3
2023-03-21 17:15:47,True,0.09955,5.49e-05,1444.37,0.0793,0x4c...15bb,https://etherscan.io/tx/0xc3a5673ef9ec9fa8d55b580a47b3854a57d7392a4908364189d6095e06b9256c
2023-03-21 17:15:11,False,0.09908,5.457e-05,2000.0,0.1091,0x4f...c0af,https://etherscan.io/tx/0xaa45744ce1422591024f5e8d590e149785b14bf477be8956ff9af8c2970880cc
2023-03-21 17:12:59,False,0.09938,5.471e-05,19145.1,1.04749,0x76...7d5e,https://etherscan.io/tx/0x1127d47d04e19c7a7302d7c0578792a5b4a80d3fdb11606051a861096243dfc2
2023-03-21 17:09:23,True,0.1,5.515e-05,2336.52,0.1288,0xdd...2e87,https://etherscan.io/tx/0x66ba5dc6a64dc1d042a6ad34fa46acc2061e8aa6cc06316ce82dd31294ffc5bc
2023-03-21 17:06:35,False,0.09932,5.481e-05,1776.57,0.0973,0xee...0b60,https://etherscan.io/tx/0xf1fed73ced6ea33cb49dfe5fa47920636731cb943f3ac1b09672919ffe5ca244
2023-03-21 17:06:11,False,0.0994,5.486e-05,5000.0,0.2743,0xa1...c27d,https://etherscan.io/tx/0xb027629526c7a0d9d8ef0bc3657b0e9a1c176f069c61a684a501376b6aa70302
2023-03-21 17:05:11,True,0.1001,5.522e-05,246.933,0.0136,0xdc...132d,https://etherscan.io/tx/0x3d582c49c3addc18e683bcb953e8b27ae558bc6ff57ed30833def833223d9263
2023-03-21 17:01:59,False,0.09962,5.492e-05,5194.21,0.2852,0x76...7d5e,https://etherscan.io/tx/0xc71000de06e197149081a2b4a87dd2a03f21aaae4265fc9bd05b022428d102cc
2023-03-21 17:01:47,True,0.1002,5.526e-05,4405.73,0.2434,0x58...b2de,https://etherscan.io/tx/0x804e1b9b5cbbba68e48cf1504b3b3f3004fcb179045c00f5de5c1b2fb4e1042a
2023-03-21 16:59:23,False,0.09969,5.494e-05,7126.0,0.3915,0xb6...3518,https://etherscan.io/tx/0xaf895662c73f03078b3b6ab14925b05f42f63963f98d5d4d8dca3fd4c3df3385
2023-03-21 16:57:59,True,0.1003,5.532e-05,492.386,0.0272,0x20...38ce,https://etherscan.io/tx/0xa48f39c1e20db32c08530c1ee1b2ecd9eb1123b521613b573096f708fae390ca
2023-03-21 16:53:35,True,0.1005,5.531e-05,739.888,0.0409,0x12...7699,https://etherscan.io/tx/0x4caf48737fc332d79d047cac4d542743f387c1b589b45c10203f79b7b63f416d
2023-03-21 16:53:11,True,0.1004,5.529e-05,2715.43,0.1501,0xd0...2ea3,https://etherscan.io/tx/0x5b28a1c4bf72a3d25ab6bd6bca117112b925eb72f92a1f5a8c312b55b6a1dae0
2023-03-21 16:52:47,True,0.1003,5.526e-05,904.713,0.05,0x63...6af0,https://etherscan.io/tx/0x0b3881f433cd7b2baa759f21e50ea5d0cc6e7e54237bb41fe7c2362ca2d0d44c
2023-03-21 16:52:23,True,0.1002,5.525e-05,263.597,0.0145,0xbd...22ee,https://etherscan.io/tx/0x7d59d859f9f1d82e1dd78f5a1a7705d367b2ece5728194c98975426843f1ed33
2023-03-21 16:52:11,True,0.1001,5.519e-05,8972.19,0.4952,0x1e...bde9,https://etherscan.io/tx/0xa4840f2a38c480769672a9f3f1fc72e840c1db14c00ae39812ce64fe9b8a936f
2023-03-21 16:51:23,False,0.09946,5.481e-05,932.132,0.0511,0x5c...d666,https://etherscan.io/tx/0x40ecbbb7b809492e02a665320f0f22a901247aaeda6960a56e8d84800a5ef8a2
2023-03-21 16:50:35,True,0.1,5.514e-05,940.447,0.0518,0xc4...d8b0,https://etherscan.io/tx/0xaaa3bb40e0584e28682cc7519b48c17d9dd31c278acfc4c7faa1391f6e4fd150
2023-03-21 16:48:11,True,0.1,5.512e-05,2911.83,0.1605,0x67...f175,https://etherscan.io/tx/0xd79d888e9609ed1739818181343deab4a175f0ee0f745ea4d61362926292cb08
2023-03-21 16:46:47,False,0.09925,5.477e-05,995.73,0.0545,0xf7...6695,https://etherscan.io/tx/0xff364201d71c80aa0699dc24ac571241f1d28f0ae72c997a550b5a43bfff93cc
2023-03-21 16:42:47,True,0.09983,5.509e-05,3085.58,0.17,0x94...6063,https://etherscan.io/tx/0xdf3e68d1c87136d19cb1e18d254920747f1867c9e7c6954408061ccf492bff65
2023-03-21 16:42:11,False,0.09921,5.476e-05,2319.0,0.1269,0xb9...4f54,https://etherscan.io/tx/0xdbac6a3300fd8e2926524b7aaaea8bddd25c3aa4748bb2c06b121686801d55fd
2023-03-21 16:40:23,False,0.09943,5.478e-05,1010.11,0.0553,0x1b...ea67,https://etherscan.io/tx/0x4af7642325e37bbf3e912744df3399230ecb120e360cc785e627527d99c7c6f2
2023-03-21 16:35:23,True,0.09993,5.511e-05,992.325,0.0546,0x2c...a3cc,https://etherscan.io/tx/0xcfb032b3cbeed9ba0d430995b338de5183cf1241a81827a3971957504459dd2c
2023-03-21 16:35:23,False,0.09935,5.478e-05,2100.0,0.115,0x1b...ea67,https://etherscan.io/tx/0x781db51298c4e1fdabcd17e1097fb4c174c52e760424c254ce04a782545e8fa2
2023-03-21 16:34:35,False,0.09953,5.488e-05,13278.3,0.7288,0x8e...94f5,https://etherscan.io/tx/0xe60261c2da115d27d60129029e130c635401739da4643daade273818f69bdb84
2023-03-21 16:33:23,True,0.1002,5.529e-05,3038.41,0.168,0xd9...e177,https://etherscan.io/tx/0xf6598ae28272d4ea8fccf0d53927ec842dc6d848d6d2d6a51ba5b610cd6750a9
2023-03-21 16:33:11,True,0.1,5.523e-05,5431.16,0.3,0x8a...0e3b,https://etherscan.io/tx/0x387e5a9e9a6357a4461bf8eb2ccbd6c4e703b1cc109a2dc7bf512b94fead1e89
2023-03-21 16:32:47,True,0.09987,5.518e-05,2824.46,0.1558,0xae...dfda,https://etherscan.io/tx/0x227cbc0dd6d717eb2ad315d7572d82aa7848df69aed22b71c0cd5326e1257d2c
2023-03-21 16:32:11,False,0.0993,5.486e-05,5314.06,0.2915,0x1b...ea67,https://etherscan.io/tx/0xa8554811a775484f8655929b89118946bfb258f493ff82db6c9aded78ea7e70e
2023-03-21 16:28:35,True,0.09983,5.521e-05,2616.76,0.1444,0x8c...437f,https://etherscan.io/tx/0x9d843f88aeb8cdc604bdda2f90f3cf03b1d198ddc9e65cf1bc3f664d05d6ef3f
2023-03-21 16:25:35,True,0.0998,5.519e-05,808.166,0.0446,0x6b...96d4,https://etherscan.io/tx/0x7894dfacfc50499ee851e88dc278eae5b3d2152094fa55ef50c3c65ee68689c2
2023-03-21 16:25:35,True,0.09977,5.517e-05,2181.85,0.1203,0x75...33fc,https://etherscan.io/tx/0x2113c02e0b88781b853fdf597603997aec4b8ef02cfe4e9e7924ee66cda8fb20
2023-03-21 16:21:11,True,0.09983,5.51e-05,9246.31,0.5095,0x0c...03c6,https://etherscan.io/tx/0x92c1420adef329f0a8049786d096b3168c09e9b8559af36b2e578067a67b03bf
2023-03-21 16:20:23,False,0.0992,5.475e-05,5689.09,0.3114,0x29...42eb,https://etherscan.io/tx/0xf5a73f01651856a1ec998fa759ce84e5e01eaa1f13b228d22c0d82e74aad9ac9
2023-03-21 16:11:11,True,0.09969,5.509e-05,2782.62,0.1533,0xcb...c81d,https://etherscan.io/tx/0xd6538d9962faf2cceb60380a056fff9846cdc113c8e3d2cfd818b86ea3a85db2
2023-03-21 16:10:59,False,0.09908,5.476e-05,1650.0,0.0903,0xb2...640a,https://etherscan.io/tx/0xb4174ead2986248729dad0099456b747ec228d47c9f6eb5deb018ce7fc898523
2023-03-21 16:09:35,False,0.09933,5.49e-05,21173.0,1.16259,0x0f...af52,https://etherscan.io/tx/0x9f4de526e4e792649d59ef8686b865fcd0bc31e23e69716235709370081b2c0f
2023-03-21 16:07:59,True,0.1001,5.537e-05,1029.0,0.0569,0x4f...58e7,https://etherscan.io/tx/0x23ca38b7f3576e674255a4d8662c00c6fa674c8e6d1708d974c0afedb50d7f10
2023-03-21 16:05:59,True,0.1,5.536e-05,483.444,0.0267,0x62...f81f,https://etherscan.io/tx/0x1d2514903b7fae5de1bc7fafab76eb0b646339ad48a0a29d99a73c5672e0e61a
2023-03-21 16:05:23,True,0.1,5.535e-05,820.724,0.0454,0xc1...9b50,https://etherscan.io/tx/0xb7f3594f76cad97d1c71999386a528f6e0b312fb3e97b2f5a99c1468bad2368c
2023-03-21 16:04:23,True,0.1,5.534e-05,985.155,0.0545,0xd5...3ed1,https://etherscan.io/tx/0x705d73e0331a5804d8b7d3b5cbb4e9b66cfa7ff2215c983828fe7a81e06352a2
2023-03-21 16:03:47,True,0.09963,5.519e-05,20985.0,1.15831,0xb2...bca8,https://etherscan.io/tx/0x5bb0e9827aac82175dd6ab704e17ddce7fd487fd081d403cd0c941918723f7d6
2023-03-21 16:03:35,True,0.09925,5.499e-05,10982.5,0.6039,0xab...cd7a,https://etherscan.io/tx/0xf8b3fa4f2ac28cf77d5d9c6be9469fee1bd720e91cff8e10555dd1a059913252
2023-03-21 16:03:23,True,0.09907,5.488e-05,4773.37,0.262,0xea...9270,https://etherscan.io/tx/0xa63d06b55c0306448b104fc81d48e5f740f0e34abf215eff3189196468839a45
2023-03-21 15:58:47,True,0.09909,5.484e-05,1608.5,0.0882,0x33...ec3e,https://etherscan.io/tx/0xa60e7a51105d51150bb860deb64aae1c73cc90d8943ea45091bade88d1df0216
2023-03-21 15:57:35,False,0.09852,5.453e-05,3731.0,0.2034,0x91...0699,https://etherscan.io/tx/0xe8867d96ce55b48c7dd29ff6f859f01f0e0259020c50fcd245c9168fce8e556d
2023-03-21 15:56:35,True,0.09921,5.486e-05,3613.68,0.1982,0x36...ae5a,https://etherscan.io/tx/0x9c07a4b8db5848c40e4cc9b0482e83e284d03747c4daff31b883683c62e8727a
2023-03-21 15:55:23,True,0.09912,5.483e-05,909.142,0.0498,0x4c...cac9,https://etherscan.io/tx/0x52d2e75928ced0d01955d7f4ad28345404fcf72394ce836efec6401a5313dade
2023-03-21 15:51:11,True,0.0992,5.482e-05,813.673,0.0446,0xb8...23b6,https://etherscan.io/tx/0xda2d2f432b0c8f7ffa78a52fc99bab685b2f669f3d3538d777e539fd0a3a189d
2023-03-21 15:50:35,True,0.09932,5.481e-05,766.597,0.042,0x34...9e9c,https://etherscan.io/tx/0x51f517484f800d08259519f167900bb4130c46b6400bd1dd35b09c2da8632ec0
2023-03-21 15:49:59,True,0.09931,5.479e-05,1991.81,0.1091,0x3b...1236,https://etherscan.io/tx/0xc39bacd2afd344b28c429855e3f18b8815ab7a2251d1aa1c26cd203cca7860be
2023-03-21 15:48:59,True,0.09928,5.477e-05,846.8,0.0463,0x69...562f,https://etherscan.io/tx/0x5a88ecfa87975cd5abd164adb499cb9683f7e2e4c63cc016266c97c0d55a588c
2023-03-21 15:46:35,True,0.09931,5.475e-05,2353.48,0.1288,0xe0...89a1,https://etherscan.io/tx/0x0e3d6a76f61acc54038343e20ec9a060b92cd888630e5f8aa9ab148974267cbf
2023-03-21 15:46:35,True,0.09928,5.473e-05,724.409,0.0396,0xdc...14e5,https://etherscan.io/tx/0xe28ccc5e87f7a4541431d9b8d5707400eec93f70f4096086bda2a8bf3e3cf243
2023-03-21 15:40:35,False,0.09866,5.446e-05,10048.0,0.5472,0x3a...a2b6,https://etherscan.io/tx/0x722aaf5a32004334add9946690079857ffa7a604790eb339bbd41f389f327a12
2023-03-21 15:37:23,True,0.09914,5.485e-05,1071.17,0.0587,0xb0...e3fe,https://etherscan.io/tx/0xe405220313f407dbc8bcae28bc93dafeec2175ea46daab6f8b0b9e01966d0a88
2023-03-21 15:35:47,False,0.09841,5.453e-05,2975.96,0.1622,0x7a...6d48,https://etherscan.io/tx/0x03d7601afba58fa511e45f5d90a9aed59190a33181610424a9c24e0f92822ae2
2023-03-21 15:35:11,False,0.09856,5.461e-05,10001.3,0.5462,0x02...0ad8,https://etherscan.io/tx/0xcff496ff818f3cbf5c2a4a1a0e0099d77956e859d762ae40e36794f3bdc77165
2023-03-21 15:30:35,True,0.0993,5.498e-05,4866.67,0.2675,0x78...1b28,https://etherscan.io/tx/0x3199e6994bd9f2379d326a033703107616804a66a93418f862a67168333e3e7c
2023-03-21 15:29:59,True,0.09923,5.494e-05,327.59,0.018,0x5e...c74f,https://etherscan.io/tx/0x5724172cbbc5cb700ab9fc024e0b227b913c7ab0980c85dcdeea8aa9b028db06
2023-03-21 15:28:59,False,0.09869,5.467e-05,8500.0,0.4647,0x88...b670,https://etherscan.io/tx/0x151393e1a61061485a310416b28e45b0a6f34c19164f41881fd59cf840ba7cc4
2023-03-21 15:28:23,True,0.09931,5.505e-05,99.129,0.0054,0xaf...ce4e,https://etherscan.io/tx/0x3e5cb82c66fe2a676fca4a1f24d68cae87b6a4d11c646aa76c33f05864ee022b
2023-03-21 15:25:35,False,0.09888,5.473e-05,1358.43,0.0743,0x45...ab12,https://etherscan.io/tx/0xf2245a73ca74b03bd9de196d580144bfa78a9bb93a2e60e86520e5c248acc765
2023-03-21 15:22:47,False,0.0992,5.476e-05,3265.75,0.1788,0x7a...6d48,https://etherscan.io/tx/0xa7088eff5f3b420ea3ffd4da57adff27c5a9a02d3927f1eea6695ff6005834c4
2023-03-21 15:22:23,True,0.09971,5.504e-05,9993.89,0.5501,0x06...8263,https://etherscan.io/tx/0x2c287bc208333763560e264f8836936b3bcf387b4cf3a2adba5881978d7d5671
2023-03-21 15:21:47,False,0.09924,5.477e-05,19188.1,1.05107,0xe2...dbaa,https://etherscan.io/tx/0xa1a0763146843b15fa03e88b38cdc301f800416d0ee2257dab07ddacd8d6008f
2023-03-21 15:20:47,True,0.1001,5.522e-05,1727.73,0.0954,0x67...eb0e,https://etherscan.io/tx/0x68e42b72f88abb2368a7d02633c3ca80eb4a09be3cc43271a46dce3a3127ecf4
2023-03-21 15:16:23,True,0.1,5.519e-05,1916.13,0.1057,0x79...0741,https://etherscan.io/tx/0x9f9913c251d01832715dda31ca919fd236f22dceb5d1ad84f6930b3d37f6d61d
2023-03-21 15:14:59,False,0.09948,5.491e-05,10000.0,0.5491,0x47...ffc0,https://etherscan.io/tx/0x6a2c189980e49acf6ead6228ee401f1fe71d7530e24bc456626266014df3146d
2023-03-21 15:14:47,True,0.1001,5.529e-05,2993.76,0.1655,0x4d...3d32,https://etherscan.io/tx/0x26570b91a0ebaa03c50f5af5e31b9a28fff5aa9401ac24ee6349556de2e58683
2023-03-21 15:14:35,True,0.1001,5.526e-05,1650.16,0.0912,0xd2...d1f6,https://etherscan.io/tx/0x89f017ca7849b40987bf03e89e9e55b607ae3913bf236675a51ee0b5b2166ce9
2023-03-21 15:12:47,False,0.09968,5.496e-05,6938.75,0.3814,0x7a...a819,https://etherscan.io/tx/0x097db51d4002a551c51c7c5e58ec8f55d138fbc67fcacd5b886d870a3617c8b5
2023-03-21 15:11:47,False,0.1,5.507e-05,10000.0,0.5507,0x2a...fd87,https://etherscan.io/tx/0xcf7aa076897624f09527ed15d3c0041597c73a0c899d922a268eb60d031cb15f
2023-03-21 15:09:23,True,0.1006,5.542e-05,7153.5,0.3965,0xc9...cb61,https://etherscan.io/tx/0x3eb8212277fa2f9672eb441b025738d4df0ee1d8d911379a149878ee4aff4cca
2023-03-21 15:09:11,True,0.1004,5.525e-05,19381.9,1.07093,0xe2...dbaa,https://etherscan.io/tx/0x9c38885944c18c9dc4b526e232131bfb3ea157e7ac9d4d5ebf0d45d682e1d6da
2023-03-21 15:04:11,False,0.09976,5.48e-05,1679.05,0.092,0x79...0741,https://etherscan.io/tx/0xe6743ff8fd37b8f589ac70e18f5c154800830681859939ce043dfea3f098566d
2023-03-21 15:03:11,True,0.1008,5.514e-05,246.42,0.0135,0x34...9e9c,https://etherscan.io/tx/0x6561e03bb09b4159e7d10386e590c4bd27e7480514b7e63ce5a6f6acea7cff62
2023-03-21 15:01:11,False,0.1004,5.494e-05,19194.9,1.05457,0x29...b5e8,https://etherscan.io/tx/0xfd1659fcea6ad5a9f1d45ea63260ff47e7cd966ef8d0fbb0827116a205be75aa
2023-03-21 15:00:47,False,0.1001,5.506e-05,800.0,0.044,0xa0...f674,https://etherscan.io/tx/0xf8adc2c04ac0548b1cc1d581f8302d494620b66b29bf38cc8195a327c6af8e21
2023-03-21 14:56:47,True,0.1006,5.539e-05,1263.58,0.07,0x2a...f6e2,https://etherscan.io/tx/0xf98242ce321e9b6a0ad55c6d8650545933a7b34c0108fcc0db236c655f3784e9
2023-03-21 14:56:35,True,0.1006,5.538e-05,411.624,0.0228,0x78...f63b,https://etherscan.io/tx/0xa147e4107e7b9707ec11ca3a850062f5c3136ef49e960df49dd52bb752a4cf0a
2023-03-21 14:55:47,False,0.09996,5.506e-05,2282.05,0.1256,0x3b...e14a,https://etherscan.io/tx/0x71d6238c74ab630e62fdb26f73eff3cfcc856a71290b1deed11e9ad5e205ecbe
2023-03-21 14:55:23,True,0.1004,5.541e-05,364.93,0.0202,0xf2...1065,https://etherscan.io/tx/0x2a1916a751d31cb15329586fe79496297859cc9eea462925257002b643915a93
2023-03-21 14:53:59,True,0.1003,5.538e-05,3289.02,0.1821,0x33...e4c9,https://etherscan.io/tx/0xf9c2e84885f19e9eba3b827767ac5e7e7a3222ac791a889da75715e9f54cf1e2
2023-03-21 14:53:47,True,0.1001,5.53e-05,9877.94,0.5462,0x59...586a,https://etherscan.io/tx/0x2a3505626fa50bcc145b2e287c7d342436e66cbad4d52ccde4a0af25ce10bd43
2023-03-21 14:52:59,False,0.09985,5.514e-05,37073.8,2.04453,0x12...52b2,https://etherscan.io/tx/0x158376f83fa3e1b587490b601349adf5c4ce7724a2480e01ae5227a7aef2cd3d
2023-03-21 14:51:47,True,0.1009,5.571e-05,1472.56,0.082,0x71...de97,https://etherscan.io/tx/0x7a3bb7f0f6d1e22b909b7fdf69c451e1d19b287d14573ace6b616b9374d8dd5b
2023-03-21 14:50:11,True,0.1007,5.568e-05,2900.63,0.1615,0x7d...e582,https://etherscan.io/tx/0x497721071808629a9261d997662bcd43320e4366de4ba4508cc01f95603b3356
2023-03-21 14:48:23,True,0.1007,5.566e-05,539.787,0.03,0x24...65fe,https://etherscan.io/tx/0x02006b144742a2499b20b05a356dad9895ed12e8b4032a401279bd13593a4907
2023-03-21 14:46:35,True,0.1003,5.561e-05,7129.93,0.3965,0x64...1232,https://etherscan.io/tx/0xfff4d93429ab76fe9cd65aa1bc921341eac0f36a81f3b08a616eedd95609325c
2023-03-21 14:43:59,True,0.1006,5.555e-05,802.87,0.0446,0x5d...e39b,https://etherscan.io/tx/0x1947e0911926e357d1d16020919b4f0ffdda088deee8768f1baa04796186472c
2023-03-21 14:43:59,False,0.1,5.524e-05,3072.58,0.1697,0x00...8d55,https://etherscan.io/tx/0x942bdee6794ccf7def92d97e015abd3e45c94982e27ceb959166affcb2002348
2023-03-21 14:40:47,True,0.1004,5.557e-05,2936.9,0.1632,0xf7...8480,https://etherscan.io/tx/0x62bdcb662b280042550f83522f3c97d5904732c045a725a59ce4712936651e8b
2023-03-21 14:39:23,False,0.1,5.524e-05,3500.0,0.1933,0xd8...61bf,https://etherscan.io/tx/0xfb4e01e85ca035ac8963cc696117976c29645ddbc691c62486e61c22349a344e
2023-03-21 14:37:47,False,0.1004,5.529e-05,3500.0,0.1935,0xd8...61bf,https://etherscan.io/tx/0xfd89bf41b408f91a1952a7805946d20da1ad90bd17c2a462502e262062265003
2023-03-21 14:36:35,True,0.101,5.561e-05,5255.88,0.2922,0x2a...4685,https://etherscan.io/tx/0xe3c668f0d15ca80a7fdf9e48c5d0711b95597d816e1962b99c27945f8fbf6c43
2023-03-21 14:35:59,True,0.1009,5.551e-05,9547.01,0.53,0x41...44f0,https://etherscan.io/tx/0xc725be42bc69b37365ae7c9f4b9a40ffc0fd2a6122c793d901da22c49ef47586
2023-03-21 14:34:47,False,0.1002,5.516e-05,6707.31,0.37,0xb6...69ad,https://etherscan.io/tx/0xa5cf63dbf89cf71cfd0236151ec7b07b9dae1efb5129d0c92aaa644f75da6a8c
2023-03-21 14:34:23,True,0.1008,5.55e-05,5357.65,0.2973,0xdf...e8a0,https://etherscan.io/tx/0x68ec09555c74e2fb3309e916a53982bd73e2b367b9f9c411bed5fe57cca41045
2023-03-21 14:32:11,False,0.1001,5.514e-05,1500.0,0.0827,0xbc...5407,https://etherscan.io/tx/0x9f35685b41e895666b85d0a77adbc60763680592a40ce5f6f9776fb5ac5c5f0c
2023-03-21 14:30:47,True,0.1006,5.547e-05,1625.92,0.0902,0x42...748e,https://etherscan.io/tx/0x0b086c4f33d3f70d556434b4d4ab6a7b25a227293086000c9b8dbabefaceba9f
2023-03-21 14:26:47,True,0.1004,5.545e-05,1985.7,0.1101,0xe4...ac03,https://etherscan.io/tx/0x11fbba5eea3ddb31c8c1c2e917894577ffbd84ae89cc3b84b92b495a1a376f3d
2023-03-21 14:26:35,True,0.1004,5.542e-05,3247.89,0.18,0x96...a24a,https://etherscan.io/tx/0xd801c4ef01d8b952b22b221a7357f9de3f30caefc800c25f8e07c45cbb5d72cd
2023-03-21 14:21:23,True,0.1003,5.539e-05,1163.19,0.0644,0x72...a6b3,https://etherscan.io/tx/0xc55f9dfa45b7d8f4814e81c56041a5446a1da31cffeb4c674445a06779bb50bc
2023-03-21 14:21:23,True,0.1003,5.538e-05,407.428,0.0225,0xeb...7d7f,https://etherscan.io/tx/0xb0e3f66eff5e3906d30b062a5f3777ca93f2a2359e3a9112a1841cde7829e738
2023-03-21 14:18:47,True,0.1001,5.537e-05,17.8995,9.912e-05,0x18...b506,https://etherscan.io/tx/0x748b43e06525d66bcfabfff4d2e2a768beb1e8f392bca5ac700c1f685a329c21
2023-03-21 14:18:11,True,0.1002,5.536e-05,2685.78,0.1486,0xb4...7ed4,https://etherscan.io/tx/0x286600b5dd30534343f52082de859d2e11e06134e45012615f214c0932361ce5
2023-03-21 14:17:11,False,0.09984,5.508e-05,11324.2,0.6238,0x03...c67f,https://etherscan.io/tx/0x047f35f2835587c4307e9bc1f3360d5e2f2bb21d4251a5205d93593a3a9e5f7b
2023-03-21 14:16:35,True,0.1005,5.548e-05,1518.64,0.0842,0x35...9f5c,https://etherscan.io/tx/0xd2ceb22d4dd2418f8cf316ca7bf59d9547a7d0cd47b503fb66fd1a3e391a5447
2023-03-21 14:15:47,True,0.1003,5.544e-05,3548.71,0.1967,0x28...c106,https://etherscan.io/tx/0x9ed80dbcdd3a471ce88afcdec417af2ffab0c590174a886dad119bb416468406
2023-03-21 14:12:35,True,0.1003,5.53e-05,18081.0,1.0,0x33...b6f1,https://etherscan.io/tx/0x5bf6d9339e39e708e1d50baf7da0cb88b78a2bc83579474a801517b112ae2b7a
2023-03-21 14:12:11,True,0.1001,5.517e-05,2155.87,0.1189,0xd1...f4e5,https://etherscan.io/tx/0x42b5511a4d8db87f0eab6898a03aec847c9f82533c6a76ac2676550f2fdd4f57
2023-03-21 14:10:59,False,0.09983,5.503e-05,31908.8,1.75617,0x17...272e,https://etherscan.io/tx/0x9a37b68d592161f0cb7f163cf5c4154eb719daea40cd116ebd44e226be5dc622
2023-03-21 14:10:11,True,0.1007,5.557e-05,713.487,0.0396,0x18...b506,https://etherscan.io/tx/0x50351bebed7d8673bd5fd882de46fab3be5b1459385511044f2dcbdc58d3c2e2
2023-03-21 14:09:35,True,0.1008,5.556e-05,553.036,0.0307,0x10...457d,https://etherscan.io/tx/0x649c2406a27ec15ffd43e67c3d5ece4414fcd7e4da94b14b2ecd120073f3b6d8
2023-03-21 14:07:59,True,0.1008,5.555e-05,639.073,0.0355,0xa6...4327,https://etherscan.io/tx/0xee125a1faa81d0092735b8e259ca8979c539a23ef91a8d25d2591cac731435da
2023-03-21 14:04:47,True,0.1005,5.555e-05,295.825,0.0164,0x81...f5c0,https://etherscan.io/tx/0xbe9e8aa11125ebc2ae0aeb30b081cffcae7f25038e5f182e5f21ee7d3eaab02c
2023-03-21 14:03:59,False,0.1001,5.534e-05,19838.4,1.09795,0xa2...fb83,https://etherscan.io/tx/0x97f437a49dc6139cf0fc210880979f47841dd543dd3c4958ab67e47979b091a6
2023-03-21 14:02:23,True,0.1009,5.58e-05,856.49,0.0477,0x81...a5d9,https://etherscan.io/tx/0x52b8e7278b166238744712d2fc78c044831e63436439fcde7ea01f56959130e1
2023-03-21 13:59:59,True,0.1007,5.578e-05,1776.89,0.0991,0x1e...99d3,https://etherscan.io/tx/0xfc5cc54de3adc40316195120df33e806ae7a9d3fb7c1fbfb11184acfe7e7a6ad
2023-03-21 13:59:11,True,0.1005,5.573e-05,5561.83,0.31,0x0c...1404,https://etherscan.io/tx/0xb5f4172dd283c1c9c9bd85ef4014a75ff2aa521191f735f09572a6d1bb993660
2023-03-21 13:57:35,True,0.1002,5.561e-05,12405.9,0.69,0xee...8509,https://etherscan.io/tx/0x4b4f1d2068376b1be30e6a08257551aa140b4fa13a28386b7996c5c04f0fb11a
2023-03-21 13:56:47,False,0.09976,5.532e-05,17856.3,0.9878,0x91...dc25,https://etherscan.io/tx/0x25c73c4383d24f981266d59ee6cbc6efc7c4be9f9fb3ed55cee6dac3f5294ff8
2023-03-21 13:56:23,False,0.1001,5.553e-05,14285.1,0.7932,0xc6...fed0,https://etherscan.io/tx/0x29cac6a16e731461b5fa6f7cfb90cf5f63307557bf5011aa11cd1e13bda0af54
2023-03-21 13:56:11,True,0.1009,5.595e-05,691.095,0.0386,0xae...dfda,https://etherscan.io/tx/0x3f62365b2f1f592df280860329067cf87035808ef1f2b2e4f797148b519baaf1
2023-03-21 13:55:59,True,0.1009,5.595e-05,88.8633,0.0049,0x56...5f18,https://etherscan.io/tx/0x6de55542cdaa421168ad00087ca6e879d07e83cee40f33dc0a8c5900e81a18c6
2023-03-21 13:53:23,False,0.1002,5.563e-05,3160.67,0.1758,0x1e...0eac,https://etherscan.io/tx/0xf60349b89a07c4b8be943b52181d2294bd6b993f8631efc7ed34683a7e12404d
2023-03-21 13:52:59,False,0.1001,5.567e-05,3257.72,0.1813,0x8c...437f,https://etherscan.io/tx/0xfec0363dde7c1f32e82a654acc357c385b991144817854b030dbde22a0fa81b8
2023-03-21 13:52:47,False,0.1004,5.589e-05,29618.7,1.65556,0x76...7d5e,https://etherscan.io/tx/0xbdf40927802e907e1e92b4c2add3092e0ec8fc4196e4a5406a791a56f3501fda
2023-03-21 13:52:35,True,0.1014,5.642e-05,567.111,0.032,0xcb...9056,https://etherscan.io/tx/0x009966aa646e550fe981e6d11fe719c5e7b6b8c08c58dcd33b30d5f3b33e12b0
2023-03-21 13:52:35,True,0.1013,5.641e-05,1656.14,0.0934,0xe3...f2be,https://etherscan.io/tx/0x63e4d0c526772e158b37e79d1eec5b2a2060b70de954b13513a973dbe1dd371a
2023-03-21 13:52:23,True,0.1014,5.636e-05,4877.09,0.2749,0x24...c558,https://etherscan.io/tx/0xc2248b3478ca62d6ebc804d11c432ba3b2afbd9db608f1301408fd6d530bb296
2023-03-21 13:51:47,True,0.1011,5.622e-05,16897.5,0.95,0x00...91dc,https://etherscan.io/tx/0x64ca4aa122a789556b0b718e67a8c0b375f9224d653ada04db3eda16bda42e27
2023-03-21 13:48:47,False,0.1003,5.59e-05,20000.0,1.11811,0xa6...54bb,https://etherscan.io/tx/0x411508850ef975b35c887f0465b19e9df3194aa87d15741c7dcc23d865bf9517
2023-03-21 13:48:35,True,0.1008,5.621e-05,23486.8,1.32038,0x38...da27,https://etherscan.io/tx/0xd7fa731a796d49510a0993ef6313c33aa6a4ee0b6244e696d246b60cd49cb292
2023-03-21 13:47:47,False,0.09976,5.573e-05,1100.0,0.0613,0x83...5ab6,https://etherscan.io/tx/0x31cc7d37b88397a03193a41153ae903638a8729a5079ff1116c244a69667ac25
2023-03-21 13:47:23,True,0.1003,5.607e-05,781.03,0.0437,0x7c...a47d,https://etherscan.io/tx/0xb0f763011fc9d53b333f6be4b00292f451475e6c253d2e3c0c285aece7b2f8b6
2023-03-21 13:46:23,False,0.1001,5.59e-05,26908.4,1.5044,0xa5...fd16,https://etherscan.io/tx/0x31008f04a9d511e2fa34115aba10927aa4c3bf8a3d3d9957ad38e6da7a99c8df
2023-03-21 13:44:11,True,0.1006,5.639e-05,5018.68,0.283,0x9f...287a,https://etherscan.io/tx/0xd3b6b313bb1ba16486200ac9c9d72b4cfb059f14246b96c9e5fac1a5ca9abfe7
2023-03-21 13:43:59,True,0.1005,5.635e-05,599.592,0.0337,0x6b...e395,https://etherscan.io/tx/0x8e5a7275ced2fc99a25db4b8c51c6257496a28460ae6f936fd1ac60407af8231
2023-03-21 13:43:23,False,0.09996,5.617e-05,24102.9,1.35393,0x58...f78a,https://etherscan.io/tx/0x7c6cb6e9bd526d4cf0955f384f508738a820b66bb4bae6b6c910bef23723f806
2023-03-21 13:42:35,True,0.1007,5.667e-05,349.827,0.0198,0x0a...2e4e,https://etherscan.io/tx/0xff387f8c3a3ad6fcdb27a9bf196583d654084b2e562f403959a3f2465a917cca
2023-03-21 13:40:59,True,0.1006,5.666e-05,699.742,0.0396,0x41...feb1,https://etherscan.io/tx/0x89ef856ee8afa8ad43f47cb3425b0f47866cab8ada86107542a920fd7a461e72
2023-03-21 13:38:47,True,0.1004,5.664e-05,1487.34,0.0842,0x25...6502,https://etherscan.io/tx/0xfe16ffcf011d8962f82d9341c326c06da3e352fecee4bdd2f04a040c4e4bf8c4
2023-03-21 13:37:59,False,0.09989,5.636e-05,9999.92,0.5636,0xbf...9a66,https://etherscan.io/tx/0x6da692d7cf6ccd5c31430714cbb5f33a1e5826b4eb07721d79eb64c86fae73c3
2023-03-21 13:36:59,True,0.1004,5.676e-05,1132.22,0.0642,0xf4...2665,https://etherscan.io/tx/0xc88579d3966b47aeb06a0ddb3eb17f86a2621918145fe0955dea13ddfc04f9fb
2023-03-21 13:35:23,True,0.1004,5.672e-05,5502.38,0.3121,0x67...c1fa,https://etherscan.io/tx/0x438bbd08ec3ef20b15c3719a8c1f6226b2fd5ba960324fa5d13e73d3dcf8953f
2023-03-21 13:32:35,True,0.09987,5.656e-05,18178.6,1.0282,0x7d...65a3,https://etherscan.io/tx/0xc406ff0e017f273dfad4e391d65da28a014293c11b8b8c9c17039c1ad25d02bd
2023-03-21 13:31:59,False,0.09922,5.619e-05,13788.0,0.7747,0xc6...fed0,https://etherscan.io/tx/0x350828a921ffdb36c11519a149f4ad1e5fd9dff1f7f5ca450788c0250cd87cc4
2023-03-21 13:30:47,True,0.09976,5.652e-05,15018.6,0.8488,0x36...e684,https://etherscan.io/tx/0xac6a89f26fd9f1900de727beefb6351d0306efea321cf8ff2eafb70d35faeed4
2023-03-21 13:28:47,True,0.09961,5.641e-05,1310.67,0.0739,0xfa...166a,https://etherscan.io/tx/0xf0c1726f931a137a0f6c0982bbc9ce363c39a2d8bca13964d844c578f2ead950
2023-03-21 13:28:35,False,0.09936,5.627e-05,30975.9,1.74312,0x97...0896,https://etherscan.io/tx/0x2346a970fb6f9a02004f3443dfccb3a08ddc4dc1308defa5c78757ba13275bec
2023-03-21 13:27:59,True,0.1003,5.68e-05,1919.4,0.109,0x3c...76a0,https://etherscan.io/tx/0xff27d1580cffc0a60c38476f3f5cc608fd2a667cb8c8e2ed78060d60db981259
2023-03-21 13:27:23,False,0.09954,5.647e-05,2530.49,0.1429,0x76...7d5e,https://etherscan.io/tx/0xd9fef2cb8e97e173b9f52349ada2a5164f4607aaf7f77ab7f7cf88c34c5fa83b
2023-03-21 13:24:23,True,0.09998,5.682e-05,531.343,0.0301,0x2e...f345,https://etherscan.io/tx/0x433448028d8a513f65930f46ed752cd8af134a4e8784e412911cb5e873686d64
2023-03-21 13:24:11,True,0.09995,5.681e-05,1570.32,0.0892,0xa6...fbaa,https://etherscan.io/tx/0x6349530d3cc83d7ca9e785cb96a7466dd2b2db89250688541a6d8a37fced222d
2023-03-21 13:21:59,True,0.1,5.679e-05,414.106,0.0235,0x34...9e9c,https://etherscan.io/tx/0xece746dfaa56aae582df5e682c27da3bf654e484bb94b39d0ea2d6f062273aca
2023-03-21 13:21:59,False,0.0995,5.649e-05,6250.25,0.3531,0xc2...c228,https://etherscan.io/tx/0x079e6d5bfe90dc9678de8d42ced523c7c88c84ec7afa82eca0a1bbda20f06251
2023-03-21 13:21:11,False,0.09957,5.654e-05,1227.17,0.0693,0x1c...0220,https://etherscan.io/tx/0x753b2fabfe31c72b6cdae12533e30fc475df1768fcf88de741622f037971184c
2023-03-21 13:21:11,True,0.1001,5.689e-05,527.305,0.03,0xa2...41d3,https://etherscan.io/tx/0x95d7afe4844215b968b1ce80a683528b38e2ed57771795eca52ecd613c333de9
2023-03-21 13:20:59,True,0.09985,5.667e-05,31760.7,1.8,0x33...71e7,https://etherscan.io/tx/0x49d59d2bdd5ab31dc3f63dc30e8120da5b21111709ca756b99626730c8948a7f
2023-03-21 13:20:59,True,0.09935,5.639e-05,10000.0,0.5639,0x59...805d,https://etherscan.io/tx/0x5fb0ee5f6c8eb6893ea14ebfc3ede849b94b1c721e8a1d49611573bcca3354b9
2023-03-21 13:20:59,True,0.0992,5.63e-05,2568.0,0.1446,0x86...9197,https://etherscan.io/tx/0xb5b630578b9994ecfa50895ad96a8162d461e6858fd95d737dde0f6d4da845b2
2023-03-21 13:20:35,True,0.09913,5.626e-05,3439.18,0.1935,0xab...a23a,https://etherscan.io/tx/0x715a39cdfd59540ee006f45db2de39ae0e7444721107e064d5ba572e7450329a
2023-03-21 13:20:23,False,0.09872,5.604e-05,20000.0,1.12082,0xef...5331,https://etherscan.io/tx/0x8da94c176b1a4b1e4a67b0f27bd6088fc0ccf5509dd236452b2384e4605fe0e4
2023-03-21 13:19:59,True,0.09937,5.642e-05,12436.5,0.7017,0xc9...0607,https://etherscan.io/tx/0xf6bc2860013a28df598c63086b381d29154b07fede0fc0373278cc2d7b521fcb
2023-03-21 13:19:47,True,0.09918,5.632e-05,2981.38,0.1679,0x93...b122,https://etherscan.io/tx/0x7a302df3717d43c33c4e72aefd29dcb7b02a3cc1d53fdb7e2095325586eb3850
2023-03-21 13:19:35,True,0.09919,5.629e-05,2359.66,0.1328,0x8c...d4ee,https://etherscan.io/tx/0xdcde4e229438eaf4d90d4da9fdab97fd97cd6885c6bf8d9ff5925ad8345b04c4
2023-03-21 13:19:23,True,0.09914,5.626e-05,1777.4,0.1,0xda...c9f6,https://etherscan.io/tx/0xe183cc230f218e41ea24f433678c01d99a83cc99e4a7ffb1459f9dfca4a9e4d7
2023-03-21 13:18:11,True,0.09908,5.614e-05,15624.2,0.8772,0x79...0fa0,https://etherscan.io/tx/0x6f07a2bd3b3656c5614953d29b4f0cd7e39802709f4232aa31e4a7ca8d0cb09a
2023-03-21 13:17:35,False,0.09871,5.583e-05,20000.0,1.11676,0x3c...f5ba,https://etherscan.io/tx/0x2a6e0ca2856c5d387bfbd461381078c42be22bef9a31c11132575f38c2b4d402
2023-03-21 13:16:23,True,0.09921,5.629e-05,1584.67,0.0892,0xb3...a6b4,https://etherscan.io/tx/0x6a6b3dba54f9f5be64834c47242ee6e93e2408c62e68c172af4e1fa865d54390
2023-03-21 13:16:23,True,0.09909,5.622e-05,8552.31,0.4808,0xe6...8398,https://etherscan.io/tx/0x6987a837bda0d7fa7466854f4f535e7fc4954a2e98b9de37ecdf9601dfa88009
2023-03-21 13:16:11,False,0.09842,5.584e-05,1550.0,0.0865,0xcd...cc7d,https://etherscan.io/tx/0x64650fb752f6f3003f0256d8b1ee325f2c59585859258ae66852f1c6bb751aa7
2023-03-21 13:15:47,False,0.09851,5.591e-05,9083.02,0.5078,0x76...7d5e,https://etherscan.io/tx/0xf6af21d7c4ff2df951b43e3c099a7b9d51a53906c56884c016c0e572ecfd96c4
2023-03-21 13:15:47,True,0.09921,5.631e-05,352.058,0.0198,0xba...5f5f,https://etherscan.io/tx/0x3a2941efcc1c210ffa8914bccf24a16bd3e9a32b9eb74afa36823a9dc8dba641
2023-03-21 13:15:11,False,0.09863,5.598e-05,2000.0,0.1119,0xef...5331,https://etherscan.io/tx/0x8ede13e3465e80c71b09fbc409de75037e51c5113ae7f335545df4c328feb5a3
2023-03-21 13:11:59,False,0.09874,5.611e-05,17500.0,0.982,0x00...d8d7,https://etherscan.io/tx/0x65fd81f3c11e27302b6190d2e0f0ef2a11787c9d1e6b29feb255d2c421c8d9ba
2023-03-21 13:11:59,False,0.09912,5.632e-05,14492.1,0.8163,0x17...272e,https://etherscan.io/tx/0x74ed274fb60c696f6362320b84baeeaaf54203a9c26ee82d2b117fbd9eb9a7e2
2023-03-21 13:11:47,True,0.09953,5.656e-05,30494.7,1.72477,0x30...2e70,https://etherscan.io/tx/0x08bca0b9211aba85d42e73451822a3771e0bf21d277255695bb68a9fcc8eaa1f
2023-03-21 13:11:35,False,0.09858,5.602e-05,509.0,0.0285,0x25...98e9,https://etherscan.io/tx/0xe9c613ddc616a7cd7fe0aaec78a4857a4f44e21286246dd12a8ec037d3a257c7
2023-03-21 13:10:23,True,0.09922,5.635e-05,497.94,0.028,0xc5...df14,https://etherscan.io/tx/0x273ee4ec5bf1a1ed32b8aae5570d5993e00c46fc0bd490923defd83de15dbd3e
2023-03-21 13:08:47,True,0.09921,5.633e-05,3343.32,0.1883,0x61...dc3b,https://etherscan.io/tx/0xe0aaeef3a29394fe08aca0d87e04ccc59d1cc75840a3379274e0aba9f76311d2
2023-03-21 13:07:11,True,0.09919,5.63e-05,792.228,0.0446,0x4c...b735,https://etherscan.io/tx/0x6523e32f487d7fc6863bd4ef71ae6c31cea1bd3ee2d624d51ef0bdb15badab61
2023-03-21 13:05:11,False,0.09879,5.607e-05,16156.5,0.9058,0x8e...3511,https://etherscan.io/tx/0x9e0ab756ddb3b90b082b3d1bcf3ac2506aaec63d243c2bd265e9751d44ed255e
2023-03-21 13:04:35,True,0.09957,5.65e-05,999.858,0.0565,0x66...e29b,https://etherscan.io/tx/0x1fe72234898b142465f92d40cf14505b721f232c66a2a7a14a8f78dfcdc41b04
2023-03-21 13:03:59,True,0.09954,5.649e-05,1070.72,0.0604,0x61...e6db,https://etherscan.io/tx/0xe71ca975deb6b3980d6ed06ebaf5e9cec0737c2b1caade1bd8f724182c800a7f
2023-03-21 13:01:11,True,0.09949,5.646e-05,3852.89,0.2175,0xae...5541,https://etherscan.io/tx/0x52f64096522dbc0387c39b2ee646906ae70c91cce13b652a2edf702081cf5604
2023-03-21 13:00:59,True,0.09939,5.64e-05,5292.49,0.2985,0x30...7d10,https://etherscan.io/tx/0x4a82cb1a7d1e062ec6d6ab9241df69de89cb56f343288a6154c64c3d9cd09f2c
2023-03-21 13:00:35,True,0.09931,5.635e-05,1354.36,0.0763,0x2f...1eb7,https://etherscan.io/tx/0x02ff34e38431f39e077d87e3b56e1b5f4dc7c8fa0c1c500fa28a1455683f69b7
2023-03-21 13:00:35,True,0.09929,5.634e-05,246.294,0.0138,0x1f...f461,https://etherscan.io/tx/0x4acf3e460a8aa9a6550c0e0c1c44cf963978db30f78a6683378ecf10c0790963
2023-03-21 12:59:23,False,0.09891,5.612e-05,17500.0,0.9821,0x30...396a,https://etherscan.io/tx/0x39fc659c0a1951afddb63c6ff89e406d6da8931b55c6f17304c0c6de14f9dda0
2023-03-21 12:58:47,False,0.09913,5.624e-05,1400.0,0.0787,0x1c...3bd3,https://etherscan.io/tx/0xa881e586f34d23701b61bb4f096de2c3bdfcdb0cbfed3b0db9ca757e8182ef9a
2023-03-21 12:55:11,True,0.09975,5.658e-05,1751.78,0.0991,0x4e...036e,https://etherscan.io/tx/0x48a2dd16a8729a110f6cadca171d8bf8c71ee78b95946a129012f5c2ec18480a
2023-03-21 12:53:59,False,0.0992,5.627e-05,6000.0,0.3376,0xa7...1091,https://etherscan.io/tx/0x0f826381159825b24b9acfd69aec78638408b5207f8a15007606871904016349
2023-03-21 12:53:47,False,0.09934,5.638e-05,10000.0,0.5638,0x1c...d810,https://etherscan.io/tx/0x1b60fe2b4d1902a7f76ff263a5af6caf070e75e3d09d22c7bcce3fe9f918b04c
2023-03-21 12:53:47,True,0.09951,5.647e-05,45931.0,2.59414,0x48...2e5b,https://etherscan.io/tx/0x7739b60c0da7916585bac88b3468e1f9f1d939d535a7679e89502d20f0a83674
2023-03-21 12:52:11,True,0.09892,5.614e-05,4484.72,0.2517,0xe6...0944,https://etherscan.io/tx/0x4a74df99eae2e238aa677c665d270923c9427553d102a568da0f9c6c7adb5967
2023-03-21 12:49:47,True,0.09874,5.61e-05,1413.5,0.0793,0xcf...4868,https://etherscan.io/tx/0xf5d686402191ef261a83079dbdc508c85932742f8296f7b32f4678a6400c2edd
2023-03-21 12:48:59,True,0.09872,5.608e-05,1304.37,0.0731,0xcc...4ea1,https://etherscan.io/tx/0x2b0c9d9e835c6d33aea18153660d74399943b890eba9d3edd1c913c304df58ec
2023-03-21 12:46:11,True,0.09869,5.606e-05,2210.23,0.1239,0xb0...c240,https://etherscan.io/tx/0x7fa95e7b15f605cc3420bbb68e893a02b16c8185782753ba8396b42ebe017727
2023-03-21 12:44:47,False,0.09816,5.577e-05,9739.94,0.5432,0x8d...6ddd,https://etherscan.io/tx/0x4c6aabf26128c6b0e9a98a92a70f9090f7b191eaf4d615576aeb5561f8b194ff
2023-03-21 12:42:23,True,0.09882,5.617e-05,494.109,0.0277,0x92...fa25,https://etherscan.io/tx/0xce717887301363a93f41b9962c30e7a13fee5031fb3b2adf13d81b4079ba39eb
2023-03-21 12:41:59,True,0.09852,5.603e-05,19457.5,1.09038,0x1a...305d,https://etherscan.io/tx/0x5c3154891c1afe2d21a8b9b4e11e129a8b193788519194fc9297c4f454b9ee4f
2023-03-21 12:41:47,True,0.09815,5.585e-05,8142.21,0.4547,0xfe...32ff,https://etherscan.io/tx/0xaf257b46b4a0f593552d51df3956c8d6b0ead358867240af868101e1a115f90a
2023-03-21 12:40:11,True,0.09797,5.579e-05,675.077,0.0376,0x12...1984,https://etherscan.io/tx/0xf7f1262a1da594fe90c91b9135b946b25a2f8449391657a231a12bd52f28be51
2023-03-21 12:38:23,False,0.09739,5.545e-05,110.0,0.0061,0x9d...4391,https://etherscan.io/tx/0xa69156429663afd511d08aeaa3f45b824e1d1a441f4ae9ad1fb9e5aa018e0135
2023-03-21 12:35:35,False,0.0975,5.552e-05,10261.8,0.5698,0x18...dace,https://etherscan.io/tx/0xd3178018247944820c0b570c3303127c7774cf7ea217ce3b85e2a6d10837287f
2023-03-21 12:35:23,False,0.09774,5.566e-05,10270.0,0.5716,0x69...9b7c,https://etherscan.io/tx/0xd553f2ad03fb63e86038e67e4eabb98dd5ab4f01d5c4c0a68331cd0d23fc8cdb
2023-03-21 12:33:23,True,0.0984,5.603e-05,4040.34,0.2264,0xa4...f2c8,https://etherscan.io/tx/0x736ab5cc6b5f1d94a7a88888a590dec4142d6260df2e9a5754758c5e0c43709c
2023-03-21 12:31:47,True,0.09839,5.6e-05,1115.06,0.0624,0x34...1120,https://etherscan.io/tx/0x71741bc365e7619a964677d9774c80b7e6a6ba61b0eea1c3feab61dcaddbe1db
2023-03-21 12:31:11,True,0.09837,5.599e-05,690.424,0.0386,0x81...303c,https://etherscan.io/tx/0xf4fb3a633111bacc779ef955e9dcf848e95b0cca967bb5870b514711d5ec2bb0
2023-03-21 12:30:11,True,0.09833,5.597e-05,2501.27,0.14,0x5e...2199,https://etherscan.io/tx/0x0f3e16beb10ea5bdc7f105e4aa5be1497b76c2f833a6beaf3305bd11636cb15b
2023-03-21 12:29:35,True,0.09827,5.592e-05,4253.78,0.2379,0xf5...4c47,https://etherscan.io/tx/0x9df1977d5956302da582ac984d2edaf12efa1acec47ede38bf5226b535051b74
2023-03-21 12:26:35,False,0.09769,5.559e-05,4065.0,0.2259,0xd1...8ef6,https://etherscan.io/tx/0x0d8fc61f49d65db2c0054fa543beb35ae2185224b28d80f9485cfae3ea5f3c4a
2023-03-21 12:25:59,False,0.09774,5.562e-05,1000.0,0.0556,0xaf...c048,https://etherscan.io/tx/0x1c9c0f28add9e9eb9caf8ec0a43664053bd01295f3746565b18fdaff1e9f302f
2023-03-21 12:25:59,True,0.09832,5.595e-05,1626.42,0.091,0xb9...76c5,https://etherscan.io/tx/0xeb50ffd256a2243cf2acfb434c2f78f0d5bad76b4e92f7d20668129cec982ee0
2023-03-21 12:25:47,True,0.0983,5.593e-05,850.58,0.0475,0xbc...fbd7,https://etherscan.io/tx/0x12112e31b4e74ac98c79ee423d8a99e3f6b5d60a7416acd6f1345e76f055b1e2
2023-03-21 12:25:23,True,0.09824,5.593e-05,461.23,0.0258,0xa2...fb83,https://etherscan.io/tx/0x3c272b67e5a15d9f971a1ff65f56d8d544ac9acd5049262c49da3e08759b72a8
2023-03-21 12:23:35,True,0.09821,5.591e-05,1072.97,0.06,0x2e...f345,https://etherscan.io/tx/0x5db3bb8f9925cc7688473201276aba85e4d1aa177329c7f2e340b6eeb19830f4
2023-03-21 12:23:23,False,0.09762,5.558e-05,500.0,0.0277,0x1c...a1f7,https://etherscan.io/tx/0xe9eb413492ef1d5e61538db2070057247fd6c7a6d052c44efcbaa6a4300e2117
2023-03-21 12:20:47,True,0.09816,5.591e-05,52.8792,0.0029,0xbc...fbd7,https://etherscan.io/tx/0xf5496b32bb7cf9276073a112be0514f278253b41887c3210feff376dde7f1536
2023-03-21 12:19:47,True,0.09816,5.591e-05,390.653,0.0218,0xb8...41b5,https://etherscan.io/tx/0xc113ed17d4d4a3cc1ddf87072ecacab678a49f78e44bcb69aec08db4767a786d
2023-03-21 12:18:35,True,0.0981,5.589e-05,2819.59,0.1576,0x6d...036b,https://etherscan.io/tx/0x8f28a8da0860ab50cdbe7951f1fa66f51d08ae13bc08bfda3acfa02ae7d18dbf
2023-03-21 12:18:23,True,0.09794,5.58e-05,11286.9,0.6298,0x87...f98b,https://etherscan.io/tx/0xfc5cbde78a59986080a8dae996d083b24f6bba0d98916033cecce2bab3c53608
2023-03-21 12:17:35,True,0.0978,5.572e-05,177.882,0.0099,0x78...292d,https://etherscan.io/tx/0x626f3a14ad6fec18e36081e415e7a3df5e54253ead49f31ee62f8d79cff76cac
2023-03-21 12:17:23,True,0.0978,5.572e-05,225.424,0.0125,0xb8...41b5,https://etherscan.io/tx/0x1570f0988bb369a8c14f194c7b6345530bb922b6d3cef1204eab7c022c61e421
2023-03-21 12:15:59,False,0.09738,5.547e-05,14000.0,0.7767,0x29...c9c5,https://etherscan.io/tx/0x214ac910bdabef663f861735872c6e4e85860209dd8849dea3363a579411256e
2023-03-21 12:13:59,True,0.09811,5.59e-05,620.622,0.0346,0xc1...d06a,https://etherscan.io/tx/0xc4b7d3822d39a9647d11aa7bd3ce7bee8765caf92b886c3d01ed79f237736d79
2023-03-21 12:13:47,True,0.09807,5.587e-05,3015.75,0.1685,0x40...1d92,https://etherscan.io/tx/0x0d39f2552f0dcded134178d4b5934f572a350cd8ef82e5bf6b53fc0850e49c4b
2023-03-21 12:13:11,False,0.09769,5.565e-05,20561.3,1.14441,0xd2...beaa,https://etherscan.io/tx/0x3dcf336083d10874b0a95fb57383c96ef744441edcb2043de99931011d6376f1
2023-03-21 12:10:35,True,0.09856,5.61e-05,3179.99,0.1784,0xd4...4cdc,https://etherscan.io/tx/0x19ae8e94c82bd7f4505b926d9cdd698adbdfaf4ec282d707218dd44ead51bd9a
2023-03-21 12:06:23,False,0.09803,5.575e-05,503.389,0.028,0xe9...e8e1,https://etherscan.io/tx/0xb1139f73ece0b4abffdefd7a57bc4d1ce2429e38be1c608396c49fd9032496e7
2023-03-21 12:05:59,True,0.09862,5.609e-05,424.129,0.0237,0xa5...3f5e,https://etherscan.io/tx/0xebe55c9be8c298ea9eb7f432be23405302ea3bc608a153b98d9e86d94a66def9
2023-03-21 12:03:47,True,0.09864,5.607e-05,1983.88,0.1112,0x3f...3648,https://etherscan.io/tx/0xd24eb888f21636229e58a5452ffd961d6e9a789ac6e4f634f2c8ec3d511ca02b
2023-03-21 12:02:47,True,0.09861,5.606e-05,307.144,0.0172,0x33...e1a5,https://etherscan.io/tx/0x362f92e09fcfeaba2c984cf04d0f096ee2091133b7ec151115845f91c791ed39
2023-03-21 12:01:59,False,0.09801,5.572e-05,245.259,0.0136,0xfc...11c1,https://etherscan.io/tx/0xdd36b7d94bc12b40667b52608091a1d592a865c83be6beedba7ef016883b7aa5
2023-03-21 12:01:35,True,0.0986,5.605e-05,707.32,0.0396,0x2d...7dc8,https://etherscan.io/tx/0x22da5cd45872d4d8b893ad1e06aac9b1bf3cdc40f3ee45c5d905c6229f3fc3da
2023-03-21 12:00:23,False,0.09799,5.571e-05,50.0,0.0027,0xfc...11c1,https://etherscan.io/tx/0x6c4a3637e18e19d6a3f561bca5ef8b6abb9a7b907326e5b02b15b07cf757f72c
2023-03-21 12:00:11,True,0.09853,5.601e-05,5059.0,0.2834,0x98...1544,https://etherscan.io/tx/0x49bf3aa18ba922440b65d76c6c34586721bdf90e0f665f613d16e6e38b0fc698
2023-03-21 11:59:59,True,0.0984,5.595e-05,5361.96,0.3,0xb0...f0f5,https://etherscan.io/tx/0x73070f32fff56ae646e1cde51d741a1b739814b9241c3e6e83446ca07ab8911b
2023-03-21 11:54:35,True,0.09825,5.591e-05,88.6413,0.0049,0x0e...0cdb,https://etherscan.io/tx/0xd4b3c5c9be6bb5b758ae1f6bcccd462253a2030f42f4d95b4d740e11e2f48531
2023-03-21 11:54:23,True,0.09814,5.584e-05,9584.26,0.5352,0xde...5bb3,https://etherscan.io/tx/0x91d6b3fbf1e2d67214afee276d73eadb6d2cfaf16510407c53552c360e170d92
2023-03-21 11:52:11,True,0.09802,5.578e-05,693.039,0.0386,0x5e...bbd9,https://etherscan.io/tx/0x9547aca6223c88e0b66bc856e6c005ff7d02a0d00d4ace0db2dccb762cfcb21e
2023-03-21 11:48:11,True,0.09795,5.57e-05,10770.9,0.6,0xe5...a1f9,https://etherscan.io/tx/0xec2d5c92b0ee9ea417093cb0d7445535530ec6b1c0a5bf5793089421a0a68162
2023-03-21 11:48:11,True,0.09774,5.559e-05,6704.54,0.3727,0x54...d1dd,https://etherscan.io/tx/0xb12011070450225e584742098add7942345eaf0c7e781e206bb9ec0202bd59ab
2023-03-21 11:46:35,True,0.09776,5.554e-05,321.228,0.0178,0x3e...1391,https://etherscan.io/tx/0xc7b2a4eb2ab09b82ed708b61e85cfda0437f85f23ba8885fd892e2eea0e52b8d
2023-03-21 11:45:11,True,0.09773,5.552e-05,3453.74,0.1917,0x64...0fcf,https://etherscan.io/tx/0x1d886d71f54fa4f40c0d8b4c078cdb6d8ef38c42e9cdddf04892c44cd3647f92
2023-03-21 11:43:59,True,0.09757,5.545e-05,7213.73,0.4,0x2e...c546,https://etherscan.io/tx/0x4e37999a120ec385d0d2c18f250dbba6e9aa83670dc4b94ead94b9a3acf3070b
2023-03-21 11:42:35,False,0.09692,5.507e-05,198.437,0.0109,0x68...c31f,https://etherscan.io/tx/0x5fe1aa3ae67cb8b9ecf0f0a5257fb2d4f24c81701e319cdbc8487f6468e41911
2023-03-21 11:41:35,False,0.09685,5.507e-05,266.0,0.0146,0xe8...d181,https://etherscan.io/tx/0xe0da693b6e3a2c67f4544e68f2e0db7b063dac644a10b516b6116f29b26beaef
2023-03-21 11:40:47,True,0.09742,5.54e-05,1015.21,0.0562,0xeb...6941,https://etherscan.io/tx/0xb18e170903b91145337837fa3b6b319c1f597f8dc3bfe91f7504aac1e20f3ef8
2023-03-21 11:38:47,False,0.09683,5.507e-05,991.25,0.0545,0xc6...3c24,https://etherscan.io/tx/0x15c7ae88de8014dad097af75b064751ade63a07921af8c37980548fb9bbefd16
2023-03-21 11:35:23,True,0.09742,5.54e-05,1073.53,0.0594,0xf3...91c9,https://etherscan.io/tx/0xc841b71db45d35e1443a58213f5339c44008d684d3277d80b46cfc4ff897044e
2023-03-21 11:32:11,False,0.09693,5.506e-05,101.96,0.0056,0xc3...0bce,https://etherscan.io/tx/0xbc1630ca2be2b272870edbddabc14982bc13518ba7a9ff49d47f32abb10ca184
2023-03-21 11:29:47,True,0.0974,5.536e-05,5427.14,0.3004,0xca...9139,https://etherscan.io/tx/0xcf04309a617e8e3a7115b43a16b058c7de05889cb38e839195b18c9194ba4b5a
2023-03-21 11:29:47,True,0.09731,5.531e-05,1792.07,0.0991,0xb1...58f6,https://etherscan.io/tx/0xdd81e71ed1c69f89a2a180c396969e162cfbd7b731a29b2042874747b0ba9ed4
2023-03-21 11:29:35,False,0.09686,5.502e-05,9098.96,0.5007,0xdc...f45c,https://etherscan.io/tx/0x88ec76253dc952f6f9948ed5fdbdf6056826f5b92884368c35b0862732d40237
2023-03-21 11:29:11,False,0.09701,5.511e-05,3800.0,0.2094,0xa0...f674,https://etherscan.io/tx/0xec1d34f3779fc6a5c8a9cad479ea9e4373374788997b959a285de0456393fc2e
2023-03-21 11:28:47,False,0.09711,5.517e-05,5000.0,0.2758,0xfc...1905,https://etherscan.io/tx/0xa2c9b64a450e55022399c782d1a8b87bb1a0af0337992a3ee709726ae4a21481
2023-03-21 11:23:59,True,0.09773,5.553e-05,767.583,0.0426,0xa3...6b13,https://etherscan.io/tx/0xd94298ec0bbd7511cc70194bea03ae7b9b8abd2d377b4bf96c720d46aa849eab
2023-03-21 11:21:47,True,0.09732,5.551e-05,1035.56,0.0574,0xd8...f45e,https://etherscan.io/tx/0x0349af2364e988c02b7e85cf047698d5051da4415fa6129db94b29133d0ec8f7
2023-03-21 11:21:47,False,0.09673,5.518e-05,495.625,0.0273,0x8b...ccac,https://etherscan.io/tx/0xb18799f3a79f3e4ecfe649cb78b62cb6ab9276fd3a4b25c26dd331a7d6f18ac8
2023-03-21 11:20:23,False,0.09677,5.519e-05,2000.0,0.1104,0x30...c3cd,https://etherscan.io/tx/0x14e35a1e06acaf3e926e23cc6fc9c7f135a739933a3e715306bb8548dbe1451b
2023-03-21 11:19:35,True,0.0973,5.544e-05,15218.1,0.8437,0xc6...fed0,https://etherscan.io/tx/0xa13ee770ce4bd713d017c006735823503e4edd87e5bb93e1452261ce3fff6c8a
2023-03-21 11:19:23,True,0.09691,5.523e-05,16514.2,0.9121,0x2e...f345,https://etherscan.io/tx/0x84e2acd3bc38349d8b89975c8b30abc4a8290c90951dd9b497dde5309eef29d3
2023-03-21 11:18:59,False,0.09634,5.498e-05,28640.5,1.57478,0x88...2679,https://etherscan.io/tx/0x89569f7940814fffe06908a0e65717662b18f1933b0c0f3b418ffd6a8c95713f
2023-03-21 11:17:59,True,0.09706,5.542e-05,11348.1,0.629,0x71...03db,https://etherscan.io/tx/0xa12e0dd5dd67acaa8944d655e8adb88ad75944d199e85982aa6a23907369ce4f
2023-03-21 11:17:47,True,0.09674,5.527e-05,12490.5,0.6903,0x77...d7ee,https://etherscan.io/tx/0x29ad0c8faebd3e0da7370be530f8e84a72b066cba4983537c6a983819da0c242
2023-03-21 11:16:47,True,0.09659,5.519e-05,10.2322,5.647e-05,0x56...5f18,https://etherscan.io/tx/0x2501a5920b339e2d369928ad553dbeb396c3f3b5936e5ebdfb94c2d461fd662f
2023-03-21 11:16:11,True,0.09661,5.518e-05,1115.96,0.0615,0x42...cf69,https://etherscan.io/tx/0x25b8a909a8b4f1bb53968d8c38c7662fed7d21f05d5f7c6c106908f3da8cedbb
2023-03-21 11:15:23,True,0.09659,5.516e-05,1078.05,0.0594,0x27...8ec1,https://etherscan.io/tx/0x9853e2d3ff2d582e8fe248bab602210c01414074d8f9b49db9ec9cfc69c773a3
2023-03-21 11:11:35,False,0.09596,5.485e-05,4116.27,0.2258,0xd5...77f8,https://etherscan.io/tx/0x46237d60709e2ac1a3f6fe890eb1eaab53c78ed3072090659e89b58f394ec300
2023-03-21 11:09:35,False,0.09604,5.49e-05,3659.5,0.2009,0x07...a50d,https://etherscan.io/tx/0xca12436ef37c0dc0f033a069efbe0922b7f91f9b90ba62dc2ecd0b03ae3c58a7
2023-03-21 11:09:23,False,0.0962,5.499e-05,10000.0,0.5499,0x45...e71a,https://etherscan.io/tx/0x73fa29ba1fbaf6390570d27d14da21f43bcb7109576cef581c6f7c0c4bcb3917
2023-03-21 11:09:11,True,0.09687,5.539e-05,50.9929,0.0028,0x56...5f18,https://etherscan.io/tx/0x88e2c6d463c6ff9ce1d948dbfe86bb550c3b6d4e0ae9bc5c51bad461617d19ff
2023-03-21 11:06:11,True,0.09679,5.539e-05,348.212,0.0192,0x9a...6047,https://etherscan.io/tx/0xcd0d9d2351eb5adfe998bd2218ba5c2fa6faa5fe203c9be98c3275abfc389a07
2023-03-21 11:04:23,True,0.09682,5.538e-05,386.051,0.0213,0xc4...04f3,https://etherscan.io/tx/0x48958cd96c13409e134441c7f6a3e82ea86b1e350dabda8576e57fc1601a9a12
2023-03-21 11:02:59,True,0.09683,5.538e-05,306.209,0.0169,0xd8...27ac,https://etherscan.io/tx/0x02adde46fb22df69e657d218c835e1a684f34de54d063699b6b150f6eb64fa89
2023-03-21 11:01:23,True,0.09667,5.531e-05,10067.8,0.5568,0x22...4b9c,https://etherscan.io/tx/0x0c8e82e40c59e78fd3fd37fc7c8a8a96ab856bea92387b46927e8385e45066b9
2023-03-21 10:59:47,True,0.09656,5.524e-05,172.24,0.0095,0x14...3bce,https://etherscan.io/tx/0xe21dda13830caae3c4729d6515cea25cb06d6f1ec9c1b8d1ab03ca9c9ed44829
2023-03-21 10:58:47,False,0.09596,5.492e-05,2200.0,0.1208,0xba...b6d3,https://etherscan.io/tx/0x5a3152149824f8e6b2441b10a9fbd918173a6f7c882ba7ef24eff49e5e15995d
2023-03-21 10:56:35,True,0.0965,5.523e-05,5994.0,0.331,0x93...a07c,https://etherscan.io/tx/0x8603d147f35ed79a96e3e64298eb5fa045ad52b365cb44f91dd23e34108a68b0
2023-03-21 10:55:47,False,0.09579,5.487e-05,1806.9,0.0991,0x45...8a61,https://etherscan.io/tx/0x549be766349c99b8660f15cedff863ffc1f9e0683e15c4054291006012978b0f
2023-03-21 10:51:35,True,0.09653,5.521e-05,1095.16,0.0604,0xb9...360d,https://etherscan.io/tx/0x902bca08984de8a454ae4f4aaaeabf7028828a1e4a682f8cefca6bfe78e9fa05
2023-03-21 10:49:59,True,0.09655,5.52e-05,174.95,0.0096,0xe8...52ff,https://etherscan.io/tx/0xddd151c4da6e8060126212a63d89ee0f30c4446c17816b4ed1b6afa02afbf6f1
2023-03-21 10:48:23,True,0.09666,5.52e-05,205.833,0.0113,0xd8...27ac,https://etherscan.io/tx/0xf1e81647779e72b40e7f2e541282a04a22e29e020579735c06b5ece703b6cc5a
2023-03-21 10:46:23,True,0.09678,5.519e-05,89.788,0.0049,0x39...eb16,https://etherscan.io/tx/0x32d77a1b61e59f360d535709277855df6fb73d831df7641bdedb6f4ae57a3deb
2023-03-21 10:45:23,False,0.09633,5.497e-05,16737.8,0.9201,0xd2...296c,https://etherscan.io/tx/0x0f6b6674a963cd800e279aa2abf2ae5c41231690c223e26db8e058f724566a61
2023-03-21 10:44:47,False,0.09644,5.51e-05,2298.81,0.1266,0x7d...43fc,https://etherscan.io/tx/0xed727c93b9253b7dbf8ec5e6d1119e7ccfa8b00e7e34eb2ddbd84deee1066b50
2023-03-21 10:43:11,True,0.09653,5.543e-05,1251.61,0.0693,0x39...eb16,https://etherscan.io/tx/0xce9aed905b2a89b1677ac5c6cfb2370d00d0f1526794ac46f4d999151084dc5c
2023-03-21 10:42:11,True,0.09626,5.542e-05,1073.11,0.0594,0x31...a26e,https://etherscan.io/tx/0x613ed8010dbaef572fa293f73ced663321c31209357d78452922877e7a004b95
2023-03-21 10:36:47,True,0.09618,5.54e-05,1102.66,0.0611,0x52...c650,https://etherscan.io/tx/0x68fc5d879913aef98f6693e52e24725271ba930cb6b74e11f548e5bb145516f6
2023-03-21 10:34:23,False,0.09566,5.508e-05,2451.37,0.135,0x31...a26e,https://etherscan.io/tx/0x440f18cdd1c54ece41c4ad605449e4ba5954274ef56a98b8afa71b01b78c42f4
2023-03-21 10:34:11,False,0.09567,5.51e-05,100.0,0.0055,0xed...cee5,https://etherscan.io/tx/0x45116d089dafca8c54d9e2ad697f34b93de42fc583c1144d3d6c8024168c0adf
2023-03-21 10:32:23,True,0.09621,5.541e-05,3609.36,0.2,0x40...c54c,https://etherscan.io/tx/0x556ed6f1aefe50e169a5c642a142bf17bfac0bf1e3e553ae749785999738831b
2023-03-21 10:31:47,True,0.09611,5.535e-05,5164.03,0.2858,0x72...2b69,https://etherscan.io/tx/0x4962c33124017d133b395262d73cf801bbc270034d008a4d4860594a11868997
2023-03-21 10:30:59,True,0.09603,5.531e-05,1627.2,0.09,0x5a...5b06,https://etherscan.io/tx/0x13afa49526f8f19827841dd2235c63c778f33c476a98d880daed24a7d1d9d506
2023-03-21 10:30:11,True,0.09601,5.529e-05,448.154,0.0247,0x1f...0bcc,https://etherscan.io/tx/0x3eaa28c49c4f8f37818182c2d0d762405b6b1408bdeb724000270718706581ee
2023-03-21 10:28:47,True,0.09592,5.524e-05,7240.34,0.4,0xa9...d7fa,https://etherscan.io/tx/0x3d355ed7ea838c9f40bda08ed9291ae4b94803aef029c570323f1a71d9284591
2023-03-21 10:26:11,False,0.09527,5.487e-05,293.567,0.0161,0xfd...8249,https://etherscan.io/tx/0xead7588da48782bbab917a49b5bbaad6686dab3c34ae63588642f39c39081b6b
2023-03-21 10:22:23,True,0.09579,5.517e-05,4531.18,0.25,0x90...584c,https://etherscan.io/tx/0x5bf310a4f2f567a2452ef18a1bc178cbf174fc832b7ac25bc25fe8d70143073a
2023-03-21 10:20:47,True,0.09556,5.5e-05,20823.4,1.14547,0x12...6c03,https://etherscan.io/tx/0xff4589fb543531b869b6f778b657a31a6c3545a45cdada3cdc58609df301a574
2023-03-21 10:16:47,True,0.09515,5.474e-05,20139.0,1.1025,0xca...0594,https://etherscan.io/tx/0x3894c830f253b1a57e423ab7067719faa458fab6eb87e5b18a0d206247a65e42
2023-03-21 10:14:47,True,0.0949,5.46e-05,2074.95,0.1133,0xa2...1eb1,https://etherscan.io/tx/0x33fd603f48d9c61e5c71b8cbaf7803c32d00c45b3286c2ca477c7b9d2c069348
2023-03-21 10:10:23,False,0.09436,5.428e-05,3000.0,0.1628,0x2e...f345,https://etherscan.io/tx/0x5379a72cd31e4c394f2c1db614775c08e5406873629ece235b011c15baf894c8
2023-03-21 10:09:23,True,0.09496,5.462e-05,36.2915,0.0019,0x66...df70,https://etherscan.io/tx/0x194250a8704fd4f9d2a0da4e26e8b104f27ec23f19b083999a6978fe76af1b5a
2023-03-21 10:08:59,True,0.09493,5.461e-05,2454.33,0.134,0x20...a444,https://etherscan.io/tx/0xc41aeae9343f93946a89e5ba3f516deac327cf1a8acadd7bfbb8f364fe7252ec
2023-03-21 10:08:35,True,0.0949,5.459e-05,453.931,0.0247,0x6b...df64,https://etherscan.io/tx/0xd98bf7e790aa0b05f9eefb983fb1be4e7568ea12c81802de3de3628431e7f334
2023-03-21 10:07:35,True,0.09487,5.458e-05,108.951,0.0059,0xf5...4c47,https://etherscan.io/tx/0x40def9c9203397a7fc8a33d65b064de3370cf636688f89025d589b4f3a253c82
2023-03-21 10:06:59,False,0.09425,5.426e-05,1075.5,0.0583,0x55...ce90,https://etherscan.io/tx/0x89671154174e36efde30fb3867aa30de1aaed55c59c011f696e3af4461d17fae
2023-03-21 10:06:47,False,0.09447,5.439e-05,18924.5,1.0294,0x00...bde7,https://etherscan.io/tx/0xc872701506b08d97938f44142ce89b588c818de813a0baf9192a2aeebbe88184
2023-03-21 10:03:59,True,0.09525,5.484e-05,63.5757,0.0034,0xc4...2f98,https://etherscan.io/tx/0x292509f5c4638e384d4a54db25f084c74a5d21bf0a6d3137751b918e498c5abc
2023-03-21 09:59:59,False,0.09469,5.452e-05,800.0,0.0436,0xc1...e7ca,https://etherscan.io/tx/0xd8408a326139bf5bdef95b5bf9ddeb966d433f3a7ced69258c99e67b54c8fe60
2023-03-21 09:59:47,False,0.09488,5.462e-05,16078.1,0.8783,0xc6...fed0,https://etherscan.io/tx/0x1dc8734209130b6db311f3592e3aee8794e18496983fc801370f486bf699e4b5
2023-03-21 09:58:59,False,0.09517,5.479e-05,10456.7,0.573,0x90...584c,https://etherscan.io/tx/0xac8a071c53b1a784acff86f9d0779a5df637e01af8beff5b6dcb7e6d688a8974
2023-03-21 09:56:35,True,0.09587,5.516e-05,5121.31,0.2825,0x65...f721,https://etherscan.io/tx/0x517c86ae4128f93caaf2022ef11cf1c7867acf086ca0164deae504e5a3bee40d
2023-03-21 09:53:59,False,0.09577,5.509e-05,45219.6,2.49125,0x17...272e,https://etherscan.io/tx/0xfd3a5c365f22d9d3245c6bfe3f998736ae4311fe6b1422fb70388ad1fbfaa276
2023-03-21 09:53:35,True,0.09657,5.555e-05,25127.7,1.39595,0xe0...06e6,https://etherscan.io/tx/0x3fe628ce27f21dd46e3a5cc32ed7b538d5cc21bbd48a2d27435d86bc0d8e7b19
2023-03-21 09:51:47,True,0.09624,5.537e-05,1635.4,0.0905,0xc3...2900,https://etherscan.io/tx/0x95ea1fea99862b272adce03503ad023b08bf444bc2ebccdfc314e25bc1fc3704
2023-03-21 09:50:47,False,0.09566,5.508e-05,7147.58,0.3937,0xc0...13bc,https://etherscan.io/tx/0xf88550ca4f1731bcea526eb6adc39f4effd883797a108e2aeecff63d68626910
2023-03-21 09:50:47,True,0.09631,5.546e-05,35.7456,0.0019,0xab...d94f,https://etherscan.io/tx/0x7adc688b677d96b3268f4428f36d1cc4d07705dd0ec683fafcbe8a08db6a1f97
2023-03-21 09:50:35,False,0.09574,5.514e-05,2385.9,0.1315,0xfb...4dd0,https://etherscan.io/tx/0xc40bf3836fd819521fc832f4db360d4b85c22423a48d46025adf2a10d0445e32
2023-03-21 09:47:59,True,0.09624,5.548e-05,955.194,0.053,0x54...673b,https://etherscan.io/tx/0xf13229472cb23f32120c95471d2ce84add089564cdb3eff9c3f02feed20b2f16
2023-03-21 09:46:23,False,0.09581,5.521e-05,10531.8,0.5815,0xfe...0345,https://etherscan.io/tx/0x6661b6e4ed156ba3ef20d7f1239011e866bff86e28d80d926ab305a2f48c28cc
2023-03-21 09:45:47,False,0.09592,5.529e-05,1924.95,0.1064,0x76...7d5e,https://etherscan.io/tx/0xef379fd7beef79d31d6b70d7c278644ae98d761d8ed9889d0ee4e1bd10d89d35
2023-03-21 09:45:35,True,0.09652,5.564e-05,160.333,0.0089,0x07...0618,https://etherscan.io/tx/0xa173d6c3e0d5bbe38f47374e42517217b9ce8d7e377f506b36e24d61cb16ea4b
2023-03-21 09:41:23,True,0.09645,5.563e-05,623.576,0.0346,0x81...303c,https://etherscan.io/tx/0x451f631a07e53208e5bb5b5f580271a90af597a96eeb0312679a31904c8592d0
2023-03-21 09:40:11,True,0.09644,5.562e-05,659.309,0.0366,0x08...b556,https://etherscan.io/tx/0x82ba0ce0ce16364a54397496c3e482e3cdd513bb0c5fef133d96de265fcbfc72
2023-03-21 09:36:35,False,0.09602,5.529e-05,211.0,0.0116,0x48...37bd,https://etherscan.io/tx/0x2318f47ef5e5693e1ed0662c36dc8e8c7dce544ab69dcd43a4f56dba75814f70
2023-03-21 09:35:23,True,0.0966,5.562e-05,1015.84,0.0565,0x14...0173,https://etherscan.io/tx/0x94e1b330ef186ef3428e165d1ee3a4a972104fb190d8db3ba585c75329a5a92b
2023-03-21 09:34:47,True,0.09655,5.559e-05,3237.87,0.18,0x2e...f345,https://etherscan.io/tx/0x7e4a905e78b3fe2e3c5c65cf8040ee2ad020d9ac5e665b9e8db21a65cf8cb01b
2023-03-21 09:34:11,False,0.09594,5.524e-05,500.0,0.0276,0x48...37bd,https://etherscan.io/tx/0x0aaf028c8c095e168d72e581dbff59d60a8030d79c70722740de6ae055909213
2023-03-21 09:33:35,True,0.09657,5.557e-05,981.066,0.0545,0x61...df8a,https://etherscan.io/tx/0x027b73dc402f4cc3441fe1b3fbb44eef2f42c3fa1d4fed254147cafac45cef35
2023-03-21 09:27:11,True,0.09595,5.549e-05,10812.1,0.6,0x1f...8c47,https://etherscan.io/tx/0xca9225b45e94436069c0bc9a00c1669669d97c8b89260169f282fcc3abe98909
2023-03-21 09:24:47,True,0.09576,5.541e-05,536.592,0.0297,0x0e...eac9,https://etherscan.io/tx/0x66c0da3275d3e06cc8d6666eb670a2062a4c079d2da782d35a4f8f78b1a88e46
2023-03-21 09:22:35,False,0.0953,5.509e-05,1982.5,0.1092,0xb1...54a6,https://etherscan.io/tx/0x459edbf1b55f05c976f58f29221e92e7cbba10d4efeaa12a67ff473f479358fc
2023-03-21 09:17:47,True,0.09709,5.609e-05,23162.3,1.29921,0x31...91b2,https://etherscan.io/tx/0x7b727ce25a528d23582f8c9661f7e18834db2c20422a195e09305d3240bc2cf8
2023-03-21 09:17:47,True,0.09654,5.577e-05,24856.7,1.38633,0xc5...77c0,https://etherscan.io/tx/0xbcf09dcebe6a0f7e4a582f5978fdbec1c293fac9120265719968dfe28e170ed7
2023-03-21 09:16:59,True,0.09486,5.48e-05,2000.0,0.1096,0xba...75dd,https://etherscan.io/tx/0x5686484e3ea7b5094f20a829a99f8b1870455879978ac5e0c9f0fc4245720aed
2023-03-21 09:15:47,False,0.09433,5.449e-05,5500.0,0.2997,0x74...325d,https://etherscan.io/tx/0x7fd8516dde642ac03977975a82f333aa9c491af19169a86e25ff330dd7d780d6
2023-03-21 09:12:59,False,0.0948,5.474e-05,33600.0,1.83952,0x7d...259d,https://etherscan.io/tx/0xaa1a4de4ee8363c74f0abe2598e11147e41c0ce6a1100c93b6c0fd123784c265
2023-03-21 09:05:35,True,0.09535,5.507e-05,33490.4,1.84455,0xd2...beaa,https://etherscan.io/tx/0x1500fc6e7e760ec7f6f7049710a6479371a2e2fd0ee5c32b446788d5fc616aeb
2023-03-21 09:04:11,True,0.0948,5.479e-05,9669.47,0.5298,0x74...d510,https://etherscan.io/tx/0xe40a85a3e5e4821f3f026fe4d5a8dc68f50e385b682bb3d5917cd702bde66172
2023-03-21 08:59:47,True,0.09471,5.472e-05,1086.71,0.0594,0x3d...a397,https://etherscan.io/tx/0xad646f4bd7f4e0361d534b64b4623f78b52562578c59b6c4d36762bff9db5dc9
2023-03-21 08:59:35,True,0.09446,5.458e-05,21067.3,1.15,0x0c...6e1a,https://etherscan.io/tx/0x1497a99e6d4614ee0f04c8fb35ec63e7c8325d19e3e6055fed0b7c11ea96c413
2023-03-21 08:58:59,True,0.09416,5.44e-05,7123.47,0.3875,0x3c...de06,https://etherscan.io/tx/0xbc25d5d9edb8d92469cbe36bf0a10274dcffdc30815fe3238522b7832ad4d6d2
2023-03-21 08:58:47,True,0.094,5.432e-05,6296.93,0.342,0x09...8ddc,https://etherscan.io/tx/0xbe4f8b5d59319d42cbab218cf49bb3ecc2823cbce41882fa68ad34c3aaf88c94
2023-03-21 08:58:35,False,0.09337,5.395e-05,370.0,0.0199,0x83...9a38,https://etherscan.io/tx/0xeea17aa85a61e207098d14d8614e741a83c7856e189c320e8079a7c3f05bd277
2023-03-21 08:53:59,True,0.09382,5.422e-05,10143.4,0.55,0xda...be8f,https://etherscan.io/tx/0xd7f84df464167f3ad6f1d21da5854b10a4bcfcd9b4705cd7c3b02786cda355f9
2023-03-21 08:47:47,True,0.09375,5.415e-05,52.8174,0.0028,0xff...3f07,https://etherscan.io/tx/0xa4e9842b4be45ac133f12b42d23ae274740b2644ca23652c9101baf691f3f569
2023-03-21 08:45:59,True,0.09364,5.415e-05,480.108,0.026,0x62...7840,https://etherscan.io/tx/0x133150558764abaf4d4e1bfd199b89ecbb1791ce5cfe82a162081323700f9b42
2023-03-21 08:44:35,True,0.09357,5.413e-05,3058.05,0.1655,0x8f...1056,https://etherscan.io/tx/0x7c49fc9c3cfb5f4ef405a183810549969ccb89f9ead890555d2ac5dbe8901f03
2023-03-21 08:42:47,True,0.09353,5.41e-05,531.261,0.0287,0x8f...1056,https://etherscan.io/tx/0x8e17e382cb0e07f3f5dbc17f7155c243cf5d08c0f63a51c6b6b8b8f53631581d
2023-03-21 08:42:35,True,0.09347,5.41e-05,366.425,0.0198,0x8d...57e7,https://etherscan.io/tx/0x8c19a80bea873020ee56673cc4224f52b98ed35fd5de2aebe3981f1626a9eb4b
2023-03-21 08:42:35,True,0.09344,5.408e-05,2749.19,0.1486,0x97...8faf,https://etherscan.io/tx/0x49932284386dd9ea790c88df8cc0da845cdfb44bcee87f4f4add684acd2a956d
2023-03-21 08:39:59,False,0.09311,5.389e-05,24940.8,1.34429,0xbb...afa7,https://etherscan.io/tx/0x87bf0eb84d6413a844e3ca99b09f6d5de8a489d347b8819889e267b3f10b9327
2023-03-21 08:38:35,True,0.09399,5.438e-05,84.7593,0.0046,0xa7...80b4,https://etherscan.io/tx/0x9eca2d48cbae09c56ee3716517b2a3625f901d3d87056e15f8db5d7a7a7d05d9
2023-03-21 08:35:59,False,0.09362,5.411e-05,10000.0,0.5411,0x8f...be96,https://etherscan.io/tx/0x34c76c3f752d63f7f0e9a9ad5f58ccff8c245fe8fc8ce5c1500dfdb37afa8ad6
2023-03-21 08:32:23,True,0.0943,5.449e-05,2549.02,0.1389,0xbd...90c2,https://etherscan.io/tx/0x6e19a8dcbd7eb95d18e26ca1148a783138ea5efdf69019563fa2deaa567f3ff6
2023-03-21 08:31:11,True,0.09427,5.442e-05,7339.44,0.3994,0x3d...9116,https://etherscan.io/tx/0xe06806f5eb4a8af9114adb4b6fcbbae763ea3145403060ec0cdce3620305b9d6
2023-03-21 08:30:35,True,0.09397,5.434e-05,5289.98,0.2875,0xfd...958a,https://etherscan.io/tx/0x27a6540e2a931991fa6fa435c09a2fbc32b5e8b79299a9dd18065ba0f29cf490
2023-03-21 08:30:35,True,0.09388,5.429e-05,2362.92,0.1283,0x33...4c5b,https://etherscan.io/tx/0x247a4d4689cf8f0f4eaaa01cfb7abc6aa862af939930e9c5dcf5837f3f354ffc
2023-03-21 08:29:23,False,0.09332,5.398e-05,3359.27,0.1813,0x81...6808,https://etherscan.io/tx/0x8ce4f0338518bcc67d17287b6870c583507360f4e996c5134bbcbb66efc7c7f5
2023-03-21 08:27:23,False,0.09344,5.413e-05,20787.6,1.12529,0x42...d38c,https://etherscan.io/tx/0x1244be123e0657954ec00a8eb92e88705f938215448526e96fb59f401385d3b6
2023-03-21 08:23:35,True,0.0942,5.459e-05,28.7944,0.0015,0x8e...c5d3,https://etherscan.io/tx/0xc2fbff02b471eb23b771c9270380ef9389bbbe7d67ba3614e7c938f3e8b2ca6e
2023-03-21 08:23:35,False,0.0942,5.459e-05,51272.5,2.79904,0x05...6bac,https://etherscan.io/tx/0x7f78422764956b678bfa4f38687f905dba6e3abc293fac8fb19f09465b1c2eca
2023-03-21 08:23:11,False,0.0948,5.494e-05,4058.32,0.2229,0xe9...c2c5,https://etherscan.io/tx/0x52ad48d512f3bf6942463cdde9d978c55071c38132cfead9a97e10d02b05aeeb
2023-03-21 08:17:23,True,0.09529,5.53e-05,161.317,0.0089,0xa6...ceda,https://etherscan.io/tx/0xf092a991e31e1497dd2eab6f13769dd9ff1271f2d148c2a3a7b9ac0a77264a34
2023-03-21 08:16:47,True,0.09528,5.529e-05,1250.0,0.0691,0xd1...0128,https://etherscan.io/tx/0x233f448305780649e39dd56e6c78fc994025fc71233d0a35cd5f783fe738b4fd
2023-03-21 08:16:47,False,0.0949,5.507e-05,18956.0,1.04404,0x42...77d9,https://etherscan.io/tx/0x404e57303c8b66bd22cb74d9e67804bcd88b022022c83c4b728bbecf3cb01e2e
2023-03-21 08:16:35,True,0.09553,5.544e-05,13731.0,0.7612,0x9c...6641,https://etherscan.io/tx/0x8b0cfdfc2468a7e5670f0c24af0b265685287886f95cbf777369355a62c5a1cc
2023-03-21 08:15:59,True,0.09508,5.529e-05,9636.82,0.5328,0xe0...b1bb,https://etherscan.io/tx/0xadcb8759e741c5e27afd8d25b4be2656dbb398611673fcd67964bf0f298eba9f
2023-03-21 08:15:47,True,0.09493,5.52e-05,3600.18,0.1987,0xbd...90c2,https://etherscan.io/tx/0x80de0aed176b72b41257812136ac19fa7bd1a4dec76d30fea09b8e76a4ae9131
2023-03-21 08:14:23,False,0.09439,5.486e-05,2500.0,0.1371,0x21...e36e,https://etherscan.io/tx/0x9170039cbec7bd6d016e51dec85e9bc92a7fdaea344a413a843dbf5953c16a0c
2023-03-21 08:13:47,True,0.095,5.517e-05,5940.19,0.3277,0x65...718c,https://etherscan.io/tx/0xf8fe9699ae4f0600f7c03ce0e47656f6a35b907c11ac152acff367d5f6311fbd
2023-03-21 08:13:47,False,0.09495,5.514e-05,51929.0,2.86347,0x22...1800,https://etherscan.io/tx/0xb5f2afe9e04c341e215f0e5f9542240130ffae22e417842d3e7360f84ee4703f
2023-03-21 08:11:11,True,0.09629,5.581e-05,388.342,0.0216,0xfe...8c32,https://etherscan.io/tx/0x04233d5fd90c1a99263b16dae7783eeeff1899752e5fb5b6aa8a1578a98e98c7
2023-03-21 08:11:11,True,0.09629,5.58e-05,41.538,0.0023,0xbb...d854,https://etherscan.io/tx/0x9d85e592e5bc586e7102ad5cc2cf6735a2c95e5021f86ec5885724872d4a5dea
2023-03-21 08:09:47,False,0.09587,5.548e-05,1439.0,0.0798,0x9d...3741,https://etherscan.io/tx/0xf4628040441ae2cbe99ea6402dae50d4a61c9b75ec716f84805b9830d638f69d
2023-03-21 08:08:35,True,0.0965,5.582e-05,965.818,0.0539,0xf3...ad1f,https://etherscan.io/tx/0x2f5641dd271bcd698a8e1c6c6d4d69753ded9f03363634a2ea28fcbd39e88f43
2023-03-21 08:07:23,False,0.09641,5.548e-05,1140.82,0.0633,0xf8...5b54,https://etherscan.io/tx/0x3aa9d198a518ce4429c99bafbef0555b46d511a72cdb2b6aed76a926a58b7c15
2023-03-21 08:05:35,False,0.09659,5.553e-05,6000.0,0.3332,0x6d...e59e,https://etherscan.io/tx/0x1a0a2ec8babde7f9fc77bb45ed5f04b94dae884a4d8c49cbdfd35aa0da408b89
2023-03-21 08:04:47,True,0.09716,5.586e-05,7006.5,0.3914,0x1b...348a,https://etherscan.io/tx/0xd1fb6c94da674264569b80d01ca80b0fd5c3b268de1da24da638fad9e73c29ad
2023-03-21 08:03:47,True,0.09706,5.58e-05,1791.98,0.1,0x57...3e96,https://etherscan.io/tx/0x2b1389f423900738450a16d5f3ece221c61eaaafaa2acb46d7439fc99fd8f1c2
2023-03-21 08:02:59,True,0.09702,5.578e-05,1101.68,0.0614,0x2c...a2fc,https://etherscan.io/tx/0x0a7015bd6e6b89f5c7bb40a01871c66bae24294e996b6ba9f39e887ac9f8ea79
2023-03-21 08:01:35,True,0.097,5.576e-05,2328.69,0.1298,0x01...2b10,https://etherscan.io/tx/0x06dd8ace9faff8138ce66dfd44a27c9678ec04d1754fc89b6bf6108cccf13913
2023-03-21 08:00:47,False,0.0964,5.541e-05,208.0,0.0115,0x55...ce90,https://etherscan.io/tx/0x2c4979d85eb89401925036601e37de945d847ed35ff1694f1e7fc90c5779c6a7
2023-03-21 08:00:11,True,0.09696,5.572e-05,3427.61,0.191,0xfe...8c32,https://etherscan.io/tx/0x9b4e6804fd08fc0b122436bcdbd7d47e3c062d8832e334931d91d88508321b2c
2023-03-21 07:58:35,False,0.09654,5.547e-05,16149.4,0.8959,0x14...0f7e,https://etherscan.io/tx/0x5ea78544eb59bbb1f9b60d30f91842183150bcf615f155e692bdffc6021a2150
2023-03-21 07:58:11,True,0.0973,5.591e-05,655.949,0.0366,0x53...0d7e,https://etherscan.io/tx/0xfa2ada6d19a55c10d01b0d477ad4527efa3929830462052a2bece39c79031970
2023-03-21 07:57:11,True,0.09723,5.588e-05,3547.44,0.1982,0x01...0423,https://etherscan.io/tx/0x7b5de687c1a4903d38c87e95966580f67890e1860020fb7ca3d86154ea4203df
2023-03-21 07:56:35,False,0.09672,5.554e-05,2881.0,0.16,0x64...4a4f,https://etherscan.io/tx/0xb7ac2db67c683beb69ce8fe3a07914fa904c42b2cadad5e12714824f7997e3a4
2023-03-21 07:52:35,False,0.09686,5.556e-05,300.0,0.0166,0xd2...9339,https://etherscan.io/tx/0xfbdefd5e421328ac18d63ff8bcf48faf43c3f98e2e20f843e2d0e9bb728bd4d9
2023-03-21 07:51:59,True,0.09742,5.588e-05,2267.89,0.1267,0xdb...fb45,https://etherscan.io/tx/0x4b85f6ddbc35bb361ceb138e393edb2e9e88730f548fbcb92616e615c5951d3d
2023-03-21 07:50:11,False,0.09682,5.554e-05,1500.0,0.0833,0xef...bdba,https://etherscan.io/tx/0x83b84aa5573baab7c97b47cd75ca4d5fabe9decc35515d805d0427af58778704
2023-03-21 07:49:35,True,0.09738,5.587e-05,3548.41,0.1982,0x59...f14c,https://etherscan.io/tx/0xef08c5c73b6eb5007de2b154606cad7edf760b059e5bac5f160b54fe0b61652f
2023-03-21 07:49:35,True,0.09734,5.584e-05,359.045,0.02,0x98...af10,https://etherscan.io/tx/0xf0601e23862a00b6df0805865f0a6b2861544dc4f99ec33724431b535986567f
2023-03-21 07:48:59,True,0.0973,5.582e-05,2595.5,0.1448,0xde...2ae5,https://etherscan.io/tx/0x4191fd1dbc8fa6616fab3a1f57a0facc5b77afef44f77c46b928dc9985eeb33a
2023-03-21 07:48:47,True,0.09726,5.579e-05,1243.52,0.0693,0x83...36c0,https://etherscan.io/tx/0xe6cb0f7e65ca584ab759d306d4a8600d4a1cfb392dcae779da9323bf5e8a4390
2023-03-21 07:48:11,False,0.09673,5.549e-05,6109.85,0.339,0xd2...2da9,https://etherscan.io/tx/0xddda1bcc7a65b1c11f341f347db87768fadf6b472c530e7bacc08e2783b69566
2023-03-21 07:46:23,True,0.09736,5.586e-05,1242.09,0.0693,0x07...73fb,https://etherscan.io/tx/0xe0327e0ddc562bf106dcaf050da4f181c464cc8067e6bd38711451ce5d91f9c3
2023-03-21 07:45:11,True,0.09741,5.585e-05,106.482,0.0059,0x18...b506,https://etherscan.io/tx/0x0a00559769b34a4f81b7371b1fe4074536e7afba6c325555d8172cdbd7a24410
2023-03-21 07:42:59,True,0.09743,5.584e-05,1064.97,0.0594,0x03...d019,https://etherscan.io/tx/0x86aca3aacbb230b42bc2ae5bec2a51c8e84d16515a4d0f323e9cba001f477833
2023-03-21 07:41:59,False,0.09684,5.551e-05,1000.0,0.0555,0x2e...f345,https://etherscan.io/tx/0xc70f89af622598d274abd5a8dd25f61670e26a5ccfc4093edc109eb30798c941
2023-03-21 07:41:47,False,0.09694,5.557e-05,8073.61,0.4486,0xc6...fed0,https://etherscan.io/tx/0x45c7ccd9167b07ba4d08922a4d4a8fa7262fe8d0c4389ea47fa44c5470a1c246
2023-03-21 07:41:35,True,0.0976,5.595e-05,1251.09,0.07,0x2c...d878,https://etherscan.io/tx/0x9798aea27ed1e1714c72bd59a1d3eab38ebd363c6b8b8d8b3fece1907acff576
2023-03-21 07:41:11,True,0.09741,5.584e-05,15400.9,0.86,0x22...d36c,https://etherscan.io/tx/0x1a2ac3105c372639a59e9d32d7acd6fbe06cea8d61f43377eb6b9472e4099092
2023-03-21 07:38:35,True,0.09713,5.573e-05,1138.31,0.0634,0x89...894c,https://etherscan.io/tx/0x6b14850b6eccf293621a4c13ae92cc093441e4a58a42037970c359c26d0ffebe
2023-03-21 07:35:47,True,0.09696,5.568e-05,6106.36,0.34,0x76...7d5e,https://etherscan.io/tx/0x1a13dafae319de2169b7f9c1a956426ee3042a2c8f02276b3bcd07c28a3c51e2
2023-03-21 07:35:47,False,0.09666,5.551e-05,30369.1,1.68578,0x50...db79,https://etherscan.io/tx/0x8a66a47f8b004e39b735b2d0a8506b4a9d0d8ad168da95e7354a18ae07bd1dea
2023-03-21 07:34:11,True,0.09746,5.603e-05,1043.65,0.0584,0x6d...036b,https://etherscan.io/tx/0xf238354418550f8c0710bab61a4ee62c75ced8cb16b7087ea9d38b7c1ce5b60d
2023-03-21 07:33:23,True,0.09743,5.602e-05,892.463,0.05,0x2e...f345,https://etherscan.io/tx/0xaf2e23755fc43fc11673a6edc291ecbe3405a43d9db28d75f13721add3043cf3
2023-03-21 07:32:35,False,0.09714,5.583e-05,22641.5,1.26415,0xc9...27b6,https://etherscan.io/tx/0x8cf163a0fe164cf921fd8509342ad2eeeefbb02565ac8fc9feae450f3fa1444a
2023-03-21 07:31:47,False,0.09744,5.601e-05,4000.0,0.224,0xb4...0002,https://etherscan.io/tx/0x81c93377fe7a56a7f0ce28da727c462cf72e158c74f3e993e9f76df273ae4fb5
2023-03-21 07:30:23,False,0.09777,5.619e-05,24000.0,1.34872,0xcf...116f,https://etherscan.io/tx/0xaec84aa1efb64c5955bfd907a3f2c26c5255013af9aa6f8e82a7566bbf6abd45
2023-03-21 07:30:11,False,0.09811,5.638e-05,3704.27,0.2088,0x28...f12c,https://etherscan.io/tx/0x04a7a061ef6b42f66747eea0940faa396f40ab5d1997944d5fa5bfc1bf8f291e
2023-03-21 07:30:11,False,0.09816,5.641e-05,564.153,0.0318,0xb7...acf6,https://etherscan.io/tx/0x3d1652cdcd997fd3e9330cc29758269c6cf1dc4bcf3b24a05223aec10bc8bc06
2023-03-21 07:30:11,True,0.09816,5.641e-05,50638.6,2.85664,0x48...2e5b,https://etherscan.io/tx/0xf589cc2d257da9d63ea72b90893470f5326e20a1b5db406924c702d73989d16d
2023-03-21 07:29:23,True,0.09756,5.607e-05,53.0334,0.0029,0x39...eb16,https://etherscan.io/tx/0x07e08446beb6af1c2c286ceb2bd47c80d6dc3636360894aa7ac79d82e76e8ff5
2023-03-21 07:28:23,False,0.09701,5.576e-05,3516.0,0.196,0xed...0c64,https://etherscan.io/tx/0xa234edf7210382e4aafdd0a3ef298a30648fa63884b2ddacc4dba9c1ce3f934c
2023-03-21 07:28:23,False,0.09708,5.58e-05,2500.0,0.1395,0x6d...036b,https://etherscan.io/tx/0x21857595b434a0a24deb6dd590a3af6783c0de29eb8286472a13d3062c64bad3
2023-03-21 07:25:59,True,0.09766,5.614e-05,617.891,0.0346,0x5c...5668,https://etherscan.io/tx/0x5e3bd40a44196476ecee291b2c10c06c026e494d974ab6b33afe1b8c8904088c
2023-03-21 07:25:47,True,0.09746,5.603e-05,17133.6,0.96,0xc6...fed0,https://etherscan.io/tx/0x177643fdac3be86a53af586119088392e1155dedb9f892a2ac1151474b47e91f
2023-03-21 07:25:23,True,0.0972,5.588e-05,5002.07,0.2795,0xaf...f913,https://etherscan.io/tx/0x0787c0853a17edfcad0c8c63f63d306d13d8e373eaa141684bace9897bf54b67
2023-03-21 07:23:47,True,0.09712,5.584e-05,1029.53,0.0574,0x2b...f09f,https://etherscan.io/tx/0xa70bb2cc4f48f6690b3d325a500779055a1759f36dbfc38955e43a6f20a3402a
2023-03-21 07:22:11,True,0.0971,5.583e-05,895.565,0.05,0xa2...1a4a,https://etherscan.io/tx/0x22c914e83cc43d42599df074d5b605de04a0e763308367706ea81f557babdeeb
2023-03-21 07:21:47,True,0.09709,5.582e-05,448.127,0.025,0x3d...ca61,https://etherscan.io/tx/0xa47c624aa1f72b791ac8f4c11bce5b350ca09708c7f71a98e1d4877d460c8ad5
2023-03-21 07:19:35,True,0.09693,5.574e-05,11071.1,0.6171,0x49...8eac,https://etherscan.io/tx/0x0190f8679060cc2ad802ace47020bda66f088be88bad2375249a0d32df6270ee
2023-03-21 07:19:35,True,0.0968,5.566e-05,534.183,0.0297,0xe3...31ba,https://etherscan.io/tx/0x55c7b6627b6bc537c3f7c546f928470c22c81396169822e2d07397099ac287c1
2023-03-21 07:18:59,True,0.09668,5.563e-05,5233.66,0.2911,0xd6...8f7e,https://etherscan.io/tx/0xe3075608ca34dea1367ee026a41be5700ae4158a47642ec83ef0e559e586ca81
2023-03-21 07:18:59,True,0.0965,5.552e-05,10546.2,0.5856,0x8a...547a,https://etherscan.io/tx/0x50657a0e46e5791fc471aa6032266f6ba46dadb07472ef7c5217f4c8630b549d
2023-03-21 07:18:35,True,0.09632,5.542e-05,5157.56,0.2858,0x67...0e0f,https://etherscan.io/tx/0x8dcd590f4b29796e95caf5b98f47cdfe370b9a108d78bd7bc12cf66d2b72a94c
2023-03-21 07:18:23,True,0.09623,5.537e-05,2090.45,0.1157,0xc1...0826,https://etherscan.io/tx/0x73854dcf5636483f3861f70bb749d6100a66bf55ef8bfa27b690d36853047f5e
2023-03-21 07:17:35,False,0.09614,5.532e-05,45000.0,2.48963,0x46...93a2,https://etherscan.io/tx/0xbe93096efbecb57ec9cf9deefc8fee61f7540688cb19cb60c253b543bf3b39f4
2023-03-21 07:14:59,True,0.09721,5.594e-05,1026.0,0.0574,0x22...03dc,https://etherscan.io/tx/0x4662a5db02ac274fda6dfd7b96ba5a85b41294f0ff4bc63f1d5662a1197a23b3
2023-03-21 07:11:35,True,0.09719,5.593e-05,1359.91,0.076,0x57...b51e,https://etherscan.io/tx/0x786d55380470f933e0e0df835c0c720f3ecbdb5faf69d30b15bff4258c6472fe
2023-03-21 07:09:11,True,0.0971,5.589e-05,4256.23,0.2379,0xe5...8408,https://etherscan.io/tx/0xc87263cae0aa3614a05019dbb8a23219e2f52ec55e12e54979b6873ca72ccb7f
2023-03-21 07:08:23,False,0.09648,5.553e-05,1000.0,0.0555,0x9a...bc8e,https://etherscan.io/tx/0x6dc6be31955c0ecd83f08d1121185e152b4ccddf39cb5839cd76e9777a4f57db
2023-03-21 07:04:47,True,0.09686,5.574e-05,20049.2,1.11768,0xc6...fed0,https://etherscan.io/tx/0x3120076a86dbb59bcdde6da91988f0e7f6ef127ff1e9cc5842e45d17299dc7ad
2023-03-21 07:03:47,True,0.09661,5.56e-05,1339.19,0.0744,0x6b...539f,https://etherscan.io/tx/0x2a5f049ea114608df9b7f818668d0cf287ea5c0ef70c86fb98dd209f388d5a23
2023-03-21 07:01:47,False,0.09618,5.527e-05,2000.0,0.1105,0x42...3fc2,https://etherscan.io/tx/0x7b27cdca47a7c023618ef05618652845e78240d075ca30aa886d3bf2bc2b76af
2023-03-21 07:00:23,True,0.09671,5.558e-05,6134.79,0.3409,0xe4...84f4,https://etherscan.io/tx/0xa8e274b9e9f5ff6883b76f3aeff082f5ac68b189f4bcce7ed41d6be57b8a8ee0
2023-03-21 07:00:11,False,0.09608,5.521e-05,500.0,0.0276,0x42...cf69,https://etherscan.io/tx/0x3783aad6f1873bb3bd987a0105515c198961a3131e0c2f3454796cb558d5dc46
2023-03-21 06:59:11,True,0.09665,5.554e-05,400.0,0.0222,0xef...59cb,https://etherscan.io/tx/0x77c03d348336ead764e7c0aee128ce80f8cd0312db533a93dffc2803fd3c31cf
2023-03-21 06:57:23,True,0.09658,5.553e-05,892.405,0.0495,0x0f...aff9,https://etherscan.io/tx/0xb633917189da97f1ac638e9c770c22aeee1a831ccb5672c6fc073fdf85cd080b
2023-03-21 06:56:11,True,0.09657,5.552e-05,1220.01,0.0677,0x6b...539f,https://etherscan.io/tx/0x054ef34916f1a4cb74cd577974411e3684bfff50e5924a808a08cdfb90845f7c
2023-03-21 06:54:23,True,0.09654,5.55e-05,2321.8,0.1288,0xbe...196b,https://etherscan.io/tx/0x6c39a301cd209078ecfc4df79717c430abeea417214ef4ecf3c13d13f568fec7
2023-03-21 06:49:23,False,0.09592,5.515e-05,200.0,0.011,0x3a...8a20,https://etherscan.io/tx/0xc281b90d14adc4593ea18069736e4d0ed035a4a8ac457a3a94ff00e113ccb42d
2023-03-21 06:48:23,True,0.09648,5.548e-05,1161.32,0.0644,0x75...c8e7,https://etherscan.io/tx/0x8348ea027e7f57c6b41fe09d534b30c6b4778d039657899687bcb68fdad501ad
2023-03-21 06:48:11,True,0.09621,5.538e-05,13423.0,0.7434,0x5b...c817,https://etherscan.io/tx/0x9556b8499d3ced56ceb54b3641fa686d843c9ecc69f3b89642119768cff1d916
2023-03-21 06:48:11,True,0.09606,5.529e-05,184.933,0.0102,0xb1...184d,https://etherscan.io/tx/0x78030919bfc01a5634ec5211cc1fe5db1d323b62cd1e8f02841f42410d51af42
2023-03-21 06:47:35,True,0.09587,5.518e-05,16470.8,0.9089,0xcc...f512,https://etherscan.io/tx/0xb1a9223e801ce3d8375391df139aaa27fdb26a2388198f3b0c378951c54a4729
2023-03-21 06:46:59,True,0.09564,5.506e-05,3100.0,0.1706,0xcd...6e64,https://etherscan.io/tx/0xcc32d154e2f485ea6c3a6a93c2acafef2a1c38967a8c739554c4da6116817c9b
2023-03-21 06:45:47,False,0.09532,5.485e-05,22500.0,1.23426,0xbd...df21,https://etherscan.io/tx/0xc6c46b6e8882468fcbc65a89ee5f8cfe7b753706e8561131e635da83fa3c76bb
2023-03-21 06:42:11,True,0.0962,5.532e-05,1971.04,0.109,0xd8...c364,https://etherscan.io/tx/0x4f8b8331e56975cd76acf3f4dcb8d2d2443d190e3e599ba7ddb790fad63deab3
2023-03-21 06:41:23,True,0.09619,5.527e-05,5380.24,0.2973,0x71...6d2c,https://etherscan.io/tx/0x51bc20c0000f39742cfa037105ebc8085b3e0934f7761b3d040507f0a1b37ebf
2023-03-21 06:41:11,True,0.09611,5.522e-05,1435.88,0.0793,0x57...2be0,https://etherscan.io/tx/0xe0c64f64b45f0294c817d8557b34ad06d43647c786cd69bc7f1de57a719735d8
2023-03-21 06:36:59,True,0.09604,5.521e-05,815.03,0.045,0x86...c2f9,https://etherscan.io/tx/0x2c0960901d28e03e2a433aef364722353be9500c89e01ea47f6a49f526d1b58d
2023-03-21 06:36:47,False,0.09548,5.489e-05,2245.9,0.1232,0xd4...fa5b,https://etherscan.io/tx/0x4fee039f42f2458bd62f93ad885161559f511e0f0820b715f7a4371aa9a1f3a3
2023-03-21 06:35:59,False,0.09561,5.493e-05,5000.0,0.2746,0x71...6d2c,https://etherscan.io/tx/0x6d736137bdec80ea5426815ffe59aba1ce06bb480fee9048b4881a7d14c5416d
2023-03-21 06:35:35,False,0.09567,5.497e-05,900.0,0.0494,0x15...99dc,https://etherscan.io/tx/0x69b85b994ab5027f210bb8c6ff503a0272affcac3bef0c7db970ad3085d9569c
2023-03-21 06:35:35,False,0.09579,5.504e-05,9912.5,0.5456,0xa3...0f12,https://etherscan.io/tx/0xfdf4e40409c9167abedc086ee1f56b74e0b003541df4d23e5c4ed87af0c92afd
2023-03-21 06:33:35,False,0.09602,5.512e-05,1444.84,0.0796,0x74...d510,https://etherscan.io/tx/0xa15d6f6c8ae29f073be009ae58f6d5488ad5337d6dcfd890e3634f844be2641c
2023-03-21 06:33:23,True,0.09636,5.531e-05,22598.5,1.25,0x68...b75a,https://etherscan.io/tx/0x2f15e33fac030dbdfb9891ebd51f0c6256590d2e83f92fe82ae9dd11874f1ec4
2023-03-21 06:32:59,False,0.0957,5.493e-05,14665.5,0.8055,0xd5...9477,https://etherscan.io/tx/0xb38ac51f9d23017dabce4d8b1d707653f74208fe3f1f35b8782f8d0b956cbdb5
2023-03-21 06:32:59,False,0.09596,5.508e-05,8980.25,0.4946,0x76...7d5e,https://etherscan.io/tx/0xac38bf0d424cecfc7e58f096bdc3571e62d6df9a66c2ba744b12f04140ec37dc
2023-03-21 06:32:59,False,0.0961,5.516e-05,3103.97,0.1712,0x76...7d5e,https://etherscan.io/tx/0xac38bf0d424cecfc7e58f096bdc3571e62d6df9a66c2ba744b12f04140ec37dc
2023-03-21 06:32:59,False,0.09616,5.519e-05,1809.48,0.0998,0x76...7d5e,https://etherscan.io/tx/0xac38bf0d424cecfc7e58f096bdc3571e62d6df9a66c2ba744b12f04140ec37dc
2023-03-21 06:32:47,False,0.09618,5.52e-05,549.154,0.0303,0xb7...acf6,https://etherscan.io/tx/0x9350ed5d1b9c08e981a892469eac602ab014888f9885814d19bc67da53fe8361
2023-03-21 06:32:35,True,0.09676,5.554e-05,892.379,0.0495,0xe7...f66c,https://etherscan.io/tx/0x8d7afabf830ab6e43fe05754bfc5e9cbd7881d186784aa100a9c168d7d2d0ad1
2023-03-21 06:32:35,True,0.09623,5.523e-05,45258.8,2.5,0x68...b75a,https://etherscan.io/tx/0xfe45e4a822f5acbe596ed58ffbb2b63385194fb5936e3e1645d07d2a03619c25
2023-03-21 06:31:23,False,0.09525,5.462e-05,791.0,0.0432,0xd1...dea1,https://etherscan.io/tx/0xda04822bae36b336572df3fc7ac7f6eded941fa4629df0cd425afe2caf61d4cd
2023-03-21 06:30:59,False,0.09537,5.468e-05,9690.39,0.5299,0x7d...2b01,https://etherscan.io/tx/0xbd0cb879e656d7a07147f7af6a9a9319bc08a45213fa0c20cd9b775bbd7e3b73
2023-03-21 06:29:35,True,0.09576,5.491e-05,25494.2,1.4,0x29...82a7,https://etherscan.io/tx/0xf2b7e6c6a5c5ff7d6835842116d33b537c5f213016f5a500d3f6f6dea821fca1
2023-03-21 06:29:23,True,0.09545,5.474e-05,1448.64,0.0793,0x0f...1cf4,https://etherscan.io/tx/0x728d67091b104ea10ab6d71e4e6f38aa2e044a8806eb51c7016aa80e406046eb
2023-03-21 06:20:59,True,0.09554,5.472e-05,467.409,0.0255,0xa8...f49c,https://etherscan.io/tx/0xc6c1c35886831ff13ac3cf7a6beb0565137214d14885d5e3e13fee1ec610ef7c
2023-03-21 06:20:23,True,0.09553,5.472e-05,597.772,0.0327,0xd4...fa5b,https://etherscan.io/tx/0x1fbd606eb394b9589c0bb635f305eec6de0ccbe5ee0764a76884db671e5398a3
2023-03-21 06:18:11,False,0.0951,5.447e-05,13376.5,0.7287,0xb6...21b9,https://etherscan.io/tx/0xdab29e6839986a7a4b2edb454a953cc0f0e2ca9966061dad2c02ef8a9e00c5e2
2023-03-21 06:16:11,True,0.09578,5.486e-05,4517.13,0.2478,0xfd...1c2c,https://etherscan.io/tx/0x5d85e59ba55fcfd3b2cc68479d4e22a9ef4389b1c9b5987c5ed1af0a92da48e2
2023-03-21 06:14:47,False,0.09517,5.451e-05,1895.38,0.1033,0x2e...f345,https://etherscan.io/tx/0x75b2563b92dc50ccbfb79c0f44b69d4fb2398def38b0e343f629c5f5097e8d22
2023-03-21 06:14:35,True,0.09572,5.482e-05,4519.92,0.2478,0xe4...52c2,https://etherscan.io/tx/0x7cb2966f1ea1d8cbaaf61eb7df9b1695b56c2bd292c33ef2de344ff7d617fb64
2023-03-21 06:13:59,True,0.09564,5.477e-05,4187.74,0.2293,0x93...b2f3,https://etherscan.io/tx/0x4474b0559becfda86572948d8e96c574cd7c36fa685791fcd5a24a19bc1543b9
2023-03-21 06:11:23,True,0.09551,5.471e-05,5188.41,0.2838,0x31...0f31,https://etherscan.io/tx/0x2468ee09741064d619d4753f39cc6c42a05896631435ba3e30683a20f61f8513
2023-03-21 06:10:47,True,0.09541,5.464e-05,4407.66,0.2408,0x8f...56fa,https://etherscan.io/tx/0xa923685b6d49b6596983a78e5b914ccf2836adb5f74a3265fba26b50175970de
2023-03-21 06:10:11,True,0.09531,5.459e-05,4298.86,0.2346,0x25...1034,https://etherscan.io/tx/0xd19372a4f726215b485727eb8006c5ca7471447c005136072d4454cbc1cf5df8
2023-03-21 06:09:47,True,0.09515,5.449e-05,10368.4,0.565,0x3d...dd56,https://etherscan.io/tx/0xf6fbb5c3998600be36f85541d88b2147ce2923757d68cf8520405396a526360f
2023-03-21 06:09:47,False,0.09461,5.419e-05,13444.8,0.7286,0xbf...19d9,https://etherscan.io/tx/0xc550cfed5344b3c096264eb7510a194d8e41b9404bf262a7599614ffa24f4254
2023-03-21 06:09:23,False,0.09492,5.44e-05,20000.0,1.0881,0xff...96d5,https://etherscan.io/tx/0x3d2e666391061ce844704c71ce998f0424fb2c42d555d74e18d7b30874dafe35
2023-03-21 06:07:47,False,0.0951,5.453e-05,1000.0,0.0545,0x67...93e6,https://etherscan.io/tx/0x78def959303a61adbd890680ff9203e962d0ddc6d313ab1c6720defba5f1c61f
2023-03-21 06:06:59,True,0.09567,5.486e-05,929.706,0.051,0xc5...0668,https://etherscan.io/tx/0xb506caee4720bdeeebb9b046ce055cd069301384145de373f828a1e93329c568
2023-03-21 06:05:47,True,0.09563,5.482e-05,5423.92,0.2973,0xc8...ffe8,https://etherscan.io/tx/0x9cbc55cf561bf0643ce2ce54a957f647a43707bf6546bab2561e5a3394b516ce
2023-03-21 06:04:47,True,0.0955,5.475e-05,6336.65,0.3469,0x2c...848d,https://etherscan.io/tx/0xb3cd6e381a5b1b1d9188ff036bcde180b478281bb8518e968e74e09ef4376c49
2023-03-21 06:04:35,True,0.0954,5.469e-05,2766.62,0.1513,0x4e...59ae,https://etherscan.io/tx/0xc1d348a47da3141cb1506d354f7cfcf40fcd6929697298668ee65df6baf763e1
2023-03-21 06:03:47,True,0.09536,5.466e-05,1032.84,0.0564,0xd5...a7ba,https://etherscan.io/tx/0x0cfd67b34edcb2b8d9548ba94aad009722f3a77531c145f8f1f7ea0d921cc6e6
2023-03-21 06:01:11,True,0.09559,5.465e-05,525.928,0.0287,0xa8...4fa7,https://etherscan.io/tx/0x4328b6e38cc842a3a4191a0a53841fd299b88379da39d0cc1b8556ccab7cd8ca
2023-03-21 05:58:35,False,0.09515,5.437e-05,7138.99,0.3881,0xa8...e38a,https://etherscan.io/tx/0x7aa269a0de228e9d3b44c77b20f125b36f53c611b8431f92f3b5b28ae7d97655
2023-03-21 05:56:11,False,0.09561,5.464e-05,37470.4,2.0475,0xd2...2da9,https://etherscan.io/tx/0x1a22bb1ba58b1f19aead41f369fa5b42b293eb667a437dabd2c8b4e7d3aac278
2023-03-21 05:56:11,True,0.09624,5.5e-05,34768.9,1.91242,0x1d...11bd,https://etherscan.io/tx/0xd63b9042b444bc49a6a3278f793ef9fb563e453f0a8eb262dc6fa8e2ce062668
2023-03-21 05:56:11,True,0.09583,5.477e-05,1186.74,0.065,0x2e...f345,https://etherscan.io/tx/0xa90dc289dbce085602dd9223706055990c7d6603a1b30896dd18fc9ada21efef
2023-03-21 05:55:47,False,0.09538,5.451e-05,13000.0,0.7087,0x6b...2b4f,https://etherscan.io/tx/0xc734fac971ae5d07aab83ed7aff937b44f36748462ac552099a1c13709af765a
2023-03-21 05:54:23,False,0.0956,5.467e-05,10533.8,0.5758,0x15...ba52,https://etherscan.io/tx/0x5db40bcce898f3fd50b664e6bafbdd35c81ff03c85bc985aa43d899ec1a3111f
2023-03-21 05:51:47,False,0.09575,5.476e-05,4000.0,0.219,0xa6...66cd,https://etherscan.io/tx/0x36d0bb5babfb14851671195ca33447bea9212563995e1099b0622da2b7d7dbe8
2023-03-21 05:51:35,True,0.09636,5.511e-05,809.351,0.0446,0x42...29b0,https://etherscan.io/tx/0x8b21f661bfae6a2754dd085534b1f2a34201417d052374168ab22cc9098cce5f
2023-03-21 05:50:59,True,0.09636,5.51e-05,737.543,0.0406,0xe5...5d5d,https://etherscan.io/tx/0xc7aa5fcae95c2f6abf854be77ce55de38ce956d42329a6c65aeeba813c74eac2
2023-03-21 05:47:59,False,0.09587,5.484e-05,11021.2,0.6044,0xa0...17a3,https://etherscan.io/tx/0xc3f738fbe2d8b4be1d8b6bb4942612bbe4c7fb45190b269a9bdc3f06b6fd596e
2023-03-21 05:47:47,False,0.09608,5.496e-05,7665.31,0.4212,0xf6...2e0a,https://etherscan.io/tx/0xfeaa5835ea70b2fb079dc4b3e8cb6a600f360032611605f3e93fc77808d69dee
2023-03-21 05:47:47,False,0.09643,5.516e-05,23477.2,1.29506,0x79...0fa0,https://etherscan.io/tx/0xb993475e1b5a67515e52b68ba0667f4097636f18004b4b88d1e0609bb7524ba3
2023-03-21 05:47:47,True,0.09664,5.528e-05,55675.4,3.07794,0x66...ad11,https://etherscan.io/tx/0xe359112626d3caa813084f8616cc906fc15135fff38518e2a6d0d09ad2b4e0a4
2023-03-21 05:47:23,False,0.09544,5.459e-05,209.676,0.0114,0x11...a9e8,https://etherscan.io/tx/0x7a1395461e4aaeca4110d28fb74291b0312dc81b6b53cdcf384b83f79631e260
2023-03-21 05:46:23,False,0.09549,5.46e-05,583.302,0.0318,0x76...7d5e,https://etherscan.io/tx/0xa7c36358948a0e4bf42d194fd34d333ac043911611420c9dc1d0679f41ba3b49
2023-03-21 05:45:47,True,0.09587,5.481e-05,18083.3,0.9912,0x16...d9d6,https://etherscan.io/tx/0x0970570b7b32f4316a4b0022c324c0b20a8176bfd721e729129d46de6b54fc64
2023-03-21 05:42:47,False,0.09509,5.437e-05,401.477,0.0218,0xd6...95dd,https://etherscan.io/tx/0x77c50bfa9a93b981303e2a10077ed14536c03cbbcc0fe908c4062d525f3cee5d
2023-03-21 05:41:23,False,0.09511,5.439e-05,2563.83,0.1394,0xe4...53d4,https://etherscan.io/tx/0xb71495e5afc188b847d85aabadf4e76e39b99169b0edc6a98ac27df4d75404e6
2023-03-21 05:40:47,True,0.09602,5.489e-05,79293.1,4.35239,0x55...1919,https://etherscan.io/tx/0xa6a60723eef45c5e429e6d4bf87edbf46320a146e3dfc6cbb77d689ff1e0fc2b
2023-03-21 05:40:11,True,0.09391,5.368e-05,7432.36,0.399,0xa9...19cb,https://etherscan.io/tx/0x4db95ca1d495dd3b788cc0b73c8fd73c3b5483127746fe5e3d16c18545b80273
2023-03-21 05:39:35,True,0.09386,5.363e-05,237.059,0.0127,0x16...d971,https://etherscan.io/tx/0xcdd1ff4849e9150a81028c8a5035473eede3ea06f410ca0733960021ff902039
2023-03-21 05:38:23,False,0.09358,5.347e-05,26136.1,1.39765,0xa4...9a95,https://etherscan.io/tx/0xc265658264b63dde7912663a33f1b5c17257614399e5ac8c11052c09992e26a6
2023-03-21 05:37:23,True,0.09426,5.384e-05,17827.6,0.96,0xa9...19cb,https://etherscan.io/tx/0x084c044504a15df7e99b19220a371e55f69089a3e2b80e0a30570e44b512414b
2023-03-21 05:37:23,True,0.09396,5.368e-05,9281.93,0.4982,0x00...6bba,https://etherscan.io/tx/0xe042b77120a2f89cdf6da0adb5185cad827eeb218f57f1568747ad7f2e94e284
2023-03-21 05:37:23,False,0.09384,5.361e-05,50000.0,2.68058,0x0b...e5c0,https://etherscan.io/tx/0xbc7007fbc128b62d08e20d42bed941ae337cf37e362487d0ad57d8a1fca83898
2023-03-21 05:33:47,False,0.09438,5.392e-05,750.0,0.0404,0x2f...89b8,https://etherscan.io/tx/0xdc142df53e24bb1c3686a716a975905db69289340bb3ca7179e0ef1518c0c203
2023-03-21 05:33:23,True,0.09495,5.424e-05,1461.79,0.0793,0xa8...6ff4,https://etherscan.io/tx/0xc79db18c1a20ce434cda0927adb929248f35f96d32a732c055d159f00405f45e
2023-03-21 05:32:11,True,0.09491,5.423e-05,1173.6,0.0636,0x7f...bdf6,https://etherscan.io/tx/0x2488a991f93845cb6eae3cf132783ab107b3b6c3186642bcde13d1e9c0fa3088
2023-03-21 05:30:59,False,0.09439,5.393e-05,4870.0,0.2626,0x73...821f,https://etherscan.io/tx/0x2968d4bb08a7071db16049b90f380bf7e293c3fa88bd98678710b65a3e9e45cd
2023-03-21 05:29:59,False,0.09457,5.403e-05,11502.5,0.6215,0x79...0fa0,https://etherscan.io/tx/0xb2315277dc831f0f147b57e1688c94adffb34960733868feb572c27895a974e9
2023-03-21 05:29:59,True,0.09504,5.43e-05,19913.9,1.08143,0x09...7f19,https://etherscan.io/tx/0xe77ef0ee00c4c24af7cfcc7518fbc22346e9784c51cbdcdb96a186b1b53cba13
2023-03-21 05:29:47,True,0.09461,5.405e-05,19364.7,1.04679,0x29...b5e8,https://etherscan.io/tx/0x2b20cdaa8341a5758634234e951f95dd51547ba91eeea81743f4fc059e427546
2023-03-21 05:29:35,True,0.09434,5.39e-05,5194.61,0.28,0xb7...8fee,https://etherscan.io/tx/0x83aa6a2a0565f8e0378ef00c6e0186695e89e6d31a7a1b1e2edd0ecc3b5c2b42
2023-03-21 05:29:23,True,0.09424,5.384e-05,3681.77,0.1982,0xdd...9dc6,https://etherscan.io/tx/0x7530249d3d7e2d61a5f4a9549d7f86c3fabeffd54d7a9fcb078947dd41f19a76
