datetime,buy_order,price_USD,price_native,amount_token,total_native,maker,etherscan_url
2023-03-22 07:12:35,True,0.1049,5.835e-05,509.619,0.0297,0x88...ffe8,https://etherscan.io/tx/0xbd1b81ad7ceb7fea76fc35105da36a3d29c4fd77f9d7fe28b4aeb70679a8d8f4
2023-03-22 07:11:59,True,0.1049,5.834e-05,990.856,0.0578,0x18...ca0e,https://etherscan.io/tx/0x44cc65582376014bc1ab7eb429c5d84084eb47c9396aeb191d55cffec1bc5450
2023-03-22 07:08:59,True,0.1047,5.816e-05,23431.1,1.36297,0x5e...86b8,https://etherscan.io/tx/0x8d6eb77a7dfef1707c1d52fb62485ed3a34cd9ec805dcad17165c4948a802854
2023-03-22 07:08:59,True,0.1044,5.799e-05,1110.94,0.0644,0xbe...f815,https://etherscan.io/tx/0x7a7a6a307aad0da21204c66803a0930dde41f0f33bb0332302822442a486b75e
2023-03-22 07:03:47,False,0.1038,5.764e-05,200.0,0.0115,0xb4...0002,https://etherscan.io/tx/0x65efc41af0b81ba3e84cd0f80fe2d66985270b1a9ae0e7191bc662cce5493603
2023-03-22 07:02:23,False,0.104,5.772e-05,11400.7,0.658,0xe5...22f8,https://etherscan.io/tx/0x309a2cd364513ca7bfdf34edb227db739dc837d25c66496fe7b2a31c7ab93ca0
2023-03-22 07:02:23,False,0.1042,5.781e-05,2125.9,0.1229,0x7f...18eb,https://etherscan.io/tx/0xf8ee8e61fea5e3a325b7b29f5dac16f6464e2553f73d0db705dcca6938decbb9
2023-03-22 07:00:35,True,0.1046,5.806e-05,17223.5,1.0,0xc2...1e59,https://etherscan.io/tx/0xb9d3b26bd965d7b412aa142ebcb44cd654c200a8210eede161c55ea01a7bb316
2023-03-22 06:57:59,False,0.1038,5.759e-05,495.427,0.0285,0xae...ae13,https://etherscan.io/tx/0x52911adf5ccda1b204b970190ce34ce872393bfc24ad4f78700e906275eb2afb
2023-03-22 06:57:59,True,0.1044,5.792e-05,3665.52,0.2123,0xe3...b792,https://etherscan.io/tx/0x4b4beb62945d8605e781544a321394801f52e2da8576cc73b68c391aaa168e6c
2023-03-22 06:57:11,False,0.1037,5.755e-05,1247.61,0.0718,0x18...d139,https://etherscan.io/tx/0xa39485c400d6fb08e36e38c7a93d797e856ba01bb50006f7b7b9948b80545a2c
2023-03-22 06:53:11,True,0.1044,5.79e-05,1369.53,0.0793,0xc6...af38,https://etherscan.io/tx/0xd606ab373dcd35a7d94698106baeedea8b8f41f1428a475c1a4e34134bbab3aa
2023-03-22 06:52:59,False,0.104,5.769e-05,20710.0,1.19477,0xd2...beaa,https://etherscan.io/tx/0xb2c9997f89b79b589066373c6f151b7597b0388f0c9a1b2a42a79a7905893088
2023-03-22 06:52:11,False,0.1044,5.789e-05,8898.51,0.5152,0xb0...f167,https://etherscan.io/tx/0x54887d27796d71080a8e21c557e9c847ea49ec1d44c0f12e7d150883681a6ca3
2023-03-22 06:51:35,False,0.1045,5.796e-05,704.781,0.0408,0xd7...a3b2,https://etherscan.io/tx/0x88cc75802b9ad35bbe649dc82529feba7c0ecf0b4f775e8711d3c47405e7f561
2023-03-22 06:51:35,True,0.1048,5.813e-05,26157.9,1.52066,0x49...2e6e,https://etherscan.io/tx/0xd3d46ab418b88a4c4b583a1cae1d8ea265f53f47ee9dc5fc5c0f54316ddadfee
2023-03-22 06:51:11,False,0.1038,5.761e-05,1084.55,0.0624,0xa0...17a3,https://etherscan.io/tx/0xa07d0a332694be5645b38e12305fe5a69d7ccfa5bb5229e200f7445bd04ba781
2023-03-22 06:50:59,True,0.1044,5.79e-05,9000.0,0.5211,0x06...71be,https://etherscan.io/tx/0xea4b4febaca84fe57b42eb12d2185f65057850f6e9459095198a4041c6f867bd
2023-03-22 06:50:59,False,0.1036,5.749e-05,321.144,0.0184,0x00...3d00,https://etherscan.io/tx/0x92e02d3e8b7f9b44ae22b7452a8549f70215fb2551d9a99d1f071c0c6b0961d2
2023-03-22 06:50:47,False,0.1037,5.751e-05,2965.17,0.1705,0xe4...53d4,https://etherscan.io/tx/0x1080c5f85a0ae4a3e6cdb5d0b96111b56547044347bb07802795d9afcd3e8eda
2023-03-22 06:50:23,False,0.1037,5.755e-05,2767.44,0.1592,0x13...062e,https://etherscan.io/tx/0xd109e3a4dcf908364fe530c27b0c2f474a2bf533dfbf7c7688cc6c716c148ec3
2023-03-22 06:50:11,True,0.1032,5.727e-05,93135.7,5.33464,0x05...6bac,https://etherscan.io/tx/0x36157b7bc025998440020193de5cb248f2e23632d0a8c8de87be5dc75d465256
2023-03-22 06:49:47,False,0.102,5.659e-05,43485.3,2.46109,0xd5...139c,https://etherscan.io/tx/0x4e8d44f6d1ff3ec8020aaadc36803c2f35353e4f6621aaa4602d9acf82a030da
2023-03-22 06:49:11,False,0.1026,5.691e-05,4195.11,0.2387,0x76...7d5e,https://etherscan.io/tx/0x56c3ac1d2ac9fa70b84a109611426efbc91d23f8eccee86806e909b233f31b93
2023-03-22 06:49:11,False,0.1027,5.696e-05,1795.94,0.1023,0x76...7d5e,https://etherscan.io/tx/0x56c3ac1d2ac9fa70b84a109611426efbc91d23f8eccee86806e909b233f31b93
2023-03-22 06:48:59,False,0.1027,5.7e-05,4351.01,0.248,0xe4...53d4,https://etherscan.io/tx/0xd94f46ca3c0bdbfee0edc37251417923f03af67862f25b14c897b1e577ffee33
2023-03-22 06:48:47,True,0.1022,5.67e-05,98886.5,5.60684,0xbd...53cb,https://etherscan.io/tx/0x82a645b75e2dcc853380b94b99850a288f855abf313679510b0581844c188864
2023-03-22 06:46:35,True,0.1009,5.602e-05,746.857,0.0418,0xdb...d56c,https://etherscan.io/tx/0x9ffb5d33b2641271f22063d8790d69b4015d09aa3b62bf61c955ccdae0c0de86
2023-03-22 06:41:47,True,0.101,5.602e-05,442.355,0.0247,0x36...c6bd,https://etherscan.io/tx/0xbd878470c12652d85ee87c37b702abe88b2adf2a2adbfe831f41877854470d96
2023-03-22 06:41:23,True,0.1007,5.59e-05,16832.4,0.941,0x55...1919,https://etherscan.io/tx/0x9cc302314de40a43512c821e656513dd1db4500d7370260ce86af51626d8726e
2023-03-22 06:40:59,True,0.1005,5.578e-05,1962.24,0.1094,0xd6...0958,https://etherscan.io/tx/0x2360ea28ee7eca1e4ac1dacb535cc6859900a40d2839d2a8fb40229bf5982d49
2023-03-22 06:33:23,False,0.1001,5.546e-05,5083.44,0.2819,0x27...0add,https://etherscan.io/tx/0x7b88d59c9109b1b92e5b05a8f2c6953f79ac61bee725e1a6bb8bfbb01719fb39
2023-03-22 06:32:35,False,0.1003,5.557e-05,11045.2,0.6138,0x76...7d5e,https://etherscan.io/tx/0xaea648c261bb8a5e1b4206dedf2efbaf48f280cbda058dfb1bbdb8fbd13b3dcf
2023-03-22 06:32:35,True,0.1008,5.585e-05,19522.4,1.09038,0x76...c3c2,https://etherscan.io/tx/0xf9aafab38d0831fd0a70e41fc02f70fb7051fc3edcd7ce11053a58519e020618
2023-03-22 06:31:47,True,0.1005,5.564e-05,11935.4,0.6641,0x82...65fb,https://etherscan.io/tx/0x258707fcfb66a75e7d21c64a3f38f567ff69aa1f124d8fbac83fa00bc311901a
2023-03-22 06:29:47,True,0.1002,5.549e-05,10359.4,0.5749,0xdd...eece,https://etherscan.io/tx/0x62dc85416fa128bcf96927af9e27ed245342d8e0972d15dca8d4dadce77e1b0b
2023-03-22 06:26:35,False,0.0995,5.509e-05,145.415,0.008,0x7f...5100,https://etherscan.io/tx/0x2dd0729ea65b5890a3a9989a6a290a678d9c5567f2f4da7fe204aa67a04a6de9
2023-03-22 06:24:11,True,0.09992,5.535e-05,12500.0,0.6918,0xdc...654d,https://etherscan.io/tx/0xf842d0274ac13168fd058026b2d6738971f182885f9f5eae2ca4762b57a1b055
2023-03-22 06:22:35,False,0.09919,5.494e-05,1111.0,0.061,0xe2...9836,https://etherscan.io/tx/0x4fbfdfbc7231e13d3faa311383f97838a2a9d2b3c4e9131915bef0dfb1b7eefd
2023-03-22 06:22:35,True,0.09978,5.527e-05,1486.22,0.0821,0x84...4a17,https://etherscan.io/tx/0xcb750a4dee72a6b46286e90df2a8912aefc6f21dd8c536e0c21c491d4a0dbe30
2023-03-22 06:19:59,True,0.0997,5.526e-05,495.852,0.0274,0x18...4f42,https://etherscan.io/tx/0xdddf3056fa58a8c637ba80f13eb3569b8137943e593b7e81a90eead136aa1d04
2023-03-22 06:18:59,True,0.09965,5.525e-05,813.413,0.0449,0x78...42d6,https://etherscan.io/tx/0x79d5ac127c115f67904ee8cdeecb951f983180dd112eb033e072f2d6eeff67e0
2023-03-22 06:18:59,True,0.09961,5.523e-05,1861.93,0.1028,0xf7...820a,https://etherscan.io/tx/0xe764a94f849dd321e98bf42f0fa2288becbe0a460cd8b68dfdeadb01ea0e57ee
2023-03-22 06:17:35,True,0.09956,5.52e-05,2693.4,0.1486,0x33...6fcf,https://etherscan.io/tx/0xb49464cc9018a9472d78f22e29a3b086fe2e00d23734156ef0d06a4c3230b39f
2023-03-22 06:16:35,True,0.09947,5.518e-05,815.49,0.045,0x7b...e0c8,https://etherscan.io/tx/0x396e97a4c97902e9ce84fc3f8c367a28f28f5eaf1a42eb7c04b1256c8eb8f532
2023-03-22 06:15:47,True,0.0992,5.503e-05,21804.5,1.2,0xa4...9a95,https://etherscan.io/tx/0xc8769a5016c35d8f00fbcb83f48fef47c4e3b7d4e0ccaf980c439d5663148418
2023-03-22 06:13:47,True,0.09895,5.489e-05,399.466,0.0219,0xb0...091e,https://etherscan.io/tx/0x469fec354ff7933ceb96d9808052985d86de3f7588c17a6a81850fe99a64a1f5
2023-03-22 06:08:11,True,0.09892,5.487e-05,1518.83,0.0833,0x9a...63b7,https://etherscan.io/tx/0xd8c1dbfe11e917c5cebf7280df70d820ff39a50bd062644c1cd39aae804c6f23
2023-03-22 06:02:47,False,0.09834,5.455e-05,2272.18,0.1239,0x2e...f345,https://etherscan.io/tx/0x67e87d1ad79acbd809c8201652da49a1ea527e065c6510d94fb281cf1bb4fcb2
2023-03-22 06:02:23,False,0.09837,5.457e-05,300.0,0.0163,0x81...4942,https://etherscan.io/tx/0x3c86f52966d17a1b64cf16499e5895d153b7f0c823e05d10c0b5a8aeff43ca91
2023-03-22 06:00:59,True,0.09887,5.484e-05,8209.3,0.4502,0x46...804e,https://etherscan.io/tx/0x604467142e825a6a2f19d830d4438af910782ba50f87ba62cfd8637bbc294783
2023-03-22 05:58:59,False,0.09805,5.447e-05,901.375,0.0491,0x3f...1d09,https://etherscan.io/tx/0xa7c89fabc097627906d65f80464ceca9dcef148d22f082e185e7db8981550845
2023-03-22 05:57:35,True,0.09864,5.48e-05,1003.17,0.0549,0x42...aa97,https://etherscan.io/tx/0xea928d6eed0559ab03d70b28ea7d4a776472cc532ac6883d5b092d13ef9d0b8f
2023-03-22 05:55:35,True,0.09851,5.475e-05,5545.96,0.3036,0x87...d38b,https://etherscan.io/tx/0x1e583da6262d664a0aa63e2c27e5e2aa10bd698e8ae94ea570527b723efe28d8
2023-03-22 05:50:47,False,0.09784,5.441e-05,2417.56,0.1315,0x7f...18eb,https://etherscan.io/tx/0xeb3829813a5faa55627bd1f1b48f4d427698d8a72c1fdefe93007002ad81366a
2023-03-22 05:48:11,True,0.09841,5.473e-05,3146.94,0.1722,0x61...fb6c,https://etherscan.io/tx/0xe3dcdf49041134b6cbff7109d820f61a47e63acb8045e0c49e5d9913443041f5
2023-03-22 05:43:23,True,0.09843,5.471e-05,235.528,0.0128,0x4f...5df9,https://etherscan.io/tx/0x76cbcaf4765871f8f05727a170163f545a471d50daf4a26c2f01c74ade9bb6be
2023-03-22 05:34:23,True,0.09828,5.47e-05,652.299,0.0356,0xe8...f8f5,https://etherscan.io/tx/0xf3d5318f4ff677bc8ad3ac63ffbfdcd9a9940aa68e022f4edd06760a7fd9c819
2023-03-22 05:34:11,True,0.09825,5.469e-05,1812.47,0.0991,0x40...bf1f,https://etherscan.io/tx/0x4143ee991f05695236904ff1100ace2d7c9370a74bba1066e2470541f0a4504b
2023-03-22 05:29:47,True,0.09829,5.467e-05,997.186,0.0545,0x67...8738,https://etherscan.io/tx/0x77e8cbaec00b878c154d8247535292c0e6aafa685bbc89188d40d843139ec489
2023-03-22 05:27:47,False,0.09774,5.437e-05,5000.0,0.2718,0x27...0add,https://etherscan.io/tx/0xb71ded61cd9aa0785a9d80885d32dcb8c595d1da0ed4ae7a0050108959d2156b
2023-03-22 05:22:11,True,0.09845,5.472e-05,251.045,0.0137,0x02...12eb,https://etherscan.io/tx/0x8ded571a4d5f77eb661f304cc81af66dab1157b9e1e3205d9e927fd2733a8333
2023-03-22 05:20:23,True,0.09844,5.471e-05,1974.73,0.108,0xb3...dece,https://etherscan.io/tx/0xd15bc3d14739f950acfdc6722fef114d9f2bc4ba2822a359f9402ab2a054af98
2023-03-22 05:18:59,True,0.09835,5.469e-05,1540.57,0.0842,0x58...3d20,https://etherscan.io/tx/0x68fe85a96d081e28f05e453869c48be63494c3802587d529adc1b4fc8427a28c
2023-03-22 05:15:47,False,0.0978,5.44e-05,7100.0,0.3862,0xf0...77c9,https://etherscan.io/tx/0xaf0f2aa3d386230c291cd6f300a8a78454e2fe0edbde4595515b396a98d664d3
2023-03-22 05:11:35,True,0.09845,5.476e-05,1629.08,0.0892,0xed...ed7c,https://etherscan.io/tx/0xe02e5fc9a950f7cf89e686bc37e0722065b7641fc1936994a2699ea665c34a3a
2023-03-22 05:09:59,True,0.09842,5.474e-05,530.57,0.029,0x55...ce90,https://etherscan.io/tx/0x2661dc2ad245b1c8eb3e7ccc9c42ad4d1c6cf3ab45f1bbe0e234051e9cafdc8c
2023-03-22 05:09:23,False,0.09787,5.444e-05,4136.63,0.2252,0xc6...8d4e,https://etherscan.io/tx/0x600cb02d51a3f1219cf0b9421c597d633b68cd76f3bd65abab86947afe875ee3
2023-03-22 05:08:23,False,0.09795,5.448e-05,2563.44,0.1396,0x76...7d5e,https://etherscan.io/tx/0x0a59892d91c4b1503dc9e74b1fa156882405d6435bf4e57ef492c29100080feb
2023-03-22 05:07:23,False,0.09798,5.45e-05,20.146,0.0011,0x62...9c5d,https://etherscan.io/tx/0x66cfdbd4171fb872a33889f68f73777bf22d924d2f947102cba5b695d6dcc031
2023-03-22 05:07:11,True,0.09857,5.483e-05,260.193,0.0142,0x02...12eb,https://etherscan.io/tx/0x2656eb261b5a1cf1f756cfbeabb4b74bbf71ea3897d3aed0a40d28a2fedb6e35
2023-03-22 05:02:35,False,0.09803,5.451e-05,2000.0,0.109,0xb7...2bbf,https://etherscan.io/tx/0x496aec617ea4730782c99e001b52cbe6a125410bc75a9e95e0fd7a6970018136
2023-03-22 05:01:11,True,0.0987,5.482e-05,4808.51,0.2636,0x5f...5fdd,https://etherscan.io/tx/0x8de11ff211a5475fdd35415dbde65707308b0aba157cf577f38411b5056b9628
2023-03-22 05:00:59,True,0.09864,5.478e-05,910.818,0.0499,0xe2...9068,https://etherscan.io/tx/0x20261d72e26bfe20151bf94a29d5450e4daf3bf64c8106a69902aac2b32d1741
2023-03-22 04:59:35,True,0.09859,5.476e-05,2147.31,0.1176,0xed...b17b,https://etherscan.io/tx/0x9b46dd7b14672d0c23644f9b426d0d6044e5440e50ec361d6739d403923c9810
2023-03-22 04:59:11,True,0.09853,5.473e-05,3531.79,0.1932,0x4d...0d9a,https://etherscan.io/tx/0x94507e23b960f8d76847b0eb03bb26443f882b5067be6e93f21c516e742bbf88
2023-03-22 04:58:11,True,0.09849,5.47e-05,200.615,0.0109,0x8c...8833,https://etherscan.io/tx/0xe1ae13844532d2feff54cfc9c9d572b229ff9d9650e1e4a7f4ad6f2935cbcf99
2023-03-22 04:53:59,True,0.09847,5.469e-05,1087.35,0.0594,0x77...b323,https://etherscan.io/tx/0x358e9da3f6653674a23f1e305ed8db53b7f76b3835e55bb4c4cb1581a7f4e507
2023-03-22 04:53:23,True,0.09846,5.469e-05,65.7635,0.0036,0x07...1055,https://etherscan.io/tx/0x86f058df296e5663f3fbf12e90955405e359c22316d2ccde01dce1e378d68498
2023-03-22 04:47:59,False,0.09794,5.438e-05,3251.45,0.1768,0xe0...d742,https://etherscan.io/tx/0xdfbba275baf8a76ddfa677f2598381621b1961e9bfb1488e6fbef4e6c758176f
2023-03-22 04:46:47,True,0.1052,5.844e-05,27272.6,1.59393,0xa2...67dc,https://etherscan.io/tx/0x748149be7d8a53d7801147e519b2246a700faedfe793cfc71650cc978673d328
2023-03-22 04:44:23,False,0.09758,5.418e-05,21984.2,1.1912,0xed...2510,https://etherscan.io/tx/0x1abd3f54e1f9aef7c710e1a68fa51ba78027f82a6173368d2cf9f8c707b017b7
2023-03-22 04:43:11,True,0.0984,5.464e-05,544.167,0.0297,0x77...b323,https://etherscan.io/tx/0x5694a49994bbee9ced9e3e745a3bdd535702c69afdb321ec274c7230d559bc78
2023-03-22 04:41:23,False,0.09788,5.432e-05,650.0,0.0353,0x7d...c9a9,https://etherscan.io/tx/0x7448f4dfd4b8a9d385301c06567f2f35c26de81f773a8d38cc089ece15def39b
2023-03-22 04:38:11,True,0.09842,5.463e-05,2358.5,0.1288,0xb2...3e2a,https://etherscan.io/tx/0xcabfb825a4612c47324b60667a23f6890324479fa115a291eb3693809e18e6a9
2023-03-22 04:38:11,False,0.09782,5.43e-05,1000.0,0.0543,0xe3...b497,https://etherscan.io/tx/0xa5e2ffbccfd2162dda09db5786add3dde747a87c58c8fd1dd6f67530e5b10c7e
2023-03-22 04:37:35,True,0.09842,5.463e-05,70.1946,0.0038,0xa6...00e4,https://etherscan.io/tx/0x5b6ae1e4fc2990658fc8b18ce0a81fa42cf49d2ec9a7213c47f981cdc0cbdf82
2023-03-22 04:30:47,False,0.09796,5.431e-05,1001.58,0.0544,0xdf...737b,https://etherscan.io/tx/0x660b4446a7b4d594c922f21425e0e9ec3ec128e8cb138a980b6861bfcc9bb5b6
2023-03-22 04:24:23,True,0.09859,5.464e-05,1001.99,0.0547,0x66...84c5,https://etherscan.io/tx/0xab18e8fd4beefb10f6571d0fb66950ccd503bfc2704a61db3f393d8121bcafc9
2023-03-22 04:23:23,True,0.09853,5.463e-05,400.863,0.0219,0xc0...173f,https://etherscan.io/tx/0x0726d90c0e21a9ae6882f161e42f88307df100170be72f0c4d10dd26b64e08ab
2023-03-22 04:20:35,True,0.0985,5.462e-05,1412.83,0.0771,0x08...5e00,https://etherscan.io/tx/0xc6cfc8b1b568134006927cfa37e69f4287c338ebf18e0f54714fb99ab33efb38
2023-03-22 04:19:59,True,0.09849,5.459e-05,1815.5,0.0991,0x96...e67a,https://etherscan.io/tx/0xf76e48092f4eaa26aa32a680353bfcafca569e4ba188d1f8a448aadf3a00da8a
2023-03-22 04:17:47,False,0.09793,5.428e-05,3394.21,0.1842,0xc5...8648,https://etherscan.io/tx/0xe3d7babdff89794e09dc3e08eda908e419f7a224b91825bbd78fe53b2490ff39
2023-03-22 04:17:47,False,0.09826,5.446e-05,25221.9,1.37371,0x56...e58b,https://etherscan.io/tx/0x97693db8d4e56903ead9aaf36506a4cc4dcfbc231997ee468df7bb3df496eb5b
2023-03-22 04:12:47,True,0.0987,5.494e-05,920.01,0.0505,0xa2...cff5,https://etherscan.io/tx/0xd39aac26568f19984a8641e91cd6451e41d35084885bdd36b779e1c979afb7fd
2023-03-22 04:10:35,True,0.09858,5.493e-05,1263.08,0.0693,0x0e...fb7d,https://etherscan.io/tx/0xdf6a8bea1aea0a93e12a34282ce7f19cd188e04e12c1e21de7468ce59962d1f4
2023-03-22 04:07:35,True,0.09837,5.489e-05,5009.62,0.275,0x39...1be3,https://etherscan.io/tx/0x109570f0a4bf30788700adfe65ffd1c5c97627e3184f017b044bf2225da87b64
2023-03-22 04:06:11,True,0.09822,5.483e-05,4808.82,0.2636,0x52...ef6e,https://etherscan.io/tx/0x59ce12fb6bdd11ac3105bf93e755bd37943bd937d04edff2954e220801060537
2023-03-22 03:57:35,True,0.09839,5.479e-05,779.623,0.0427,0xb1...896c,https://etherscan.io/tx/0x6ae30cc69f1562cb69ecd5be28c2e10f6c3214dc0e01650538178e2c6f697237
2023-03-22 03:57:11,True,0.09837,5.478e-05,995.165,0.0545,0x9b...28f0,https://etherscan.io/tx/0xb3533c48cd2accc0e8dc825be33fdc076bb7186ea37998654e58e6c78e597e62
2023-03-22 03:55:35,True,0.09839,5.477e-05,501.29,0.0274,0xa2...67dc,https://etherscan.io/tx/0x66ad579bbc24e985ccaab15bd98ccfee305aef9dc324ef91eb6d568f9993bb24
2023-03-22 03:52:47,True,0.09835,5.475e-05,3258.74,0.1784,0xb0...752a,https://etherscan.io/tx/0xd2ccc26c880f30d85b3b44dddab4c705d3e00586ca5e633a8a76eee5c8e906bf
2023-03-22 03:52:23,True,0.09831,5.472e-05,251.493,0.0137,0x1c...db57,https://etherscan.io/tx/0x1a6fcfcbc85bef6637ca41b3e2f1006535fd31f64f5192512c87347a2f8f1733
2023-03-22 03:50:11,False,0.09771,5.44e-05,396.5,0.0215,0x33...7158,https://etherscan.io/tx/0x8122b8127eab8317fcee95e23bf07098faed309e8d0c61171979bed56b2b89ab
2023-03-22 03:47:59,False,0.09777,5.442e-05,3765.46,0.2049,0x14...1915,https://etherscan.io/tx/0x1cc0733408f5e10390f2b4eca9152064d461c085c97e2cc0b9f103a88a0cbab5
2023-03-22 03:47:11,False,0.09784,5.448e-05,5000.0,0.2724,0x9c...c89e,https://etherscan.io/tx/0x857c392075c2627129eb56813fc3b2534ea2b8ef83e37883456d7a9519fa9683
2023-03-22 03:45:23,True,0.09841,5.484e-05,483.875,0.0265,0x75...cda6,https://etherscan.io/tx/0xdb2f905937f0d4cca49e1869454a57da245f68cadcfc4ec1f9bd1dfe8c80e80e
2023-03-22 03:40:35,False,0.09796,5.455e-05,6900.0,0.3764,0x47...7254,https://etherscan.io/tx/0x71b2d711310cb33e64f0614ebb5dc763c4b3917e7fc2c98dcd4598d025e74295
2023-03-22 03:36:11,False,0.0986,5.491e-05,49703.7,2.72961,0x79...0fa0,https://etherscan.io/tx/0xfbc612ee410a94668273e825b0b347d116d73c8e62af24df0c473d40f8d7a47b
2023-03-22 03:36:11,True,0.0989,5.508e-05,74283.1,4.09204,0x2a...8723,https://etherscan.io/tx/0x743970b07450c88f062ac9885cbaeadbe2bcabdb6f666fed87ed285e096eba7d
2023-03-22 03:33:23,True,0.098,5.458e-05,3177.84,0.1734,0x7d...034a,https://etherscan.io/tx/0x4ed6c3d067db24cfeff4ebcdecc734de760a68253b63ff8e69a94e633a045c4b
2023-03-22 03:32:23,True,0.09795,5.455e-05,2253.4,0.1229,0xce...78ea,https://etherscan.io/tx/0x33be6b12351b817d41efd6c219994cdc8b36daad717192d71e56dc883135bc18
2023-03-22 03:31:35,False,0.09742,5.425e-05,7000.0,0.3797,0x09...e790,https://etherscan.io/tx/0x254bc125e2bc6157bc9c29e6570fcabb3a31d7ed3c01e048d539d1f684728a08
2023-03-22 03:29:59,True,0.09815,5.462e-05,885.806,0.0483,0xf4...08f3,https://etherscan.io/tx/0xd249e0cb99a012a3298a30a261dc99e914d0f8dbe56ac44ebf103a0c1daf4025
2023-03-22 03:24:11,True,0.09811,5.46e-05,1006.47,0.0549,0x89...7816,https://etherscan.io/tx/0x2ea7a71248061202f6eda56cee1cd7330050140fe0fac2e85decd518422c5c8e
2023-03-22 03:22:11,True,0.09811,5.459e-05,1449.54,0.0791,0x1d...0a3f,https://etherscan.io/tx/0xb90ffaaf69b440cb2abf2e54b01b06caa2edd303f7163a62e9c2c5a3cd8ecef7
2023-03-22 03:20:11,True,0.09811,5.457e-05,1089.74,0.0594,0x4d...b87d,https://etherscan.io/tx/0x77d139c77338398d218f722de5f452d9ea0803b4b8a8566fe2138d795eb1e953
2023-03-22 03:10:23,True,0.0979,5.454e-05,3633.76,0.1982,0xcf...0f7a,https://etherscan.io/tx/0xc8e1c4e7033473d7fde665ab53012981d60ed68229d0083cd794988ea93c7747
2023-03-22 03:09:59,True,0.09782,5.45e-05,3700.05,0.2016,0x52...2ec7,https://etherscan.io/tx/0x6f193159e41502b96b65b206fb5bfebd96b61bd5fcdcc0ec5d0bef17643082d0
2023-03-22 03:09:11,True,0.09778,5.447e-05,545.911,0.0297,0x22...b0e7,https://etherscan.io/tx/0xcc9214341482d51d034424f8ac061b8f304d1c5f47f4f86731e0638d1ea74d16
2023-03-22 03:08:59,False,0.09721,5.417e-05,5000.0,0.2708,0x03...a43a,https://etherscan.io/tx/0x1a2fa74268b04e618e822b6108eca92a29add4ac0fee1892a27bf96eac391686
2023-03-22 03:08:47,False,0.09735,5.426e-05,8964.16,0.4864,0x47...5346,https://etherscan.io/tx/0xf205f5c5201bfa09107137a5c4b983c07191c2d8b1aaa5748f88ae8d67f2eb8d
2023-03-22 03:07:35,True,0.09802,5.463e-05,1830.29,0.1,0xbc...c47c,https://etherscan.io/tx/0x2ec60a329ac32f1853efdcd0dc68f2e7c8eb3174c09d80d7b753adb441a3d005
2023-03-22 03:05:59,True,0.09791,5.459e-05,4012.3,0.219,0xc8...b989,https://etherscan.io/tx/0x00666b9a7425c8940eb1d4e1209e2e054d86c622c56191eb8d8e1400dda255ad
2023-03-22 03:04:11,False,0.09728,5.425e-05,677.853,0.0367,0x40...4bf9,https://etherscan.io/tx/0xd3b4faa546beaa10769ea4b0c5a57879dccd861bf241bd5fb90a5c890156f75b
2023-03-22 03:03:35,True,0.09787,5.457e-05,757.387,0.0413,0x3f...b346,https://etherscan.io/tx/0x44bb65c423dbc634abdc57ec6193c920af5e5b4f07d6079167ac370f99a807b3
2023-03-22 03:02:23,False,0.09728,5.424e-05,589.625,0.0319,0x2f...e399,https://etherscan.io/tx/0xb0ef8db7b32e87772f5bf8ddcd9f6e2830f64680c1bd651b75204adc491a2852
2023-03-22 03:01:47,True,0.09787,5.457e-05,121.1,0.0066,0x1e...b38f,https://etherscan.io/tx/0xc2542b2661241382cdd4184708a2fbf4435e74886e809ae0fc3db38e9cde95c7
2023-03-22 02:58:35,True,0.09787,5.457e-05,217.951,0.0119,0x0f...d342,https://etherscan.io/tx/0x983023a0a6551552f823c41b169cc585562a4a12e0575d25aea5921a87f0beb7
2023-03-22 02:58:35,False,0.0973,5.426e-05,1933.0,0.1048,0x32...bdf6,https://etherscan.io/tx/0xdce377d5e7fa350cb3d3bf29b60dfaa3d828dc8a34210601db4bca9676f09ea2
2023-03-22 02:55:35,False,0.09734,5.427e-05,593.759,0.0322,0x33...7158,https://etherscan.io/tx/0xea53604846160d2fe0dc308fbabc1dc21f27901a8fce40c37cef4aebea71eeaf
2023-03-22 02:55:11,False,0.09738,5.43e-05,3285.4,0.1784,0xf9...d451,https://etherscan.io/tx/0x8f23f2262c73e58aeb10cfd9e48944558e0ab6d0bb2402694a0b1b9e7d80b539
2023-03-22 02:52:11,True,0.09802,5.464e-05,253.514,0.0138,0x9a...bc8e,https://etherscan.io/tx/0x22b84643ba2d5ab7ffd9243c8cdd0afe3a805ff09d15286f206f07a2f72e0e47
2023-03-22 02:50:59,True,0.09797,5.464e-05,329.404,0.018,0x3e...499b,https://etherscan.io/tx/0xb690d8bee8849303c635411f04b3aec5d06b25387b83108a5902b2d39cd20e50
2023-03-22 02:43:47,False,0.09723,5.433e-05,3000.0,0.163,0x03...a43a,https://etherscan.io/tx/0x5c58202be4826424bccf3398835d5aca49c42d8ff15979aa2eb5a128361301c4
2023-03-22 02:36:47,False,0.09735,5.438e-05,5000.0,0.2719,0x03...a43a,https://etherscan.io/tx/0xd3b0030820d6850f3c16cc4a726293ccacc7c3dcc2c09f7560b1fdcfc4e7e789
2023-03-22 02:36:47,False,0.09743,5.443e-05,2067.07,0.1125,0x66...bb91,https://etherscan.io/tx/0x717b54a3e0e8609e5ea58e2eadc0dd1af1cd7127c2e617e7a1472c9746c8c122
2023-03-22 02:33:35,False,0.09767,5.449e-05,8000.0,0.4359,0x19...12c2,https://etherscan.io/tx/0x20720df315a6e4aad3d357cb7e0111f80c1b44cae08d58ac437208dbf9e7bd7b
2023-03-22 02:32:59,True,0.09835,5.487e-05,225.808,0.0123,0xd2...a7be,https://etherscan.io/tx/0xa45bfa1ec1d6309c31bc73fa77b49355c509185ff17d9c58a0bcf20d6d822f46
2023-03-22 02:20:59,True,0.09798,5.486e-05,541.988,0.0297,0x8c...73c9,https://etherscan.io/tx/0x09b407ad180ba8649e4ec75668a8eb2ea101e2c0aa3dc0e081691c9295e760c9
2023-03-22 02:11:23,True,0.09817,5.485e-05,1586.8,0.087,0x60...a6d4,https://etherscan.io/tx/0xefe85b2112fab3246167bc3f578b066b8fb0a3a1a3bccfec07671416c5c2a32e
2023-03-22 02:06:59,False,0.09755,5.452e-05,756.48,0.0412,0xc5...5bab,https://etherscan.io/tx/0xbf040003c7666e6f3692ac6137f38847d74067222471265f5d2d71101380d8b8
2023-03-22 02:02:11,True,0.09796,5.484e-05,994.018,0.0545,0x21...3590,https://etherscan.io/tx/0x5e39b9de78356bdd79b45ffae442bd2e0f6b97dbe947bb67ac86551dddfdf325
2023-03-22 02:01:47,True,0.09792,5.482e-05,2802.58,0.1536,0x90...2e0e,https://etherscan.io/tx/0x506870545319948f61fe3a62e473c13328396c8999c1d92c6639197604e86950
2023-03-22 02:00:59,True,0.09791,5.478e-05,3618.96,0.1982,0xb0...c744,https://etherscan.io/tx/0xee400a7ca21ded8629fce2a4527199148774fe7c3ea3d89917003ac893e3622a
2023-03-22 01:58:47,False,0.09731,5.444e-05,3000.0,0.1633,0xe5...8408,https://etherscan.io/tx/0xb66739d4587a093c17e3ba7212d35cc727c0c686e90b459f4065ee29da3382d0
2023-03-22 01:58:35,False,0.09739,5.449e-05,4100.0,0.2234,0x84...b0fe,https://etherscan.io/tx/0xb3c1769fd55201e41d94776ab2c95156d5b8f4e6779630b8d8cd2e44c31e805e
2023-03-22 01:58:11,True,0.09801,5.484e-05,1030.25,0.0565,0x95...a9fe,https://etherscan.io/tx/0x2216a12afdb47ceb767b790acc2efc6b7f433539779b79ee521d82d7d320d661
2023-03-22 01:55:47,True,0.098,5.483e-05,690.227,0.0378,0x61...9437,https://etherscan.io/tx/0xd4b2e65b8dfa99984cff9125a844329ff322ee9b26c813210680e4a17f4597e4
2023-03-22 01:55:23,False,0.09744,5.451e-05,2800.0,0.1526,0x1b...69ed,https://etherscan.io/tx/0x7037f962c3ec34cc9e8c1fb0bb7dcf17ea4fc96cebc5d03fa6c7418101ab2ad8
2023-03-22 01:54:59,True,0.09804,5.485e-05,1807.17,0.0991,0x40...284d,https://etherscan.io/tx/0xc809dcd4e3bc74a58a20c742d57b5369890bd1ccaadc1da44aa1ba8ec3dc8ca2
2023-03-22 01:50:11,True,0.09797,5.483e-05,130.053,0.0071,0x62...1a1e,https://etherscan.io/tx/0x5171a8bc22546c9280ab90f7f18beac1f29e4f57d0894863fa3e52914543d5a8
2023-03-22 01:47:11,True,0.09796,5.483e-05,723.104,0.0396,0x02...5ced,https://etherscan.io/tx/0x660e00e5deb780831240d2d724c6ad4f7a2dbc3959b9d8cf9a80934ba7b4927e
2023-03-22 01:46:23,True,0.09786,5.48e-05,3952.25,0.2165,0x00...34af,https://etherscan.io/tx/0x8049832f40b347855d4148fbec308f09b555ea7d80b577c0b662a20ee177cd95
2023-03-22 01:44:47,True,0.09768,5.476e-05,1809.98,0.0991,0x37...0e56,https://etherscan.io/tx/0xc895aad9df87d3f55970a327a204f50cde703391830dc75534d635d1d46275ea
2023-03-22 01:43:47,False,0.09731,5.458e-05,25000.0,1.36466,0x80...1b6d,https://etherscan.io/tx/0xdda66319f44b774c460b13ecc8234da606d193377a2a67f63e02e7b30fd61fa7
2023-03-22 01:42:23,False,0.09755,5.478e-05,5475.52,0.2999,0x79...1b65,https://etherscan.io/tx/0x5fe2585c5e11f38d640787432e14df0204bc7c432aa076ecec0881688618a2c9
2023-03-22 01:39:47,True,0.09835,5.514e-05,820.155,0.0452,0x7b...20d4,https://etherscan.io/tx/0x58f862f3781d3451824e34358e4d79a11c406005cb109a2c3bec9869b51a7a33
2023-03-22 01:39:35,True,0.09773,5.48e-05,51089.4,2.8,0x69...25da,https://etherscan.io/tx/0x9e9c3c8fb74832614ea1694a0cb2527e9c3effff8775ff7ca193ed30894d9568
2023-03-22 01:36:11,True,0.0974,5.447e-05,109.174,0.0059,0x94...1224,https://etherscan.io/tx/0xafbd6e6073a3ec304d4da5d86fb656a479b6f71147bd410741fab90b4d14a6cb
2023-03-22 01:34:23,True,0.09755,5.447e-05,741.37,0.0403,0xbb...6040,https://etherscan.io/tx/0x8d2f81f2549790c04c695deaab12efff666bf2c9f42805a233b3373ef9b99011
2023-03-22 01:32:59,True,0.09767,5.446e-05,290.974,0.0158,0x87...8857,https://etherscan.io/tx/0xabea106d1202824f6f7755af01bc64cb64fb4440830024c932dc1d1cf54ef4f6
2023-03-22 01:32:23,True,0.09771,5.445e-05,1456.27,0.0793,0x94...1224,https://etherscan.io/tx/0x09d074a248a3c5c94d417f7c40a4299bbdb74565451ed99a5116fdb8a61c2c23
2023-03-22 01:32:11,False,0.09714,5.413e-05,2891.67,0.1565,0xb8...14fd,https://etherscan.io/tx/0x3e7876b78efb01b2f813247805650f8067995ef2a861dd7f8dc71207f49f19b8
2023-03-22 01:30:47,False,0.09729,5.416e-05,791.4,0.0428,0x22...0390,https://etherscan.io/tx/0x391cc68dc5640e7a65c57e988bbeb1f3e0d6ee78a5c6ee578a4e6e8c69262170
2023-03-22 01:30:23,True,0.09793,5.449e-05,181.912,0.0099,0x94...1224,https://etherscan.io/tx/0x2dcc99783250aad0feedae89b9bb157b89d4448d9fcc2830c5e166d23e5da158
2023-03-22 01:29:11,True,0.09791,5.444e-05,6581.35,0.3583,0x49...68cf,https://etherscan.io/tx/0x42b11060814b782b83b869b7d41bcb6e839ad18f62fbc20298e20ae12c734d8b
2023-03-22 01:28:59,True,0.09773,5.434e-05,9119.58,0.4956,0x34...0aaa,https://etherscan.io/tx/0x377bc5e764767146ed3e8efe3d6e51f16d0cfca1640bbb8eb1282a4c858d50d6
2023-03-22 01:28:47,True,0.09759,5.427e-05,2995.46,0.1625,0xaa...6ed6,https://etherscan.io/tx/0x8849033b2002b4f30d40d908c104465302bab5dddcc27e66a3f06d025b9092ad
2023-03-22 01:27:47,True,0.09754,5.424e-05,1279.19,0.0693,0xcf...5954,https://etherscan.io/tx/0xb85d83a4d11994cce1f159ef5468cfb7ff80616fd7468a7f0955cb392277d3c1
2023-03-22 01:27:35,False,0.09699,5.394e-05,5000.0,0.2697,0xdc...64fb,https://etherscan.io/tx/0x7d3397bb7b0f57ea2d09ba6c1aa26352f3e24d36eca461d5c2d28bb1a51f2b75
2023-03-22 01:22:47,True,0.09763,5.429e-05,474.672,0.0257,0xf7...b844,https://etherscan.io/tx/0x89b7516c52c0e443c134d8c35e46b2a01219543985a799c10865667279011272
2023-03-22 01:22:35,True,0.09761,5.428e-05,1095.6,0.0594,0x06...4a95,https://etherscan.io/tx/0xeae5d554bc528ba261b571caf38041a279a76c83ddb4d768bb9968066d8c04a4
2023-03-22 01:16:11,True,0.09771,5.427e-05,876.68,0.0475,0xda...8b6b,https://etherscan.io/tx/0xfae45f1cff38f2b7f732e86a3f51551954c9512d1b53b2448f34168af1551aab
2023-03-22 01:15:47,True,0.0977,5.426e-05,166.914,0.009,0x2b...a154,https://etherscan.io/tx/0xd488b9013aefe92cff30d0f1bc41a3dc7596e6fa2e53856cae3cedf0e9951950
2023-03-22 01:15:23,True,0.09768,5.425e-05,1753.97,0.0951,0x29...190d,https://etherscan.io/tx/0xe6d409b511ac23f54acbbc5ce8800ac70f0ca022f7e1ce8c37237b2f29dfa5d8
2023-03-22 01:12:23,True,0.09764,5.423e-05,2024.44,0.1097,0xc7...bb34,https://etherscan.io/tx/0x3272e1a694099f60872eb547a3193f70996806a8687f2be0613817846a970759
2023-03-22 01:08:35,True,0.09763,5.421e-05,303.177,0.0164,0x7b...d6e0,https://etherscan.io/tx/0xbc622ef15a12ccf9364b88a6d17c371ec581bd79e7f339e11d03b1b71f15476e
2023-03-22 01:06:35,False,0.09711,5.392e-05,5901.0,0.3182,0x90...cdab,https://etherscan.io/tx/0x5b2461c5dd3e542fea37bbe3befcbf1fce9fb0f10f2b34e571db7f02cc1c8b8c
2023-03-22 01:06:35,False,0.09751,5.414e-05,29066.3,1.57385,0x2a...593c,https://etherscan.io/tx/0xd2233f16cc77ee0a5e16bb1a067a56826c1780846e0a9680ed729a05c7f26bcf
2023-03-22 01:06:35,True,0.09842,5.465e-05,489.684,0.0267,0x7a...38c1,https://etherscan.io/tx/0x441276d86e404a682e8cd4b5468b6eb1738bdf3f3e3489288caab7a923735ae6
2023-03-22 01:04:59,True,0.09847,5.464e-05,1754.76,0.0958,0x46...cacb,https://etherscan.io/tx/0x3ea83b13427b7e403feea8f531a87ef0ac11ccbc3fddce8ef060ac0ad29e76a6
2023-03-22 01:03:23,True,0.09842,5.462e-05,453.648,0.0247,0x19...0d30,https://etherscan.io/tx/0xa2ba007f847ecee56d0f9624123356c0169a9d374e9fd900693dcb133967e41e
2023-03-22 01:03:11,True,0.09841,5.461e-05,725.938,0.0396,0x9a...5732,https://etherscan.io/tx/0x810b20789e4fb98e66b8135d35e3a1c9f16c8ee2f676a24290ec5f17ee201d50
2023-03-22 01:03:11,True,0.0984,5.461e-05,115.072,0.0062,0x1c...bdfe,https://etherscan.io/tx/0x0224a5ace8b6e83c2e2706ce99601a79c3e09231eb929f22a832fad0e5e7561e
2023-03-22 01:02:59,True,0.09834,5.458e-05,4885.28,0.2666,0x6a...f219,https://etherscan.io/tx/0x1d823b5db4bbc5267dc52ed7a077c3a17bf76ac8b8d11f9c713877a3d360e19f
2023-03-22 01:02:35,True,0.09828,5.454e-05,163.545,0.0089,0xa8...dcae,https://etherscan.io/tx/0x5fbeae81158fb1140ee3554fa69523c68f9e31bf1c5820513c03e9c61dbdc905
2023-03-22 01:01:59,True,0.09826,5.453e-05,1708.82,0.0931,0xb9...4e0a,https://etherscan.io/tx/0x9be5a2b831f6ebd935f24774f59fe07e49144717029478272a968531c2a5076b
2023-03-22 01:00:35,False,0.09779,5.426e-05,10000.0,0.5426,0xdd...0ff5,https://etherscan.io/tx/0xbbff9720ccddd908b89eb09238f6d45517161960fe62ca12253404f9c981f452
2023-03-22 01:00:35,True,0.09849,5.464e-05,1088.35,0.0594,0x9a...5732,https://etherscan.io/tx/0x169ac720e9b32671aeeba00be45ae176a170713560ad0d9cac4ccfb22ea71e04
2023-03-22 01:00:35,False,0.09793,5.433e-05,4000.0,0.2173,0x36...77c4,https://etherscan.io/tx/0xcd32474e84f0aa7e15cc93ce7136f68906db40b8433cdc3d838bf22ffc7553d5
2023-03-22 01:00:23,False,0.09803,5.439e-05,5000.0,0.2719,0x68...9c18,https://etherscan.io/tx/0x43bcd7c01abea7e2e4efa8b7e12425062d456c28197b0c3c88c143cf261ed775
2023-03-22 00:47:11,True,0.09849,5.475e-05,802.942,0.0439,0xd8...168b,https://etherscan.io/tx/0x79e95168fc3dd723be47b0517e03b38eb051aba82b516a6d20f61b4e686ab49b
2023-03-22 00:45:59,False,0.09795,5.443e-05,3100.0,0.1687,0x4e...135f,https://etherscan.io/tx/0x224b17d431037d2429199ea83447eafbadbcfea7244e6595ffcc7ebe44473649
2023-03-22 00:40:23,False,0.09795,5.448e-05,4977.87,0.2712,0xf9...b397,https://etherscan.io/tx/0x7cc87ff647a6fae627a25ecb5eca3765da7edff93cd94d170871d533165affbd
2023-03-22 00:32:59,False,0.09808,5.455e-05,4787.0,0.2611,0x06...0ddf,https://etherscan.io/tx/0x236d39ceedd67e4404b366f42ab644eb278b425e2ea2c88e226ff79c661be0e6
2023-03-22 00:30:11,True,0.09841,5.474e-05,25530.4,1.39768,0x2f...b2da,https://etherscan.io/tx/0xf320b98a54d53d0d3fd49ddd4aa10ec44c1d1d573e439ed774c90809d40151f7
2023-03-22 00:27:59,True,0.09808,5.456e-05,2421.34,0.1321,0x7c...3ab5,https://etherscan.io/tx/0xbabdb04f3e9b842983f1f588d8303b2086197fa7952a2724eb9de838b1ca623b
2023-03-22 00:27:11,True,0.09794,5.453e-05,2685.9,0.1464,0x58...7629,https://etherscan.io/tx/0x147dd2c1f2536d9cc3552016a53f7abf0f5d13b271ac20977d9089c3180ef679
2023-03-22 00:26:11,False,0.09745,5.423e-05,7450.0,0.404,0x00...bde7,https://etherscan.io/tx/0x07fc8edb41640a187775ddfb305e929ec09054746c36f8f5480c5a6528504183
2023-03-22 00:25:35,True,0.09813,5.461e-05,72.6041,0.0039,0xc9...9fff,https://etherscan.io/tx/0x94877a698da020e9f5477761df5d305f0500b839098cddf2ef0d7eb9ab60c747
2023-03-22 00:23:11,True,0.09805,5.456e-05,6884.95,0.3756,0x25...c102,https://etherscan.io/tx/0x57e7a258615fa1d3b420eb2f54cea826c7141972a315fe8893a30484075763a3
2023-03-22 00:22:23,True,0.09797,5.452e-05,187.022,0.0102,0xfc...68fd,https://etherscan.io/tx/0x67afe4d58093a0c8d237b6c130367f0c4f7603728ef9e933d0cd5030e0d2f320
2023-03-22 00:22:11,True,0.09796,5.451e-05,400.008,0.0218,0xfe...061e,https://etherscan.io/tx/0x1c3c1a272c3811fdc767dce4efc4ca0328cad19b842543f3fbaf4bf1c429aa6b
2023-03-22 00:20:23,True,0.09796,5.45e-05,1005.99,0.0548,0xc9...20a0,https://etherscan.io/tx/0x587b0331f67b51a2ce6233b9244f8080a48a84d9edf64c9869a7588cfd1178f3
2023-03-22 00:16:23,True,0.09772,5.449e-05,1476.36,0.0804,0xe4...dad6,https://etherscan.io/tx/0x7e89a20ca30395704855733c7778acd8664f78bb3ef95d185afd482884e06309
2023-03-22 00:15:23,False,0.09715,5.417e-05,2948.21,0.1597,0x2e...f345,https://etherscan.io/tx/0x00435ccdcc0da6c8dc038fe2ed35f1d96bd1424ac00b7139e3aff2244ea104c6
2023-03-22 00:14:11,True,0.09778,5.451e-05,327.272,0.0178,0x51...50f9,https://etherscan.io/tx/0x560b1401b1425ec181aa9cd99d465c417b2010ee89d8c3d79e0540b78b903655
2023-03-22 00:00:23,True,0.09774,5.451e-05,1016.51,0.0554,0x29...1f62,https://etherscan.io/tx/0xf2e2872174f7b47fd9dc8387157868596558d6fde597e5e60e63918cbee368ac
2023-03-21 23:58:11,True,0.09773,5.449e-05,909.438,0.0495,0xff...f97c,https://etherscan.io/tx/0x630fdccce3fa30a4e6517084468d4598a08601ab91c576e5f48bf08bb0dd8c63
2023-03-21 23:54:47,True,0.09757,5.448e-05,1273.54,0.0693,0xf1...1917,https://etherscan.io/tx/0x89f06f952c5f40e71db955146a5373e8ff404cc7e32657d41ec7192c2dee5013
2023-03-21 23:54:11,True,0.09753,5.446e-05,1720.77,0.0937,0x6d...afba,https://etherscan.io/tx/0x6bdc0c57db450f37d66c86fd6e8a210fda9db00ed09d1fd6523d533d26f876eb
2023-03-21 23:51:35,False,0.09702,5.417e-05,8000.0,0.4334,0xe3...94fc,https://etherscan.io/tx/0x49f24dd22af04ffd17719126f1cba56401553c32c3903c150f7069dad9f24aa9
2023-03-21 23:51:35,True,0.09769,5.455e-05,83.6622,0.0045,0x80...ab63,https://etherscan.io/tx/0xedddae75384b01e73e7af4dd9a48b02217ab53dd82455d7ff83cb78a525ef2ce
2023-03-21 23:51:23,True,0.09768,5.454e-05,974.658,0.0531,0xe3...fe3f,https://etherscan.io/tx/0xdb8f5de8bcdf51716ceaae5c1fd5f7e4fd41914297202dded452a31199cf1d6f
2023-03-21 23:49:47,True,0.0976,5.454e-05,133.553,0.0072,0x9b...371d,https://etherscan.io/tx/0x44237a1e8ac4060ccc1a3e07b3625b8753ff3e78c79956a49286035fc076467a
2023-03-21 23:46:59,False,0.0969,5.424e-05,4410.45,0.2392,0x36...0d6f,https://etherscan.io/tx/0xc39e905ea09ee02ba11242b4f436de4b8aaf986b125a0e161cf7e36cb3096f49
2023-03-21 23:44:59,True,0.09754,5.457e-05,3632.71,0.1982,0xc8...a88b,https://etherscan.io/tx/0x7acce4a2903b13d197805e548d960602a25996c8bab5ebddacc4036d026cfb33
2023-03-21 23:44:47,True,0.09745,5.452e-05,4677.14,0.255,0xad...e7ad,https://etherscan.io/tx/0xed168de9ce86443d13eb420306ad05b0eab6fb06751959290d672b4abc360c65
2023-03-21 23:43:59,True,0.0972,5.438e-05,17316.8,0.9416,0xb8...6133,https://etherscan.io/tx/0xba8658ff7a9122f8d0933212fdd0d504c53fc346e28297a3b92f4ece4f8c70ac
2023-03-21 23:41:47,True,0.09698,5.426e-05,365.319,0.0198,0xb8...6133,https://etherscan.io/tx/0x90c10b6d1bebcd8c5859d07376764a0fe619d441216145b69145757445fe3dbc
2023-03-21 23:41:35,True,0.09698,5.426e-05,3.65335,1.982e-05,0x77...3909,https://etherscan.io/tx/0xb49ca6aa17e7b67fc1fe303a77bcea25aa0c69cbaee732fa4d95bc2ee598ca69
2023-03-21 23:41:35,True,0.09698,5.426e-05,237.474,0.0128,0x6c...207b,https://etherscan.io/tx/0xe4bd1026a0c052e0e27b6e1a8bbb6a6ddc39da5e06852b88db79e216a5fbcdfb
2023-03-21 23:40:23,False,0.09641,5.394e-05,1810.85,0.0976,0xec...ea5d,https://etherscan.io/tx/0x2ea3cec57176d1c47d4df78019d623001bc00a27cf8991c82434fd6b8258e3a3
2023-03-21 23:40:11,False,0.09654,5.402e-05,10000.0,0.5402,0xaa...5808,https://etherscan.io/tx/0x9279267c0fc6e92048740fd2d248635378ed35d085234987328c561f38049648
2023-03-21 23:39:47,False,0.09682,5.418e-05,14901.3,0.8073,0xd5...9477,https://etherscan.io/tx/0x9bc9bdf507629e7d232c61bc3ae238487b98b1d16c17693b05387e5e054ed584
2023-03-21 23:39:47,False,0.09701,5.428e-05,2014.01,0.1093,0x76...7d5e,https://etherscan.io/tx/0x3bc2e05bf891dfbaebd5a6a12a33f9f9be63f9995b6968a15be33193076d4564
2023-03-21 23:36:11,True,0.09784,5.462e-05,116.297,0.0063,0xd8...3244,https://etherscan.io/tx/0xcce2ee55d3425c035877e67c23bcf7b222eb53fbedf2f665f5862c39cc2670a5
2023-03-21 23:34:47,True,0.09785,5.462e-05,102.516,0.0056,0x4e...d8ad,https://etherscan.io/tx/0xfd9bbbb0125699da3bf96bd4bb53f2ae5a50e65db853d1e728194526b424bd62
2023-03-21 23:32:59,True,0.09781,5.46e-05,3662.9,0.2,0x85...c9b4,https://etherscan.io/tx/0xe2538dab8c1af4b20f1252dee0148ef5160cc422ecbafe449303ddf94bcf9101
2023-03-21 23:31:23,True,0.09772,5.455e-05,4159.33,0.2269,0xac...41ec,https://etherscan.io/tx/0xa03069d9d527257c1ea1e655d0df10542b52c334c5824feaa502e446c8ca5713
2023-03-21 23:31:23,True,0.09766,5.451e-05,921.306,0.0502,0x4d...f748,https://etherscan.io/tx/0xaa98df103297673d0c667b041123d6e83fbc5f39ea68cf581c0c0b1646cf8494
2023-03-21 23:22:35,False,0.09716,5.42e-05,3242.0,0.1757,0x0d...3726,https://etherscan.io/tx/0xa5069f2b481fdc4848714f3ec6a2c5e72b432864a55e9dfb1d6b293a1f5810fe
2023-03-21 23:18:47,True,0.09777,5.453e-05,2362.75,0.1288,0xc5...412b,https://etherscan.io/tx/0x2ce6635f468352562287c723772c5a51af16f002d0527286d4b164684286b93b
2023-03-21 23:15:35,True,0.09775,5.451e-05,1485.57,0.0809,0xc6...3ad7,https://etherscan.io/tx/0x4573337f071a52a5eb83eff78306ced660baf1ba2e46ffc43fd987ee0e8d4540
2023-03-21 23:11:59,True,0.09769,5.449e-05,1011.11,0.0551,0x90...ed6b,https://etherscan.io/tx/0xf55550d42c9741a4661d0ed034fd092ab54cf25e8024bd22030e1159cefcb41a
2023-03-21 23:05:35,True,0.09766,5.447e-05,3548.66,0.1932,0x39...dfa6,https://etherscan.io/tx/0xd2c3ebba306cf876e6c4224274335aaeb7f09a5d4194763e3a8c6ff87203b998
2023-03-21 23:05:11,False,0.09704,5.413e-05,1550.0,0.0839,0x39...df11,https://etherscan.io/tx/0xcd83a7f45f2fd092efecaade80f909a155e06837c519c04b7924ad0f4047dae1
2023-03-21 23:05:11,True,0.09732,5.428e-05,28210.7,1.53147,0xad...4a0f,https://etherscan.io/tx/0x28e5a7624b96002084dc95bbe6a8534589b9cb583427b9c7d0e345070e19809f
2023-03-21 23:04:11,True,0.097,5.41e-05,274.806,0.0148,0xbd...a108,https://etherscan.io/tx/0x6461a8f821db7bfc0d3c9a58936a1f5b56be70a4d9aa6ad32101ec6c7b8a3b63
2023-03-21 23:04:11,True,0.09699,5.41e-05,497.698,0.0269,0xb0...c9b4,https://etherscan.io/tx/0xef0fafa174c84cdb05cb7fd91adffc224510593e0fbbfa4f29011a90a129aea8
2023-03-21 23:02:47,True,0.097,5.405e-05,6266.68,0.3387,0x96...9f07,https://etherscan.io/tx/0xe65e2eabec41e650e8a2123dbc9760f4bf19d37bbcda1f321c10403762272b02
2023-03-21 23:01:59,True,0.09687,5.398e-05,5581.75,0.3013,0xe9...b374,https://etherscan.io/tx/0xbaa4fba6a23c849611958dfc4d694704cf558872a24f82ec1824c9e97bd9e3a4
2023-03-21 22:57:35,True,0.09681,5.394e-05,693.537,0.0374,0xb1...0915,https://etherscan.io/tx/0xa287f1c68de9b74196e8e67da15f2dd0e90d982c93489560ef588465f23d1586
2023-03-21 22:49:23,True,0.0967,5.393e-05,183.773,0.0099,0x8e...811c,https://etherscan.io/tx/0xbf0c3afa6928eb2ce8f96f5620dc23f68dc4b5983b60ebf1ed5df9515b43dd75
2023-03-21 22:48:35,False,0.09613,5.362e-05,2000.0,0.1072,0xa7...6b50,https://etherscan.io/tx/0x21be343d82956a943fc48af4c442f0a123381851b9375e574b7a510160cd5358
2023-03-21 22:45:47,True,0.09646,5.394e-05,3482.36,0.1878,0xb5...c4cf,https://etherscan.io/tx/0x580cf5a722641da037c7c506233420a0bd73475e5e50c45528e36e2c9d55e9f1
2023-03-21 22:45:11,True,0.09639,5.389e-05,3339.64,0.18,0x04...6e03,https://etherscan.io/tx/0x0a489e6225d1c5e1d9f44aefe3ca546a125eb672017c64aee44e7d029dd67bc4
2023-03-21 22:45:11,True,0.09635,5.387e-05,558.178,0.03,0xe5...7a31,https://etherscan.io/tx/0x19cd7190e1410e0b490d405e8d4c6000c9a9ce3ec39ca8436b050498816ab997
2023-03-21 22:44:35,True,0.09627,5.383e-05,6178.08,0.3325,0x03...75a4,https://etherscan.io/tx/0x9b0d774676d65dcfe74772cf74c027c09730faff5cc008e36753132e72c3f3f9
2023-03-21 22:43:35,False,0.09558,5.347e-05,127.118,0.0068,0x1f...56c8,https://etherscan.io/tx/0xbc91c4af11d4b1dca1eddbef431465c6aaa43f0171b31afe8796811e668d2004
2023-03-21 22:42:59,True,0.09612,5.377e-05,3092.29,0.1662,0x42...aa97,https://etherscan.io/tx/0x64947c20823ada3ef8a40a60e228ca8d239f3c80a9ac19534a7498d4f641dc6e
2023-03-21 22:42:11,True,0.0961,5.375e-05,113.833,0.0061,0xec...7eec,https://etherscan.io/tx/0x893ea244061057abf24e8269d89d5aa621ae771b4802819fed042d865d56e2f3
2023-03-21 22:41:47,False,0.09553,5.346e-05,4500.0,0.2405,0x4a...3371,https://etherscan.io/tx/0x46147b044bd1fe257560045feb9e535db9e31cf6883ce38dd17ccc5e49d975b9
2023-03-21 22:40:23,True,0.09608,5.38e-05,1352.01,0.0727,0x81...fffa,https://etherscan.io/tx/0x25060530fbad1ad54fec7d357b9ad3246ee1ce81dbe685212b376ac61337a30b
2023-03-21 22:38:35,True,0.09592,5.378e-05,1867.25,0.1004,0x33...c4fe,https://etherscan.io/tx/0x7946a3ba99a34bd6172b9df188f89d96e98216f01e06aa69a0a5448ae25f279d
2023-03-21 22:36:59,True,0.09603,5.376e-05,250.51,0.0134,0xed...e1c1,https://etherscan.io/tx/0x94960b9c98f96a6cebf89cfa35210d94bae32b17d65a0f385590bae7dee32cf2
2023-03-21 22:36:59,True,0.09602,5.376e-05,1027.12,0.0552,0xff...8eea,https://etherscan.io/tx/0x2824d2daadaf1b0bf7b6e7a7c0ce19d837bafb807db7acbc317d99a416f9d68e
2023-03-21 22:35:11,True,0.09613,5.372e-05,4763.99,0.2559,0x4c...9ae9,https://etherscan.io/tx/0x59af1ce1f418f9cf2a1de3e82f5a958f0bc06837f8b9e2797ba6f3fa4bac4627
2023-03-21 22:34:11,False,0.09597,5.359e-05,35000.0,1.87567,0x3f...cb2e,https://etherscan.io/tx/0x85d423c748a7f0328b63a5ff1d7763558f47dea871a2794c9f3e159fb00dd062
2023-03-21 22:32:59,True,0.09702,5.413e-05,482.203,0.0261,0x40...b960,https://etherscan.io/tx/0xcd3785253e680589434c8a0ca038a229a409c8139eea6970eb83529a25d7ba10
2023-03-21 22:32:11,True,0.097,5.411e-05,2198.17,0.1189,0x40...8734,https://etherscan.io/tx/0x9be452df6107f71c2dd80f2c0dc8c9338d7e53c8de31091afca145713c917dd7
2023-03-21 22:29:11,True,0.09697,5.409e-05,293.175,0.0158,0x39...741c,https://etherscan.io/tx/0x1903b0c183e9ef68d94262c9b5c3785537784270aa20aaa69b01661c90d31ad1
2023-03-21 22:23:35,False,0.0964,5.378e-05,1600.88,0.0861,0xb3...502a,https://etherscan.io/tx/0xd7dc2a80bcc28e72645813ad4f94b735d2a9a3ea316e09e03f443eadc54c277e
2023-03-21 22:21:59,True,0.09698,5.41e-05,2042.44,0.1105,0xdb...c637,https://etherscan.io/tx/0xbd4432b95df5c861c404cc200ab84cde0b9882036993594a17eed65e1014c073
2023-03-21 22:20:23,True,0.0968,5.408e-05,357.371,0.0193,0x1e...ce33,https://etherscan.io/tx/0xf56d35afac59a42c695df2c483fcc8b151a621a83afd54bc16cad41778b79074
2023-03-21 22:19:11,False,0.09638,5.386e-05,16707.8,0.8999,0xd2...beaa,https://etherscan.io/tx/0x29183768c673d5560a05da38602ae08582fc31b039576ca17e4b13f02aa608ba
2023-03-21 22:16:59,True,0.09725,5.428e-05,1278.13,0.0693,0xe7...a684,https://etherscan.io/tx/0x5ae440482b5ab69fe3bd1d586c445a40c945351e2376aa629a630c4f49129e6e
2023-03-21 22:16:11,True,0.0972,5.426e-05,2432.1,0.1319,0x02...545b,https://etherscan.io/tx/0x9a79aa116cd7518cf0255fa3b301f128dca8386bc1e500275e1bb132764c1796
2023-03-21 22:13:11,True,0.09718,5.424e-05,1078.19,0.0584,0xe0...a017,https://etherscan.io/tx/0x6b54415d85f45a8085c18441a9e4064c223207a1b822cc40d3f00ea9685749c8
2023-03-21 22:05:47,True,0.09746,5.42e-05,4388.67,0.2379,0x4f...48bb,https://etherscan.io/tx/0x99ab6faea37bdaf7a484424165ec780c05569b056a910356b58537e6dfb907ce
2023-03-21 22:04:47,False,0.09679,5.385e-05,201.0,0.0108,0x63...21b6,https://etherscan.io/tx/0xf07cae39fd53e515d458fd45ea03cb1619daf26ebb9e0966d3816f6f3dd379c7
2023-03-21 22:04:23,False,0.09685,5.389e-05,5396.4,0.2908,0xcc...dd42,https://etherscan.io/tx/0x9133154a629c95b018ee6f5a004e3493c769aebc982b5782d3ad3811bf9b4f27
2023-03-21 22:03:11,True,0.09743,5.421e-05,5774.0,0.313,0x42...cf69,https://etherscan.io/tx/0x61ae257e1444e5479a2a8cb776f2140950fd40b521ddb198814ab67a34c3f72d
2023-03-21 22:01:11,False,0.09697,5.392e-05,12000.0,0.6471,0x2a...47b2,https://etherscan.io/tx/0xe6d6d357489528a38991dc4e26ce2806fd84b5d08e40a9acf8c148f66b681ca5
2023-03-21 21:58:23,True,0.09767,5.43e-05,4629.42,0.2513,0x0f...d342,https://etherscan.io/tx/0x8a3d198909c19905bef54d47abc5d3271cb64e04db72628205ece2b1d3848f3d
2023-03-21 21:57:47,True,0.0976,5.426e-05,1461.45,0.0793,0xcb...67f5,https://etherscan.io/tx/0xfd643c10e0ce0cd4ef78bf9e261780e487345a54f1845d13228ba3920f3fe64d
2023-03-21 21:56:35,True,0.09758,5.425e-05,202.785,0.011,0xe2...22b8,https://etherscan.io/tx/0x4433513fa1e1e0f6b53a1f68487ba1043616ef3eda89521e7225544209f791ef
2023-03-21 21:53:59,True,0.09734,5.424e-05,1021.61,0.0554,0x11...6f03,https://etherscan.io/tx/0xd847870b7e1acb5d15d4466215a7543f4f7cc116e2e2605fe738f72638ac8b83
2023-03-21 21:52:59,False,0.09675,5.391e-05,449.463,0.0242,0xab...41fc,https://etherscan.io/tx/0x98e13f151978c09cb8adc86cf62c24397d1cc3f25d0ffa03332a15244a87e603
2023-03-21 21:50:59,True,0.09737,5.424e-05,182.749,0.0099,0x8a...a289,https://etherscan.io/tx/0x2561b20b413a97642a129b70f926d833cc241e2ef9bad9abfa9fa3b428442c61
2023-03-21 21:49:47,True,0.09734,5.422e-05,2590.81,0.1404,0x55...ce90,https://etherscan.io/tx/0x6a1a66b2fe94f587579ac56dbba16d2ee61c6ee915bcf96ccb73e0b39dd19538
2023-03-21 21:49:35,True,0.09729,5.419e-05,2283.19,0.1237,0xa3...cbe7,https://etherscan.io/tx/0x3c17edb24b6f6934938a75379fec8b466bef3c243f88600a34500f56dfb0923d
2023-03-21 21:48:59,True,0.09725,5.417e-05,157.331,0.0085,0x85...14a5,https://etherscan.io/tx/0x52ea07c9fbdbcebf33007a75064fccc6abd493ea88eb48d759e414e16c037aa9
2023-03-21 21:44:11,True,0.09746,5.417e-05,304.517,0.0165,0xed...063d,https://etherscan.io/tx/0x98a5496be3c211070544770f0f0ec8c09511016dc96b84eb3bce8484bd5db2fb
2023-03-21 21:41:47,True,0.0974,5.416e-05,1014.73,0.0549,0xed...063d,https://etherscan.io/tx/0x4d21c587368abda4f8263cc0a717b1197e1e3a3d332920b36bc149648d4961d4
2023-03-21 21:39:35,True,0.09745,5.415e-05,1116.48,0.0604,0x61...59c2,https://etherscan.io/tx/0xc940f6c8f3755054143f53d6437e4649a5ac479eb1c8a1440917cd41664167cc
2023-03-21 21:36:35,False,0.09698,5.386e-05,7000.0,0.377,0xda...ff98,https://etherscan.io/tx/0x7fe13f79746dfb6372a647ff02b6d213ac2e3a2426321f23a78dc54ad11f17fb
2023-03-21 21:36:35,True,0.09762,5.422e-05,1828.13,0.0991,0x1f...0bcc,https://etherscan.io/tx/0xb4318db39d157083aad859da90a0d3a62d0cee899fcd0b067e7d81f15d2defd2
2023-03-21 21:28:35,False,0.09651,5.389e-05,712.91,0.0384,0xcb...68ab,https://etherscan.io/tx/0x6e1d2ecb0b5aba6ef9fbb5371a39f5e12b3cbd577362a5f63e03028020c0815b
2023-03-21 21:28:23,True,0.09709,5.421e-05,1204.02,0.0652,0xb1...484d,https://etherscan.io/tx/0x741fd61bd3ad0d9395c2f8806dbb74ad631b6a5887efde977eaed6a6a1028794
2023-03-21 21:27:11,True,0.09708,5.42e-05,109.725,0.0059,0x33...ef00,https://etherscan.io/tx/0xce28de420ceb970024022e240ef2682c8a27f34226bb852ef03d7c1d60c4cabf
2023-03-21 21:26:47,True,0.09708,5.42e-05,182.882,0.0099,0x5b...57b9,https://etherscan.io/tx/0x3e48fea66e386092cb76bc4ee2b7bf2eb9935f41315ff6dd03bd62add6dd7a3c
2023-03-21 21:24:59,True,0.09705,5.419e-05,1653.44,0.0896,0xc6...2339,https://etherscan.io/tx/0xffb23fba4d5fe6d89e6356677be0edfd929cecb9926a9ffcad1825b590901d89
2023-03-21 21:24:23,True,0.09702,5.417e-05,896.58,0.0485,0xf0...96e9,https://etherscan.io/tx/0x6a41f29cc2468427c0b0c0f5c28935d3f69ea54af987a58c9803f6c0bf5784ab
2023-03-21 21:18:47,True,0.09692,5.415e-05,2803.34,0.1518,0x66...01de,https://etherscan.io/tx/0xb9defe322176dba2bd79b951eec92ea504e9ee973eb2a38b538dd598ee7e38b3
2023-03-21 21:14:35,True,0.09696,5.412e-05,1098.83,0.0594,0xe0...28f2,https://etherscan.io/tx/0x354c88cfc84bc051dda705a211d47f16d44a968ef36f5b9891ac990495a902d5
2023-03-21 21:12:11,True,0.09685,5.404e-05,11003.9,0.5947,0x23...955c,https://etherscan.io/tx/0xcfed00acdbc3e71c99d8f39049e6109db2cf7d8252cebd4cb9daad0a103f7791
2023-03-21 21:09:35,True,0.0967,5.396e-05,2204.17,0.1189,0x03...2eb3,https://etherscan.io/tx/0xba3ba147cc1c8e4a5ffbd87e413511af574595b2ffc2f2bbf34d5fb4d28606b9
2023-03-21 21:07:59,True,0.09667,5.394e-05,440.969,0.0237,0x81...303c,https://etherscan.io/tx/0x857a695a0b2cc6ae2ca8a0614687eae40c52aa389ebf51cf5d3fdc21410b8e33
2023-03-21 21:07:35,True,0.0966,5.391e-05,5564.67,0.3,0x81...08a1,https://etherscan.io/tx/0xe15568cef24b961840917ecd4154785a0b2113837db5775aaa5bb325b788ebd5
2023-03-21 21:06:47,False,0.09593,5.356e-05,1600.0,0.0857,0x55...cc59,https://etherscan.io/tx/0xb818d76adf5554cd859c285115b6f61e7dcc3f1a2a5c0ddfff780017f4414e43
2023-03-21 21:04:23,True,0.09649,5.389e-05,742.225,0.04,0x1e...9b62,https://etherscan.io/tx/0xa565699663cbaff9306a43460e09fc0e191bfc2064f15deeadfff1b08efae48b
2023-03-21 21:02:47,True,0.09645,5.386e-05,2951.04,0.1589,0x93...0863,https://etherscan.io/tx/0x88d53ec36fa0e28f9d71d95a0e09e7ba0f25820e10fbcd84dd9567e1cbd67174
2023-03-21 21:01:59,True,0.09642,5.384e-05,1472.86,0.0793,0xcf...30b5,https://etherscan.io/tx/0xf2bf7f7c8811fb509fcfc8ad605569200c275cea8217968b29bf2880ebde6036
2023-03-21 21:01:35,True,0.09629,5.376e-05,11160.4,0.6,0x0c...01c3,https://etherscan.io/tx/0xca23b86c904c6f6b15c94862b524207839c227f359fe37f70058145631133ad4
2023-03-21 21:00:35,False,0.09578,5.347e-05,17120.5,0.9155,0xa4...7323,https://etherscan.io/tx/0x30e17aff39e628acc1f429a318ac6233385c16eef12da7cac0e03f1636b38ebb
2023-03-21 20:59:35,True,0.09652,5.388e-05,3897.44,0.21,0x9d...9db0,https://etherscan.io/tx/0xf43f203816d74b70280228e274891bf5de4eeecd9e47a36e9a439f5e84f2e88f
2023-03-21 20:59:11,True,0.09652,5.384e-05,2209.2,0.1189,0x55...cc59,https://etherscan.io/tx/0xf18ff001f59cb7f2723d2d64084fe4909af48e63a283e406005ee3089e8a3b35
2023-03-21 20:58:59,True,0.0965,5.381e-05,1841.87,0.0991,0x03...6511,https://etherscan.io/tx/0x35c093b613a8d4a604687d8fe90faf49ece27a074b4a853d4b77290214b83a6a
2023-03-21 20:58:23,False,0.09603,5.355e-05,11959.3,0.6405,0xe3...2ebd,https://etherscan.io/tx/0x681e30125eea2af2b76e79b4aa9fb2f0e92f6844be6f38d719eabf8902b862a6
2023-03-21 20:55:47,False,0.09622,5.365e-05,2973.75,0.1595,0x55...d940,https://etherscan.io/tx/0x7176d2d8ae4739cbcf34165df2c2b12a727533c78d06fe749148405b59b8927c
2023-03-21 20:54:35,False,0.09628,5.368e-05,3000.0,0.161,0x1b...ea67,https://etherscan.io/tx/0x92b9209ce1794d59cd8af931bd4dae64e8dabaa8a3054440fcae00401b06ac2e
2023-03-21 20:53:59,True,0.09685,5.4e-05,3718.23,0.2008,0xc4...a50a,https://etherscan.io/tx/0xad3612fce7ab14b57a71e594b2a1f0318bec0be9b20aa3fb83454a4ed59390e2
2023-03-21 20:50:11,True,0.09682,5.395e-05,4225.31,0.2279,0x37...d3f1,https://etherscan.io/tx/0xc45df8a5b68e1c01f02479be16af5a69e1b7321f6762598869b34aadbe157ce3
2023-03-21 20:49:11,False,0.09621,5.361e-05,900.0,0.0482,0x4c...d81b,https://etherscan.io/tx/0x4b2369fdac5658df2121ae3f6486dde04a70b2db7c1dd1c62cc3f4c9598f7b6d
2023-03-21 20:48:47,False,0.09629,5.365e-05,5937.0,0.3185,0x84...a311,https://etherscan.io/tx/0xcf53097858767f6845372f92c8d70ed5e9db9488aacc551c170d0315c42587de
2023-03-21 20:47:23,False,0.09634,5.369e-05,24.0,0.0012,0xf2...038a,https://etherscan.io/tx/0xafd03f54ae76f0a977cb2fb3ea89cab4e210f39d6c37de5fbc5532b5805a08db
2023-03-21 20:47:23,True,0.09691,5.401e-05,918.074,0.0495,0xba...0fc3,https://etherscan.io/tx/0xcfdb448795601d8740c4f69a28d929dba7d227a3b665a6b7c1a708ae3817f455
2023-03-21 20:45:47,True,0.09706,5.4e-05,934.067,0.0504,0x5b...3438,https://etherscan.io/tx/0x178040d82ad5b8ed063bdc6034dd567bef2ec3e86295138bfa408290188e28f0
2023-03-21 20:43:23,False,0.09646,5.37e-05,5264.69,0.2827,0x76...7d5e,https://etherscan.io/tx/0xa7f4d91aaa8b5050219e3763523b69f2abe0d2613d7bdcb8a6a7cc7c6193f732
2023-03-21 20:42:35,True,0.09705,5.403e-05,4402.93,0.2379,0x53...72a4,https://etherscan.io/tx/0x115cd542ff43bf8319711919530e051732e09a5570510318a77142abf819c86b
2023-03-21 20:41:23,True,0.09688,5.399e-05,2108.8,0.1138,0xe9...1ecc,https://etherscan.io/tx/0x489bb5f06ba1bb94dd03f2838d2f4189597cd05ac6241d3951837f9888629e33
2023-03-21 20:40:47,True,0.09684,5.396e-05,1469.37,0.0793,0xe2...c87b,https://etherscan.io/tx/0x4ccbc2987e314cfdb8b3f513e3b299580443c8928b84fb40c37e992348116371
2023-03-21 20:34:59,False,0.09628,5.363e-05,232.509,0.0124,0x1b...ea67,https://etherscan.io/tx/0x15a946effd425fcb8a3a7d24a6bbe2e0323f7de5f8f2329361fc07ec080f67b2
2023-03-21 20:32:11,True,0.09688,5.393e-05,4524.06,0.244,0xf9...05fd,https://etherscan.io/tx/0xbbe1b397e02d7ee4e36e7fa48f7ddee02a443d962d96ec6bb3a5a35f786e0bed
2023-03-21 20:31:23,True,0.09682,5.39e-05,735.611,0.0396,0x80...6240,https://etherscan.io/tx/0x118364e1b4df8dbfc8b60953962120f8fb6e22fdc6c3b103d57b95ad8b9a0716
2023-03-21 20:30:59,True,0.09681,5.389e-05,319.472,0.0172,0x3c...2780,https://etherscan.io/tx/0xa5bced937a7d856dd0e990ee060500d18096759a084ee6611b141e381b807045
2023-03-21 20:29:47,True,0.0967,5.383e-05,9287.86,0.5,0xb5...946b,https://etherscan.io/tx/0xf40d6b64c5011452944a089efd8a389c6cc2817b8da1f88fdf8736579511533e
2023-03-21 20:27:23,True,0.09645,5.377e-05,405.547,0.0218,0xde...b5d4,https://etherscan.io/tx/0xe6db42142009d520461f055df96849d9bc0d483ffff526a62f3080401ff7a779
2023-03-21 20:25:11,False,0.09576,5.345e-05,500.0,0.0267,0x7f...5100,https://etherscan.io/tx/0x0b80a5a42f2d3ff95e1157bc0c86c4d01234a09f2d3f22c45a86259f7f30465c
2023-03-21 20:24:11,True,0.0963,5.375e-05,2765.8,0.1486,0xd4...5b74,https://etherscan.io/tx/0x18af7b086f567055dd2a7b5aee0ed966cc26a956b5da155329cbd3e7b4161340
2023-03-21 20:23:11,False,0.09567,5.342e-05,800.0,0.0427,0x2d...9ba3,https://etherscan.io/tx/0xbc515d8afa779a9c9dd4f12fef3be2fb2e0b3c545735749f0e4c301d379de0d5
2023-03-21 20:22:47,True,0.09625,5.374e-05,830.228,0.0446,0xe2...43f3,https://etherscan.io/tx/0xb7f5023a344fc8a4089fe15b77928b027b2d05d27cbc2fbe3de60dc4ac78419a
2023-03-21 20:21:47,True,0.09601,5.361e-05,20153.6,1.08055,0xd1...3bc5,https://etherscan.io/tx/0xb6efe91395305f7ec1458fbb728db6fe826cc0340cdceafcf135eb247dac9e74
2023-03-21 20:21:23,True,0.09578,5.348e-05,620.142,0.0331,0xc9...09a3,https://etherscan.io/tx/0xc0430a440ef526e74912b3a9a8d1eb74a4d7fc8d3f86da43c525bfbcbeee119a
2023-03-21 20:18:59,True,0.09581,5.347e-05,1034.58,0.0553,0x6f...a35f,https://etherscan.io/tx/0xa115358221534b6d437a2d94dd72800b243bd774577be2fdb43af16ef504d4a6
2023-03-21 20:18:35,True,0.09579,5.346e-05,929.846,0.0497,0x51...b59c,https://etherscan.io/tx/0xd3796cec5ef0e7373ebd947656a5a9b2412c8bde4ab3459af6b72efceaaeaf4e
2023-03-21 20:16:23,True,0.09555,5.335e-05,16868.6,0.9,0x07...30a1,https://etherscan.io/tx/0xbd5fee6f7e6c1a53f1a3a746ece4a5fcde02aff7e40ef22c6b82cde88f73d244
2023-03-21 20:16:11,False,0.09481,5.294e-05,1857.33,0.0983,0x23...99ba,https://etherscan.io/tx/0x64338bdecf67b00db5ff02f94907807e2e0e59a5fe4b8e1a8118982c16d7cbce
2023-03-21 20:15:23,True,0.09539,5.327e-05,128.698,0.0068,0xc8...2e7d,https://etherscan.io/tx/0x0cd125e3548a5f9b97b29b8060cf88da8f08f016e8f75edac5fafd509f214053
2023-03-21 20:13:59,True,0.0955,5.327e-05,131.549,0.007,0xe3...f2be,https://etherscan.io/tx/0x5253d6cb17b6326826b953139e91f59ce59593219de97a8a1c5743440d59c426
2023-03-21 20:08:59,True,0.09546,5.324e-05,3350.82,0.1784,0x9a...2a6b,https://etherscan.io/tx/0x93453a2c225e176f83a10794efc6a4fa61c285892fd29020cebf0d51c0773393
2023-03-21 20:05:35,True,0.095,5.32e-05,3519.1,0.1872,0xb1...49a9,https://etherscan.io/tx/0xeb1d23064c1e6c817d42abb52af52826a7211409205b21359032c01686650d38
2023-03-21 20:05:35,True,0.09496,5.318e-05,170.63,0.009,0x93...f3dd,https://etherscan.io/tx/0xb54e82332f804c1e1a78e9204d1f6782e7cf088cdc5dcd149178afef334dc0d2
2023-03-21 20:04:59,False,0.09442,5.287e-05,2500.0,0.1322,0x8c...da1a,https://etherscan.io/tx/0xe615a367bc80e41a24c644189e448d38fcfad131c991e52bdd7f26c4005cb851
2023-03-21 20:04:23,True,0.09501,5.321e-05,93.1412,0.0049,0x85...2b0b,https://etherscan.io/tx/0x5086cc7ca22b88aa54e6e140dc5cab201a922fb8e5c913f69b4e4400855c4c36
2023-03-21 20:03:59,True,0.095,5.32e-05,1332.56,0.0709,0x76...7d5e,https://etherscan.io/tx/0xda140cf3c0fe0219443b0586b19c9cd86d77aa019dd3989e94437128c6d235c7
2023-03-21 20:03:59,True,0.09497,5.319e-05,779.49,0.0414,0x76...7d5e,https://etherscan.io/tx/0xda140cf3c0fe0219443b0586b19c9cd86d77aa019dd3989e94437128c6d235c7
2023-03-21 20:03:23,True,0.09497,5.318e-05,624.874,0.0332,0xca...1518,https://etherscan.io/tx/0xf9aa0f1327fbc4091d473d93bc9d687050a22e0da1fdf499e9178990b18c7b0e
2023-03-21 19:58:47,False,0.09455,5.289e-05,6190.0,0.3274,0xb6...dc19,https://etherscan.io/tx/0xc00176c692bd3184c9ae7e9c0ba01d8ac4ef443dfb7e7b8b649d5738675842ac
2023-03-21 19:58:11,True,0.09513,5.325e-05,55.8412,0.0029,0x8b...d072,https://etherscan.io/tx/0xb76dab5be1483ba92e73df732679c75affe61f26308e0a04c0be01a8c2c24fa4
2023-03-21 19:53:23,True,0.09486,5.324e-05,875.576,0.0466,0x8e...b417,https://etherscan.io/tx/0x814b8217a99ff7c47ff88379b985a9a2a36c945a631628dd0c3379b4a7471112
2023-03-21 19:53:11,True,0.09484,5.322e-05,2992.86,0.1592,0x74...d510,https://etherscan.io/tx/0xda669c0145d1472f78427b779301fe22511c2e2affa8ecd1ebba8dfe5266967d
2023-03-21 19:53:11,True,0.0948,5.319e-05,1127.85,0.06,0xab...8b30,https://etherscan.io/tx/0xe7d5a736716b54dc830bcc01eb50f5e99102112763899bcd7555714b87317631
2023-03-21 19:51:47,True,0.09494,5.319e-05,260.919,0.0138,0x33...34d6,https://etherscan.io/tx/0x5b5a2c135ba3059f3bc713d08fbf928f750f464b0b96a8e25ee0fa00316a5e12
2023-03-21 19:50:59,False,0.09463,5.299e-05,21023.0,1.11419,0xfd...fa71,https://etherscan.io/tx/0x624987705db84c2e0bd5881d950adc92d955e636377d151b4b0222aea4230184
2023-03-21 19:46:35,True,0.09528,5.342e-05,4466.3,0.2385,0x3e...6be0,https://etherscan.io/tx/0xab0dd3310b255acfaa87a4407f6b296a8e3c4442729afda1f9238d941292e8eb
2023-03-21 19:46:11,True,0.09527,5.339e-05,176.093,0.0094,0x57...e48d,https://etherscan.io/tx/0x9134018de809579410f0996a491d9ed0be3d7a540a6d4845166dcf307f115279
2023-03-21 19:43:59,False,0.09461,5.31e-05,5000.0,0.2655,0x11...26cf,https://etherscan.io/tx/0x930147dfe194590ac701126bacb10cc95724a17a8a2d48715438be20f5f1f333
2023-03-21 19:43:59,False,0.09499,5.331e-05,30000.0,1.59952,0xf5...10f8,https://etherscan.io/tx/0xb76e662d28872d60eef7aa703193d5a63a6ae4cb80859d63f8779cc5136c0ee6
2023-03-21 19:40:35,True,0.09591,5.374e-05,12354.0,0.664,0x01...8ba4,https://etherscan.io/tx/0xcc35e9c9d35d80d52200bde5ae0516f21975412afd5fc238452c83b19b52582d
2023-03-21 19:39:59,False,0.09562,5.358e-05,37500.0,2.00935,0xf5...10f8,https://etherscan.io/tx/0x93b2094ece7f4ae9eadd8908a353325f7c38f4d6d9c22ccdc0260cc8c869c177
2023-03-21 19:38:59,False,0.09614,5.382e-05,2000.0,0.1076,0x32...119f,https://etherscan.io/tx/0x1c8f5923d43515113b33b03beca136752240fc8563a93d92a204236b0bc99a1b
2023-03-21 19:37:11,True,0.09675,5.416e-05,1023.64,0.0554,0x22...bfb3,https://etherscan.io/tx/0x0f3cbd3729c20a6f8cf224cc14ae354424f2b0f34df2ce2b25233d0747a0e88b
2023-03-21 19:32:59,False,0.09615,5.383e-05,500.0,0.0269,0x10...6d5f,https://etherscan.io/tx/0x32fc49098d96f16ad3514444841be5d5eb5165b3fbf69eeac5f1bd7b0e7fe5f7
2023-03-21 19:31:47,False,0.09649,5.402e-05,29970.0,1.6191,0xf5...10f8,https://etherscan.io/tx/0x1a1c21e873b8bb1796b98e30cd75649b20a5e51d5fdd427fa64b43ccf747685e
2023-03-21 19:29:23,False,0.09659,5.424e-05,4700.0,0.2549,0x2b...c62c,https://etherscan.io/tx/0x932a727339f92e60c771a48b37d36d1cf9402204da927c0beadb84373fe37aff
2023-03-21 19:24:23,True,0.09663,5.427e-05,51002.6,2.76814,0xa0...fb8f,https://etherscan.io/tx/0x7bd09c24544cedd339604ed4f3c84c45d753eecbc659a377b201483a255a3643
2023-03-21 19:24:23,True,0.08573,4.815e-05,1030804.0,49.6341,0x49...2563,https://etherscan.io/tx/0x74ea2386e627a80505a65636587e3b10bf70b460a7821decf55a8796940158db
2023-03-21 19:24:23,False,0.07687,4.317e-05,100000.0,4.31791,0x20...e99b,https://etherscan.io/tx/0xdf25586d85c28fb1615792adcf7c8efafe5deb1f3ee24d3d5b414dc653f45446
2023-03-21 19:24:23,False,0.08697,4.884e-05,1016065.0,49.6341,0x49...2563,https://etherscan.io/tx/0x7e07008d5c4d28c771aa674d122b20619658e05c4980815a9a77bf2288d8a089
2023-03-21 19:23:35,False,0.09729,5.475e-05,12000.0,0.657,0xf8...5920,https://etherscan.io/tx/0xdeb5da065a50ab3572e059d9bc9d473538816f957ef498aecec6125a45372a94
2023-03-21 19:23:23,True,0.09859,5.548e-05,47941.4,2.66,0xc3...2aa5,https://etherscan.io/tx/0xdef3db03c1eb6bd1c221b63ef8b84e44af89d1870058219e8c340302dd0488d1
2023-03-21 19:23:23,False,0.09688,5.452e-05,49317.8,2.68902,0xc3...2aa5,https://etherscan.io/tx/0xdef3db03c1eb6bd1c221b63ef8b84e44af89d1870058219e8c340302dd0488d1
2023-03-21 19:19:11,True,0.09871,5.515e-05,2500.25,0.1379,0x42...cf69,https://etherscan.io/tx/0x840f9de4ff8bfc5e8fbb276f1705eef7bbde11ed4e07b3a104c21bf368b071c9
2023-03-21 19:14:35,True,0.09855,5.512e-05,2031.81,0.112,0x32...6dc2,https://etherscan.io/tx/0x40adc295f44a6872719a8bf119d23f38d234122d9984962089cd91fb188d46fb
2023-03-21 19:13:23,True,0.09855,5.511e-05,508.053,0.028,0xe3...6c13,https://etherscan.io/tx/0x5abdbebfbbe35323119a5d80f512c085c8748af690f3bc58b89f28724a1ac90c
2023-03-21 19:11:47,False,0.09808,5.48e-05,3863.55,0.2117,0xe4...53d4,https://etherscan.io/tx/0x67b55dd485cc2623482116392f137a21c458ce11a856252a19e4e1fe2dae9aa3
2023-03-21 19:10:23,True,0.09868,5.514e-05,2606.23,0.1437,0x9a...f346,https://etherscan.io/tx/0x26cb0c8b44dd919b0b6e7737b89b924e39c3d09bac14da42b9f3f1884e8879c8
2023-03-21 19:10:23,True,0.09863,5.511e-05,1353.87,0.0746,0x3d...f51a,https://etherscan.io/tx/0x31824dd9a0e6d29effa5bcaa51b4b13e7e823aabff9f5fca34b9de054fa5f6d7
2023-03-21 19:08:59,False,0.09806,5.478e-05,1000.0,0.0547,0xa9...7d42,https://etherscan.io/tx/0x7c1ccb88fb6fcab5c6bd75f8c929639b4201b03154d923fee9a0315426f1f1f9
2023-03-21 19:07:47,True,0.09845,5.499e-05,19992.5,1.09941,0xdc...b1b8,https://etherscan.io/tx/0x3bb5ee0a2fb5bebe28e1d225f2e8c17acdae34b5d345dffd856666a5eb268447
2023-03-21 19:06:47,False,0.0977,5.456e-05,5639.42,0.3077,0x26...c6ec,https://etherscan.io/tx/0xca0db6bbd9b7485a7bc4ed980b5c7757ab265074b01ec5ac01e6974e447cd17d
2023-03-21 19:06:35,False,0.09783,5.464e-05,6000.0,0.3278,0xe5...8408,https://etherscan.io/tx/0x3e223dd6c65792d94ed0ce2b4e1b73a59fb21e5b677b86668559f499ea1f1736
2023-03-21 19:06:11,True,0.09847,5.5e-05,1081.27,0.0594,0xad...2381,https://etherscan.io/tx/0xa97f940e5d338db7c3a29b0aff7b74641039ec94af2568f0afc34731b73729d9
2023-03-21 19:05:11,True,0.09837,5.499e-05,916.497,0.0504,0x5f...b967,https://etherscan.io/tx/0x2c678c64b5e60be5f8b397f5d00622f95f31d7b4de2c1dcc747558534b5030bf
2023-03-21 19:03:11,True,0.09829,5.498e-05,18.0273,9.912e-05,0x48...8903,https://etherscan.io/tx/0x1019c776c0131a06e98f2d03067e097317ef6e32aecedfeb6eb5905a644342ac
2023-03-21 19:02:59,False,0.09781,5.472e-05,10000.0,0.5472,0x4e...7fe0,https://etherscan.io/tx/0x0de2e5f6aa9c1b0cdf13651db1e09d91ca2b8e559beaa4e13126caab91ae7a99
2023-03-21 19:02:47,False,0.09806,5.486e-05,11704.6,0.6421,0xf6...7932,https://etherscan.io/tx/0x24b2fabf9a0102d1a16854736ff839148d6632b5ed4738c67eba4f3738c303fe
2023-03-21 19:00:23,True,0.09878,5.517e-05,14398.1,0.7943,0x43...d886,https://etherscan.io/tx/0x3ca3655517bf0dc243591b03528c9ef0804169994ffcee390424171e9c4cabca
2023-03-21 19:00:23,True,0.09861,5.507e-05,453.913,0.025,0x3f...b1cf,https://etherscan.io/tx/0x060e3b583724187da9ca84910e4a49b62a035d90eee28a8b2e5677cdbe1218ff
2023-03-21 18:59:47,True,0.0986,5.507e-05,539.993,0.0297,0xd2...4e5e,https://etherscan.io/tx/0xcb993982b15dad153b04c1c1d4d90b211c616ee53de7bad5df38980e875bccd1
2023-03-21 18:59:47,False,0.09809,5.479e-05,8243.3,0.4516,0x05...93c8,https://etherscan.io/tx/0x799d81b5d6a81c7dadb3cd4615226535e1b448bd576ecb448b37a1ebc017346b
2023-03-21 18:58:23,False,0.09859,5.498e-05,18012.0,0.9903,0x8a...84c6,https://etherscan.io/tx/0x76bd4788bf79fe6680fbe14575061ae5f8485500673a136ce618d075b6c95bda
2023-03-21 18:58:11,True,0.09937,5.542e-05,1788.56,0.0991,0x3d...8e37,https://etherscan.io/tx/0x95a7cb802fc0cbdfd7b0014b05f23b63eccfa1a72e18a43d58b3bcbd5afea89c
2023-03-21 18:56:59,True,0.09938,5.54e-05,1407.93,0.078,0x3d...8e37,https://etherscan.io/tx/0x513b0e590f5f3cc866554acc8e4b3d8ec6b55d69b949e456607f78599257af9f
2023-03-21 18:53:59,True,0.09931,5.538e-05,375.819,0.0208,0x62...f81f,https://etherscan.io/tx/0xb7e13d6135b303fd5c4eac07ba359ab88159f3726e72f517c6320b4dc1d5ec97
2023-03-21 18:51:47,True,0.09927,5.538e-05,1004.88,0.0556,0x93...e0bb,https://etherscan.io/tx/0xf6d15520bd48c5cee49c823da514d6710fb801071b78c0151fadd8543dafc1ef
2023-03-21 18:51:11,False,0.09854,5.507e-05,5076.46,0.2795,0xc8...fdfd,https://etherscan.io/tx/0x18e085b2962d8e89bc4f2285076ad3a259a1de2e23f32836a3a23427e2c24c17
2023-03-21 18:50:35,False,0.09864,5.512e-05,1961.5,0.1081,0xf1...ee10,https://etherscan.io/tx/0xc9848ec719e8f79bd92ead3916d13929a936e2ba62d7388b9e580119745d9de1
2023-03-21 18:48:23,False,0.09889,5.515e-05,2838.46,0.1565,0x74...297e,https://etherscan.io/tx/0xbb3492bb7a583ba5ded52ea200ada471f484966f2514af929a9853ac16f23bb1
2023-03-21 18:47:11,True,0.09943,5.55e-05,134.393,0.0074,0x25...f592,https://etherscan.io/tx/0x5e15069bc79c04e7a6585a391b936ee0fa705f61fa44698bfcf916a1793b4f32
2023-03-21 18:45:11,True,0.09948,5.549e-05,178.606,0.0099,0xf5...d413,https://etherscan.io/tx/0x293dc4065c0d1f346142b2ba69be5dc01cd9c39991d0ebcc959ec5b3dae49f02
2023-03-21 18:44:59,True,0.09947,5.549e-05,625.179,0.0346,0xb2...14ec,https://etherscan.io/tx/0x72c1a6507ea82e2dc1a7b84ceeade46bd04e16bb32110d19504d486d171b7b8e
2023-03-21 18:44:11,False,0.09896,5.517e-05,3000.0,0.1655,0x30...f2e8,https://etherscan.io/tx/0x8f32fec6a5d0d3a21ef956cb3645f498ff3f47f5a68eb14f54d8f3545f83862a
2023-03-21 18:43:47,True,0.09964,5.552e-05,892.641,0.0495,0xd3...0dd5,https://etherscan.io/tx/0xf57c0d0cf819e3ff73e8582db26cb4148f43abcd7b3c6a1f3e25550d8b6c6deb
2023-03-21 18:43:47,True,0.09958,5.549e-05,3572.45,0.1982,0x33...f654,https://etherscan.io/tx/0x5fede5f572dabc7a9f0901a312e59eb96c15132161a30ed006822188bedb23b2
2023-03-21 18:43:11,False,0.09896,5.514e-05,1030.0,0.0568,0x92...c30e,https://etherscan.io/tx/0xfad3fe9d5531a76135b38fcbff794dd93e02f6ab5b2b9e3bd8eb1a50fbe04120
2023-03-21 18:41:47,True,0.09941,5.54e-05,12650.5,0.7008,0x2c...4fea,https://etherscan.io/tx/0x7d8167a106236e81c512350289c147aa567844a5158c7329d2e109001ac25fb7
2023-03-21 18:41:47,False,0.09872,5.501e-05,4762.43,0.262,0xfa...f6c0,https://etherscan.io/tx/0x95d4ef47ee5e360928066c1d53ecd7e1ef9e11805eedd3628964ec9ef8a33fef
2023-03-21 18:40:35,True,0.09953,5.535e-05,4477.08,0.2478,0x52...ef6e,https://etherscan.io/tx/0x44fac8fb568416a6a6df4656ede8f0947c32d053f6c1acf98fe32e5acd59602b
2023-03-21 18:39:23,True,0.09958,5.53e-05,3226.43,0.1784,0x4b...f5ce,https://etherscan.io/tx/0x7668e97f03e43e4510a318d96ece1c9159565f1683537e96bc74be8b162baee7
2023-03-21 18:32:35,True,0.09954,5.527e-05,197.98,0.0109,0xee...3e20,https://etherscan.io/tx/0xca89096a55479c83ea098296ea856521bbf8f9664bb410548dc8248cbf2ca513
2023-03-21 18:31:59,False,0.09901,5.498e-05,5250.0,0.2886,0x41...df7f,https://etherscan.io/tx/0x25fe9fbee4b1171ae5e2aefd1148c096cf4cec93ee4a2144fdf8b5890fe66738
2023-03-21 18:31:23,True,0.09977,5.533e-05,1235.98,0.0684,0xb2...14ec,https://etherscan.io/tx/0x827838dfda2ec85a72dd9888dce8d916d09ae045042fc527a685d30254d17d56
2023-03-21 18:30:47,False,0.09923,5.5e-05,1207.0,0.0663,0x12...3198,https://etherscan.io/tx/0xa62fd7f693df86b746a941ff6f34d8752a5df3760d7742e16b33534ad16a8343
2023-03-21 18:28:35,True,0.09987,5.53e-05,6654.38,0.368,0xc9...1932,https://etherscan.io/tx/0x5be84e75c0657bba106785e6054f0461c597e061c1f02507657e1b33fd34d779
2023-03-21 18:28:35,True,0.09978,5.525e-05,792.221,0.0437,0xd0...0d32,https://etherscan.io/tx/0xad4f35e5ed44c86d59e0bf804b6382ed765e58cab241e5cf0f4fe6e11585b297
2023-03-21 18:26:59,True,0.09976,5.523e-05,1974.05,0.109,0x3e...f791,https://etherscan.io/tx/0x08769cd4b236ed9897240656b20ef181da5001aaa68f872bdcae492f98eb0de4
2023-03-21 18:24:59,True,0.09982,5.522e-05,448.776,0.0247,0x71...bb72,https://etherscan.io/tx/0x50932a163600a55214b491b858c94e16a2d271ac26ec64eb5085e73dfec2031e
2023-03-21 18:24:11,True,0.09981,5.521e-05,1099.55,0.0607,0x79...d847,https://etherscan.io/tx/0x0e4bb9b7fbec6a1df05b0d7014ed58effe2ea88a83a07740388cafa28fdebf44
2023-03-21 18:23:35,False,0.09932,5.493e-05,10000.0,0.5493,0xa8...5681,https://etherscan.io/tx/0xffc2cd2e25b6cb32ca4502b6e5451c6bcc19b88a7600df12882c54b5ec4d540d
2023-03-21 18:23:11,False,0.09956,5.506e-05,10000.0,0.5506,0x9e...a2d8,https://etherscan.io/tx/0xcbccf4e45fc36ee80697d5c402df3ca04feeff8a5dc32fe90555fc62ac5ce4ad
2023-03-21 18:23:11,False,0.09979,5.519e-05,10000.0,0.5519,0x84...88b1,https://etherscan.io/tx/0x27b43698a59781931eaf0364f18bfa2c8c5d86fb4777327aa14d78811dcba33d
2023-03-21 18:19:23,True,0.1003,5.558e-05,984.423,0.0547,0xfe...98b7,https://etherscan.io/tx/0xc47da99f945e6bf6436d81a72c59f9bafc4ff84b98c4031c0930366b9023e129
2023-03-21 18:17:11,True,0.1003,5.554e-05,5106.02,0.2836,0x00...8056,https://etherscan.io/tx/0x5d4a9470e5d519621e8a91f5d4c0639a474388dd402a0e10572f3081f68d3837
2023-03-21 18:16:23,False,0.09987,5.524e-05,9912.5,0.5476,0xea...1833,https://etherscan.io/tx/0x252a9e09ca5ba4941439c9ea15fca6fe793ffb0fcfadf463a70ab40a25b01b36
2023-03-21 18:13:23,True,0.1003,5.552e-05,17852.0,0.9912,0x8c...9970,https://etherscan.io/tx/0x5986d9702e24e4f8d274d882fb2ce448119a304aa09da76dbdb74d5995dc9f05
2023-03-21 18:13:11,True,0.09998,5.533e-05,10926.8,0.6046,0x82...bce3,https://etherscan.io/tx/0xe4142fc44c0a7e4a99962f1d15bcc2333e5bd81864224c688f22476e57274a43
2023-03-21 18:12:35,True,0.09976,5.525e-05,1104.02,0.061,0x1a...2bf4,https://etherscan.io/tx/0xe0c4c73898f2d685b48995827699678c063efbd38d974836dbbd8e50e3802e89
2023-03-21 18:12:11,True,0.0997,5.524e-05,717.68,0.0396,0x60...c165,https://etherscan.io/tx/0xe4fd447dd978c1327250fc89a9af751ee11673839c21a604c6367318aa7949e0
2023-03-21 18:10:23,True,0.09948,5.523e-05,807.535,0.0446,0x41...feb1,https://etherscan.io/tx/0xab9593a7153e6db7bc7e96c24ad822efec0d7001ab9e9c21e6b33c93c684a486
2023-03-21 18:06:47,True,0.09949,5.522e-05,1561.67,0.0862,0xc8...6f52,https://etherscan.io/tx/0x09b4936a929ca21d076994bc465984e9a9d49f7ba91c86e27e7c04a2cdb3bf85
2023-03-21 18:05:59,True,0.09992,5.52e-05,568.059,0.0313,0x7d...563c,https://etherscan.io/tx/0x7a01fd20f7714c20ab86915b396afe0f92682b4a92bd2ebfa8901823de5d1a06
2023-03-21 17:59:23,True,0.1002,5.519e-05,2155.26,0.1189,0x60...721e,https://etherscan.io/tx/0xf3d86f5b0d002d9ae648cb416f76eea320b347740a8141608c31b42105b3f567
2023-03-21 17:55:11,True,0.1001,5.515e-05,2731.57,0.1506,0x7a...f52f,https://etherscan.io/tx/0xa054478d538e09afe9d172e46a2523a4a7724d7b929bb12a248c54274d09d786
2023-03-21 17:54:23,True,0.1001,5.513e-05,589.532,0.0325,0x22...0df8,https://etherscan.io/tx/0x8986370ec6dd8096d0fe8190cb46d587277ca78b0163fbbf8c7eb3513637d20e
2023-03-21 17:54:11,True,0.1,5.513e-05,227.994,0.0125,0xc1...d499,https://etherscan.io/tx/0xb0072fbb2a72b5e9ab277821846103e79b8253e8fcd807137ffc8673e4d2971d
2023-03-21 17:52:23,False,0.09939,5.481e-05,1757.64,0.0963,0xae...3e92,https://etherscan.io/tx/0x56c2268248864f0c3eca862ab9020044b3e21ee1238d85af03e213dd473f996f
2023-03-21 17:50:59,True,0.09993,5.513e-05,2140.04,0.118,0x35...b5a6,https://etherscan.io/tx/0xaaf9b13e3b33d488f4d22ca8df283c166b82fd9cb2eb3c0a570940c0caa42cf3
2023-03-21 17:50:35,True,0.0999,5.512e-05,374.163,0.0206,0x7d...81cc,https://etherscan.io/tx/0x98b8a32a456481e26c47910b89214c8235dc1799568cef266bcd550645bafe05
2023-03-21 17:50:23,True,0.0999,5.511e-05,196.249,0.0108,0x22...0df8,https://etherscan.io/tx/0xe08da665ddabcbecc92e0762a8124f5692c3358371eaa6cdd424a377fa81cb4f
2023-03-21 17:48:11,True,0.09975,5.511e-05,1107.18,0.061,0x97...dffa,https://etherscan.io/tx/0x436086b9de3e0c345371f0ff25e2a1283e3ee21ad5941e5f017af8b193813142
2023-03-21 17:46:35,True,0.09969,5.509e-05,988.919,0.0544,0x71...6e3d,https://etherscan.io/tx/0x9c7c255db06d71fad4f92b134785914ea87de15b9aa66b9eaa24667a92a84356
2023-03-21 17:46:35,True,0.09966,5.508e-05,1211.9,0.0667,0x55...ce90,https://etherscan.io/tx/0x013184f3fe8a88ee003c790547f2cd629041eea9b0164bc28da4ee2d8fbef6fa
2023-03-21 17:43:35,True,0.0998,5.499e-05,11652.8,0.6409,0xe3...b792,https://etherscan.io/tx/0x3b42d3a0685efbfe211919d1db74f18067d26cc48957acf7a283ae51cf4cb423
2023-03-21 17:42:23,True,0.09955,5.489e-05,4514.3,0.2478,0x37...80e9,https://etherscan.io/tx/0x71341f119bba2231fc4993c32d28ffbe6a33d93f62b5c811fb04b92ed3e12095
2023-03-21 17:38:23,False,0.09947,5.456e-05,4678.09,0.2552,0xe5...882a,https://etherscan.io/tx/0x591bf22902c7a50512356d813a59453c9a89379cbc025f5cbaaeea9213d61eca
2023-03-21 17:38:23,True,0.1001,5.492e-05,691.457,0.0379,0x1c...8da1,https://etherscan.io/tx/0x9291b81330977c00561339d35bdc882a1cabb3f7b0db172844d542a95df561f9
2023-03-21 17:25:11,True,0.09975,5.49e-05,1388.26,0.0762,0x72...0f0e,https://etherscan.io/tx/0x85d1fd1f1140b9072e57bdd97d25e8f4f25acab32538a2ec1493d44b5dfcb629
2023-03-21 17:20:35,False,0.0992,5.457e-05,1000.0,0.0545,0x40...c54c,https://etherscan.io/tx/0xe95b10298700c389daf56f5204afba936164fbe9faeb15cfb69b244f20a41dc3
2023-03-21 17:15:47,True,0.09955,5.49e-05,1444.37,0.0793,0x4c...15bb,https://etherscan.io/tx/0xc3a5673ef9ec9fa8d55b580a47b3854a57d7392a4908364189d6095e06b9256c
2023-03-21 17:15:11,False,0.09908,5.457e-05,2000.0,0.1091,0x4f...c0af,https://etherscan.io/tx/0xaa45744ce1422591024f5e8d590e149785b14bf477be8956ff9af8c2970880cc
2023-03-21 17:12:59,False,0.09938,5.471e-05,19145.1,1.04749,0x76...7d5e,https://etherscan.io/tx/0x1127d47d04e19c7a7302d7c0578792a5b4a80d3fdb11606051a861096243dfc2
2023-03-21 17:09:23,True,0.1,5.515e-05,2336.52,0.1288,0xdd...2e87,https://etherscan.io/tx/0x66ba5dc6a64dc1d042a6ad34fa46acc2061e8aa6cc06316ce82dd31294ffc5bc
2023-03-21 17:06:35,False,0.09932,5.481e-05,1776.57,0.0973,0xee...0b60,https://etherscan.io/tx/0xf1fed73ced6ea33cb49dfe5fa47920636731cb943f3ac1b09672919ffe5ca244
2023-03-21 17:06:11,False,0.0994,5.486e-05,5000.0,0.2743,0xa1...c27d,https://etherscan.io/tx/0xb027629526c7a0d9d8ef0bc3657b0e9a1c176f069c61a684a501376b6aa70302
2023-03-21 17:05:11,True,0.1001,5.522e-05,246.933,0.0136,0xdc...132d,https://etherscan.io/tx/0x3d582c49c3addc18e683bcb953e8b27ae558bc6ff57ed30833def833223d9263
2023-03-21 17:01:59,False,0.09962,5.492e-05,5194.21,0.2852,0x76...7d5e,https://etherscan.io/tx/0xc71000de06e197149081a2b4a87dd2a03f21aaae4265fc9bd05b022428d102cc
2023-03-21 17:01:47,True,0.1002,5.526e-05,4405.73,0.2434,0x58...b2de,https://etherscan.io/tx/0x804e1b9b5cbbba68e48cf1504b3b3f3004fcb179045c00f5de5c1b2fb4e1042a
2023-03-21 16:59:23,False,0.09969,5.494e-05,7126.0,0.3915,0xb6...3518,https://etherscan.io/tx/0xaf895662c73f03078b3b6ab14925b05f42f63963f98d5d4d8dca3fd4c3df3385
2023-03-21 16:57:59,True,0.1003,5.532e-05,492.386,0.0272,0x20...38ce,https://etherscan.io/tx/0xa48f39c1e20db32c08530c1ee1b2ecd9eb1123b521613b573096f708fae390ca
2023-03-21 16:53:35,True,0.1005,5.531e-05,739.888,0.0409,0x12...7699,https://etherscan.io/tx/0x4caf48737fc332d79d047cac4d542743f387c1b589b45c10203f79b7b63f416d
2023-03-21 16:53:11,True,0.1004,5.529e-05,2715.43,0.1501,0xd0...2ea3,https://etherscan.io/tx/0x5b28a1c4bf72a3d25ab6bd6bca117112b925eb72f92a1f5a8c312b55b6a1dae0
2023-03-21 16:52:47,True,0.1003,5.526e-05,904.713,0.05,0x63...6af0,https://etherscan.io/tx/0x0b3881f433cd7b2baa759f21e50ea5d0cc6e7e54237bb41fe7c2362ca2d0d44c
2023-03-21 16:52:23,True,0.1002,5.525e-05,263.597,0.0145,0xbd...22ee,https://etherscan.io/tx/0x7d59d859f9f1d82e1dd78f5a1a7705d367b2ece5728194c98975426843f1ed33
2023-03-21 16:52:11,True,0.1001,5.519e-05,8972.19,0.4952,0x1e...bde9,https://etherscan.io/tx/0xa4840f2a38c480769672a9f3f1fc72e840c1db14c00ae39812ce64fe9b8a936f
2023-03-21 16:51:23,False,0.09946,5.481e-05,932.132,0.0511,0x5c...d666,https://etherscan.io/tx/0x40ecbbb7b809492e02a665320f0f22a901247aaeda6960a56e8d84800a5ef8a2
2023-03-21 16:50:35,True,0.1,5.514e-05,940.447,0.0518,0xc4...d8b0,https://etherscan.io/tx/0xaaa3bb40e0584e28682cc7519b48c17d9dd31c278acfc4c7faa1391f6e4fd150
2023-03-21 16:48:11,True,0.1,5.512e-05,2911.83,0.1605,0x67...f175,https://etherscan.io/tx/0xd79d888e9609ed1739818181343deab4a175f0ee0f745ea4d61362926292cb08
2023-03-21 16:46:47,False,0.09925,5.477e-05,995.73,0.0545,0xf7...6695,https://etherscan.io/tx/0xff364201d71c80aa0699dc24ac571241f1d28f0ae72c997a550b5a43bfff93cc
2023-03-21 16:42:47,True,0.09983,5.509e-05,3085.58,0.17,0x94...6063,https://etherscan.io/tx/0xdf3e68d1c87136d19cb1e18d254920747f1867c9e7c6954408061ccf492bff65
2023-03-21 16:42:11,False,0.09921,5.476e-05,2319.0,0.1269,0xb9...4f54,https://etherscan.io/tx/0xdbac6a3300fd8e2926524b7aaaea8bddd25c3aa4748bb2c06b121686801d55fd
2023-03-21 16:40:23,False,0.09943,5.478e-05,1010.11,0.0553,0x1b...ea67,https://etherscan.io/tx/0x4af7642325e37bbf3e912744df3399230ecb120e360cc785e627527d99c7c6f2
2023-03-21 16:35:23,True,0.09993,5.511e-05,992.325,0.0546,0x2c...a3cc,https://etherscan.io/tx/0xcfb032b3cbeed9ba0d430995b338de5183cf1241a81827a3971957504459dd2c
2023-03-21 16:35:23,False,0.09935,5.478e-05,2100.0,0.115,0x1b...ea67,https://etherscan.io/tx/0x781db51298c4e1fdabcd17e1097fb4c174c52e760424c254ce04a782545e8fa2
2023-03-21 16:34:35,False,0.09953,5.488e-05,13278.3,0.7288,0x8e...94f5,https://etherscan.io/tx/0xe60261c2da115d27d60129029e130c635401739da4643daade273818f69bdb84
2023-03-21 16:33:23,True,0.1002,5.529e-05,3038.41,0.168,0xd9...e177,https://etherscan.io/tx/0xf6598ae28272d4ea8fccf0d53927ec842dc6d848d6d2d6a51ba5b610cd6750a9
2023-03-21 16:33:11,True,0.1,5.523e-05,5431.16,0.3,0x8a...0e3b,https://etherscan.io/tx/0x387e5a9e9a6357a4461bf8eb2ccbd6c4e703b1cc109a2dc7bf512b94fead1e89
2023-03-21 16:32:47,True,0.09987,5.518e-05,2824.46,0.1558,0xae...dfda,https://etherscan.io/tx/0x227cbc0dd6d717eb2ad315d7572d82aa7848df69aed22b71c0cd5326e1257d2c
2023-03-21 16:32:11,False,0.0993,5.486e-05,5314.06,0.2915,0x1b...ea67,https://etherscan.io/tx/0xa8554811a775484f8655929b89118946bfb258f493ff82db6c9aded78ea7e70e
2023-03-21 16:28:35,True,0.09983,5.521e-05,2616.76,0.1444,0x8c...437f,https://etherscan.io/tx/0x9d843f88aeb8cdc604bdda2f90f3cf03b1d198ddc9e65cf1bc3f664d05d6ef3f
2023-03-21 16:25:35,True,0.0998,5.519e-05,808.166,0.0446,0x6b...96d4,https://etherscan.io/tx/0x7894dfacfc50499ee851e88dc278eae5b3d2152094fa55ef50c3c65ee68689c2
2023-03-21 16:25:35,True,0.09977,5.517e-05,2181.85,0.1203,0x75...33fc,https://etherscan.io/tx/0x2113c02e0b88781b853fdf597603997aec4b8ef02cfe4e9e7924ee66cda8fb20
2023-03-21 16:21:11,True,0.09983,5.51e-05,9246.31,0.5095,0x0c...03c6,https://etherscan.io/tx/0x92c1420adef329f0a8049786d096b3168c09e9b8559af36b2e578067a67b03bf
2023-03-21 16:20:23,False,0.0992,5.475e-05,5689.09,0.3114,0x29...42eb,https://etherscan.io/tx/0xf5a73f01651856a1ec998fa759ce84e5e01eaa1f13b228d22c0d82e74aad9ac9
2023-03-21 16:11:11,True,0.09969,5.509e-05,2782.62,0.1533,0xcb...c81d,https://etherscan.io/tx/0xd6538d9962faf2cceb60380a056fff9846cdc113c8e3d2cfd818b86ea3a85db2
2023-03-21 16:10:59,False,0.09908,5.476e-05,1650.0,0.0903,0xb2...640a,https://etherscan.io/tx/0xb4174ead2986248729dad0099456b747ec228d47c9f6eb5deb018ce7fc898523
2023-03-21 16:09:35,False,0.09933,5.49e-05,21173.0,1.16259,0x0f...af52,https://etherscan.io/tx/0x9f4de526e4e792649d59ef8686b865fcd0bc31e23e69716235709370081b2c0f
2023-03-21 16:07:59,True,0.1001,5.537e-05,1029.0,0.0569,0x4f...58e7,https://etherscan.io/tx/0x23ca38b7f3576e674255a4d8662c00c6fa674c8e6d1708d974c0afedb50d7f10
2023-03-21 16:05:59,True,0.1,5.536e-05,483.444,0.0267,0x62...f81f,https://etherscan.io/tx/0x1d2514903b7fae5de1bc7fafab76eb0b646339ad48a0a29d99a73c5672e0e61a
2023-03-21 16:05:23,True,0.1,5.535e-05,820.724,0.0454,0xc1...9b50,https://etherscan.io/tx/0xb7f3594f76cad97d1c71999386a528f6e0b312fb3e97b2f5a99c1468bad2368c
2023-03-21 16:04:23,True,0.1,5.534e-05,985.155,0.0545,0xd5...3ed1,https://etherscan.io/tx/0x705d73e0331a5804d8b7d3b5cbb4e9b66cfa7ff2215c983828fe7a81e06352a2
2023-03-21 16:03:47,True,0.09963,5.519e-05,20985.0,1.15831,0xb2...bca8,https://etherscan.io/tx/0x5bb0e9827aac82175dd6ab704e17ddce7fd487fd081d403cd0c941918723f7d6
2023-03-21 16:03:35,True,0.09925,5.499e-05,10982.5,0.6039,0xab...cd7a,https://etherscan.io/tx/0xf8b3fa4f2ac28cf77d5d9c6be9469fee1bd720e91cff8e10555dd1a059913252
2023-03-21 16:03:23,True,0.09907,5.488e-05,4773.37,0.262,0xea...9270,https://etherscan.io/tx/0xa63d06b55c0306448b104fc81d48e5f740f0e34abf215eff3189196468839a45
2023-03-21 15:58:47,True,0.09909,5.484e-05,1608.5,0.0882,0x33...ec3e,https://etherscan.io/tx/0xa60e7a51105d51150bb860deb64aae1c73cc90d8943ea45091bade88d1df0216
2023-03-21 15:57:35,False,0.09852,5.453e-05,3731.0,0.2034,0x91...0699,https://etherscan.io/tx/0xe8867d96ce55b48c7dd29ff6f859f01f0e0259020c50fcd245c9168fce8e556d
2023-03-21 15:56:35,True,0.09921,5.486e-05,3613.68,0.1982,0x36...ae5a,https://etherscan.io/tx/0x9c07a4b8db5848c40e4cc9b0482e83e284d03747c4daff31b883683c62e8727a
2023-03-21 15:55:23,True,0.09912,5.483e-05,909.142,0.0498,0x4c...cac9,https://etherscan.io/tx/0x52d2e75928ced0d01955d7f4ad28345404fcf72394ce836efec6401a5313dade
2023-03-21 15:51:11,True,0.0992,5.482e-05,813.673,0.0446,0xb8...23b6,https://etherscan.io/tx/0xda2d2f432b0c8f7ffa78a52fc99bab685b2f669f3d3538d777e539fd0a3a189d
2023-03-21 15:50:35,True,0.09932,5.481e-05,766.597,0.042,0x34...9e9c,https://etherscan.io/tx/0x51f517484f800d08259519f167900bb4130c46b6400bd1dd35b09c2da8632ec0
2023-03-21 15:49:59,True,0.09931,5.479e-05,1991.81,0.1091,0x3b...1236,https://etherscan.io/tx/0xc39bacd2afd344b28c429855e3f18b8815ab7a2251d1aa1c26cd203cca7860be
2023-03-21 15:48:59,True,0.09928,5.477e-05,846.8,0.0463,0x69...562f,https://etherscan.io/tx/0x5a88ecfa87975cd5abd164adb499cb9683f7e2e4c63cc016266c97c0d55a588c
2023-03-21 15:46:35,True,0.09931,5.475e-05,2353.48,0.1288,0xe0...89a1,https://etherscan.io/tx/0x0e3d6a76f61acc54038343e20ec9a060b92cd888630e5f8aa9ab148974267cbf
2023-03-21 15:46:35,True,0.09928,5.473e-05,724.409,0.0396,0xdc...14e5,https://etherscan.io/tx/0xe28ccc5e87f7a4541431d9b8d5707400eec93f70f4096086bda2a8bf3e3cf243
2023-03-21 15:40:35,False,0.09866,5.446e-05,10048.0,0.5472,0x3a...a2b6,https://etherscan.io/tx/0x722aaf5a32004334add9946690079857ffa7a604790eb339bbd41f389f327a12
2023-03-21 15:37:23,True,0.09914,5.485e-05,1071.17,0.0587,0xb0...e3fe,https://etherscan.io/tx/0xe405220313f407dbc8bcae28bc93dafeec2175ea46daab6f8b0b9e01966d0a88
2023-03-21 15:35:47,False,0.09841,5.453e-05,2975.96,0.1622,0x7a...6d48,https://etherscan.io/tx/0x03d7601afba58fa511e45f5d90a9aed59190a33181610424a9c24e0f92822ae2
2023-03-21 15:35:11,False,0.09856,5.461e-05,10001.3,0.5462,0x02...0ad8,https://etherscan.io/tx/0xcff496ff818f3cbf5c2a4a1a0e0099d77956e859d762ae40e36794f3bdc77165
2023-03-21 15:30:35,True,0.0993,5.498e-05,4866.67,0.2675,0x78...1b28,https://etherscan.io/tx/0x3199e6994bd9f2379d326a033703107616804a66a93418f862a67168333e3e7c
2023-03-21 15:29:59,True,0.09923,5.494e-05,327.59,0.018,0x5e...c74f,https://etherscan.io/tx/0x5724172cbbc5cb700ab9fc024e0b227b913c7ab0980c85dcdeea8aa9b028db06
2023-03-21 15:28:59,False,0.09869,5.467e-05,8500.0,0.4647,0x88...b670,https://etherscan.io/tx/0x151393e1a61061485a310416b28e45b0a6f34c19164f41881fd59cf840ba7cc4
2023-03-21 15:28:23,True,0.09931,5.505e-05,99.129,0.0054,0xaf...ce4e,https://etherscan.io/tx/0x3e5cb82c66fe2a676fca4a1f24d68cae87b6a4d11c646aa76c33f05864ee022b
2023-03-21 15:25:35,False,0.09888,5.473e-05,1358.43,0.0743,0x45...ab12,https://etherscan.io/tx/0xf2245a73ca74b03bd9de196d580144bfa78a9bb93a2e60e86520e5c248acc765
2023-03-21 15:22:47,False,0.0992,5.476e-05,3265.75,0.1788,0x7a...6d48,https://etherscan.io/tx/0xa7088eff5f3b420ea3ffd4da57adff27c5a9a02d3927f1eea6695ff6005834c4
2023-03-21 15:22:23,True,0.09971,5.504e-05,9993.89,0.5501,0x06...8263,https://etherscan.io/tx/0x2c287bc208333763560e264f8836936b3bcf387b4cf3a2adba5881978d7d5671
2023-03-21 15:21:47,False,0.09924,5.477e-05,19188.1,1.05107,0xe2...dbaa,https://etherscan.io/tx/0xa1a0763146843b15fa03e88b38cdc301f800416d0ee2257dab07ddacd8d6008f
2023-03-21 15:20:47,True,0.1001,5.522e-05,1727.73,0.0954,0x67...eb0e,https://etherscan.io/tx/0x68e42b72f88abb2368a7d02633c3ca80eb4a09be3cc43271a46dce3a3127ecf4
2023-03-21 15:16:23,True,0.1,5.519e-05,1916.13,0.1057,0x79...0741,https://etherscan.io/tx/0x9f9913c251d01832715dda31ca919fd236f22dceb5d1ad84f6930b3d37f6d61d
2023-03-21 15:14:59,False,0.09948,5.491e-05,10000.0,0.5491,0x47...ffc0,https://etherscan.io/tx/0x6a2c189980e49acf6ead6228ee401f1fe71d7530e24bc456626266014df3146d
2023-03-21 15:14:47,True,0.1001,5.529e-05,2993.76,0.1655,0x4d...3d32,https://etherscan.io/tx/0x26570b91a0ebaa03c50f5af5e31b9a28fff5aa9401ac24ee6349556de2e58683
2023-03-21 15:14:35,True,0.1001,5.526e-05,1650.16,0.0912,0xd2...d1f6,https://etherscan.io/tx/0x89f017ca7849b40987bf03e89e9e55b607ae3913bf236675a51ee0b5b2166ce9
2023-03-21 15:12:47,False,0.09968,5.496e-05,6938.75,0.3814,0x7a...a819,https://etherscan.io/tx/0x097db51d4002a551c51c7c5e58ec8f55d138fbc67fcacd5b886d870a3617c8b5
2023-03-21 15:11:47,False,0.1,5.507e-05,10000.0,0.5507,0x2a...fd87,https://etherscan.io/tx/0xcf7aa076897624f09527ed15d3c0041597c73a0c899d922a268eb60d031cb15f
2023-03-21 15:09:23,True,0.1006,5.542e-05,7153.5,0.3965,0xc9...cb61,https://etherscan.io/tx/0x3eb8212277fa2f9672eb441b025738d4df0ee1d8d911379a149878ee4aff4cca
2023-03-21 15:09:11,True,0.1004,5.525e-05,19381.9,1.07093,0xe2...dbaa,https://etherscan.io/tx/0x9c38885944c18c9dc4b526e232131bfb3ea157e7ac9d4d5ebf0d45d682e1d6da
2023-03-21 15:04:11,False,0.09976,5.48e-05,1679.05,0.092,0x79...0741,https://etherscan.io/tx/0xe6743ff8fd37b8f589ac70e18f5c154800830681859939ce043dfea3f098566d
2023-03-21 15:03:11,True,0.1008,5.514e-05,246.42,0.0135,0x34...9e9c,https://etherscan.io/tx/0x6561e03bb09b4159e7d10386e590c4bd27e7480514b7e63ce5a6f6acea7cff62
2023-03-21 15:01:11,False,0.1004,5.494e-05,19194.9,1.05457,0x29...b5e8,https://etherscan.io/tx/0xfd1659fcea6ad5a9f1d45ea63260ff47e7cd966ef8d0fbb0827116a205be75aa
2023-03-21 15:00:47,False,0.1001,5.506e-05,800.0,0.044,0xa0...f674,https://etherscan.io/tx/0xf8adc2c04ac0548b1cc1d581f8302d494620b66b29bf38cc8195a327c6af8e21
2023-03-21 14:56:47,True,0.1006,5.539e-05,1263.58,0.07,0x2a...f6e2,https://etherscan.io/tx/0xf98242ce321e9b6a0ad55c6d8650545933a7b34c0108fcc0db236c655f3784e9
2023-03-21 14:56:35,True,0.1006,5.538e-05,411.624,0.0228,0x78...f63b,https://etherscan.io/tx/0xa147e4107e7b9707ec11ca3a850062f5c3136ef49e960df49dd52bb752a4cf0a
2023-03-21 14:55:47,False,0.09996,5.506e-05,2282.05,0.1256,0x3b...e14a,https://etherscan.io/tx/0x71d6238c74ab630e62fdb26f73eff3cfcc856a71290b1deed11e9ad5e205ecbe
2023-03-21 14:55:23,True,0.1004,5.541e-05,364.93,0.0202,0xf2...1065,https://etherscan.io/tx/0x2a1916a751d31cb15329586fe79496297859cc9eea462925257002b643915a93
2023-03-21 14:53:59,True,0.1003,5.538e-05,3289.02,0.1821,0x33...e4c9,https://etherscan.io/tx/0xf9c2e84885f19e9eba3b827767ac5e7e7a3222ac791a889da75715e9f54cf1e2
2023-03-21 14:53:47,True,0.1001,5.53e-05,9877.94,0.5462,0x59...586a,https://etherscan.io/tx/0x2a3505626fa50bcc145b2e287c7d342436e66cbad4d52ccde4a0af25ce10bd43
2023-03-21 14:52:59,False,0.09985,5.514e-05,37073.8,2.04453,0x12...52b2,https://etherscan.io/tx/0x158376f83fa3e1b587490b601349adf5c4ce7724a2480e01ae5227a7aef2cd3d
2023-03-21 14:51:47,True,0.1009,5.571e-05,1472.56,0.082,0x71...de97,https://etherscan.io/tx/0x7a3bb7f0f6d1e22b909b7fdf69c451e1d19b287d14573ace6b616b9374d8dd5b
2023-03-21 14:50:11,True,0.1007,5.568e-05,2900.63,0.1615,0x7d...e582,https://etherscan.io/tx/0x497721071808629a9261d997662bcd43320e4366de4ba4508cc01f95603b3356
2023-03-21 14:48:23,True,0.1007,5.566e-05,539.787,0.03,0x24...65fe,https://etherscan.io/tx/0x02006b144742a2499b20b05a356dad9895ed12e8b4032a401279bd13593a4907
2023-03-21 14:46:35,True,0.1003,5.561e-05,7129.93,0.3965,0x64...1232,https://etherscan.io/tx/0xfff4d93429ab76fe9cd65aa1bc921341eac0f36a81f3b08a616eedd95609325c
2023-03-21 14:43:59,True,0.1006,5.555e-05,802.87,0.0446,0x5d...e39b,https://etherscan.io/tx/0x1947e0911926e357d1d16020919b4f0ffdda088deee8768f1baa04796186472c
2023-03-21 14:43:59,False,0.1,5.524e-05,3072.58,0.1697,0x00...8d55,https://etherscan.io/tx/0x942bdee6794ccf7def92d97e015abd3e45c94982e27ceb959166affcb2002348
2023-03-21 14:40:47,True,0.1004,5.557e-05,2936.9,0.1632,0xf7...8480,https://etherscan.io/tx/0x62bdcb662b280042550f83522f3c97d5904732c045a725a59ce4712936651e8b
2023-03-21 14:39:23,False,0.1,5.524e-05,3500.0,0.1933,0xd8...61bf,https://etherscan.io/tx/0xfb4e01e85ca035ac8963cc696117976c29645ddbc691c62486e61c22349a344e
2023-03-21 14:37:47,False,0.1004,5.529e-05,3500.0,0.1935,0xd8...61bf,https://etherscan.io/tx/0xfd89bf41b408f91a1952a7805946d20da1ad90bd17c2a462502e262062265003
2023-03-21 14:36:35,True,0.101,5.561e-05,5255.88,0.2922,0x2a...4685,https://etherscan.io/tx/0xe3c668f0d15ca80a7fdf9e48c5d0711b95597d816e1962b99c27945f8fbf6c43
2023-03-21 14:35:59,True,0.1009,5.551e-05,9547.01,0.53,0x41...44f0,https://etherscan.io/tx/0xc725be42bc69b37365ae7c9f4b9a40ffc0fd2a6122c793d901da22c49ef47586
2023-03-21 14:34:47,False,0.1002,5.516e-05,6707.31,0.37,0xb6...69ad,https://etherscan.io/tx/0xa5cf63dbf89cf71cfd0236151ec7b07b9dae1efb5129d0c92aaa644f75da6a8c
2023-03-21 14:34:23,True,0.1008,5.55e-05,5357.65,0.2973,0xdf...e8a0,https://etherscan.io/tx/0x68ec09555c74e2fb3309e916a53982bd73e2b367b9f9c411bed5fe57cca41045
2023-03-21 14:32:11,False,0.1001,5.514e-05,1500.0,0.0827,0xbc...5407,https://etherscan.io/tx/0x9f35685b41e895666b85d0a77adbc60763680592a40ce5f6f9776fb5ac5c5f0c
2023-03-21 14:30:47,True,0.1006,5.547e-05,1625.92,0.0902,0x42...748e,https://etherscan.io/tx/0x0b086c4f33d3f70d556434b4d4ab6a7b25a227293086000c9b8dbabefaceba9f
2023-03-21 14:26:47,True,0.1004,5.545e-05,1985.7,0.1101,0xe4...ac03,https://etherscan.io/tx/0x11fbba5eea3ddb31c8c1c2e917894577ffbd84ae89cc3b84b92b495a1a376f3d
2023-03-21 14:26:35,True,0.1004,5.542e-05,3247.89,0.18,0x96...a24a,https://etherscan.io/tx/0xd801c4ef01d8b952b22b221a7357f9de3f30caefc800c25f8e07c45cbb5d72cd
2023-03-21 14:21:23,True,0.1003,5.539e-05,1163.19,0.0644,0x72...a6b3,https://etherscan.io/tx/0xc55f9dfa45b7d8f4814e81c56041a5446a1da31cffeb4c674445a06779bb50bc
2023-03-21 14:21:23,True,0.1003,5.538e-05,407.428,0.0225,0xeb...7d7f,https://etherscan.io/tx/0xb0e3f66eff5e3906d30b062a5f3777ca93f2a2359e3a9112a1841cde7829e738
2023-03-21 14:18:47,True,0.1001,5.537e-05,17.8995,9.912e-05,0x18...b506,https://etherscan.io/tx/0x748b43e06525d66bcfabfff4d2e2a768beb1e8f392bca5ac700c1f685a329c21
2023-03-21 14:18:11,True,0.1002,5.536e-05,2685.78,0.1486,0xb4...7ed4,https://etherscan.io/tx/0x286600b5dd30534343f52082de859d2e11e06134e45012615f214c0932361ce5
2023-03-21 14:17:11,False,0.09984,5.508e-05,11324.2,0.6238,0x03...c67f,https://etherscan.io/tx/0x047f35f2835587c4307e9bc1f3360d5e2f2bb21d4251a5205d93593a3a9e5f7b
2023-03-21 14:16:35,True,0.1005,5.548e-05,1518.64,0.0842,0x35...9f5c,https://etherscan.io/tx/0xd2ceb22d4dd2418f8cf316ca7bf59d9547a7d0cd47b503fb66fd1a3e391a5447
2023-03-21 14:15:47,True,0.1003,5.544e-05,3548.71,0.1967,0x28...c106,https://etherscan.io/tx/0x9ed80dbcdd3a471ce88afcdec417af2ffab0c590174a886dad119bb416468406
2023-03-21 14:12:35,True,0.1003,5.53e-05,18081.0,1.0,0x33...b6f1,https://etherscan.io/tx/0x5bf6d9339e39e708e1d50baf7da0cb88b78a2bc83579474a801517b112ae2b7a
2023-03-21 14:12:11,True,0.1001,5.517e-05,2155.87,0.1189,0xd1...f4e5,https://etherscan.io/tx/0x42b5511a4d8db87f0eab6898a03aec847c9f82533c6a76ac2676550f2fdd4f57
2023-03-21 14:10:59,False,0.09983,5.503e-05,31908.8,1.75617,0x17...272e,https://etherscan.io/tx/0x9a37b68d592161f0cb7f163cf5c4154eb719daea40cd116ebd44e226be5dc622
2023-03-21 14:10:11,True,0.1007,5.557e-05,713.487,0.0396,0x18...b506,https://etherscan.io/tx/0x50351bebed7d8673bd5fd882de46fab3be5b1459385511044f2dcbdc58d3c2e2
2023-03-21 14:09:35,True,0.1008,5.556e-05,553.036,0.0307,0x10...457d,https://etherscan.io/tx/0x649c2406a27ec15ffd43e67c3d5ece4414fcd7e4da94b14b2ecd120073f3b6d8
2023-03-21 14:07:59,True,0.1008,5.555e-05,639.073,0.0355,0xa6...4327,https://etherscan.io/tx/0xee125a1faa81d0092735b8e259ca8979c539a23ef91a8d25d2591cac731435da
2023-03-21 14:04:47,True,0.1005,5.555e-05,295.825,0.0164,0x81...f5c0,https://etherscan.io/tx/0xbe9e8aa11125ebc2ae0aeb30b081cffcae7f25038e5f182e5f21ee7d3eaab02c
2023-03-21 14:03:59,False,0.1001,5.534e-05,19838.4,1.09795,0xa2...fb83,https://etherscan.io/tx/0x97f437a49dc6139cf0fc210880979f47841dd543dd3c4958ab67e47979b091a6
2023-03-21 14:02:23,True,0.1009,5.58e-05,856.49,0.0477,0x81...a5d9,https://etherscan.io/tx/0x52b8e7278b166238744712d2fc78c044831e63436439fcde7ea01f56959130e1
2023-03-21 13:59:59,True,0.1007,5.578e-05,1776.89,0.0991,0x1e...99d3,https://etherscan.io/tx/0xfc5cc54de3adc40316195120df33e806ae7a9d3fb7c1fbfb11184acfe7e7a6ad
2023-03-21 13:59:11,True,0.1005,5.573e-05,5561.83,0.31,0x0c...1404,https://etherscan.io/tx/0xb5f4172dd283c1c9c9bd85ef4014a75ff2aa521191f735f09572a6d1bb993660
2023-03-21 13:57:35,True,0.1002,5.561e-05,12405.9,0.69,0xee...8509,https://etherscan.io/tx/0x4b4f1d2068376b1be30e6a08257551aa140b4fa13a28386b7996c5c04f0fb11a
2023-03-21 13:56:47,False,0.09976,5.532e-05,17856.3,0.9878,0x91...dc25,https://etherscan.io/tx/0x25c73c4383d24f981266d59ee6cbc6efc7c4be9f9fb3ed55cee6dac3f5294ff8
2023-03-21 13:56:23,False,0.1001,5.553e-05,14285.1,0.7932,0xc6...fed0,https://etherscan.io/tx/0x29cac6a16e731461b5fa6f7cfb90cf5f63307557bf5011aa11cd1e13bda0af54
2023-03-21 13:56:11,True,0.1009,5.595e-05,691.095,0.0386,0xae...dfda,https://etherscan.io/tx/0x3f62365b2f1f592df280860329067cf87035808ef1f2b2e4f797148b519baaf1
2023-03-21 13:55:59,True,0.1009,5.595e-05,88.8633,0.0049,0x56...5f18,https://etherscan.io/tx/0x6de55542cdaa421168ad00087ca6e879d07e83cee40f33dc0a8c5900e81a18c6
2023-03-21 13:53:23,False,0.1002,5.563e-05,3160.67,0.1758,0x1e...0eac,https://etherscan.io/tx/0xf60349b89a07c4b8be943b52181d2294bd6b993f8631efc7ed34683a7e12404d
2023-03-21 13:52:59,False,0.1001,5.567e-05,3257.72,0.1813,0x8c...437f,https://etherscan.io/tx/0xfec0363dde7c1f32e82a654acc357c385b991144817854b030dbde22a0fa81b8
2023-03-21 13:52:47,False,0.1004,5.589e-05,29618.7,1.65556,0x76...7d5e,https://etherscan.io/tx/0xbdf40927802e907e1e92b4c2add3092e0ec8fc4196e4a5406a791a56f3501fda
2023-03-21 13:52:35,True,0.1014,5.642e-05,567.111,0.032,0xcb...9056,https://etherscan.io/tx/0x009966aa646e550fe981e6d11fe719c5e7b6b8c08c58dcd33b30d5f3b33e12b0
2023-03-21 13:52:35,True,0.1013,5.641e-05,1656.14,0.0934,0xe3...f2be,https://etherscan.io/tx/0x63e4d0c526772e158b37e79d1eec5b2a2060b70de954b13513a973dbe1dd371a
2023-03-21 13:52:23,True,0.1014,5.636e-05,4877.09,0.2749,0x24...c558,https://etherscan.io/tx/0xc2248b3478ca62d6ebc804d11c432ba3b2afbd9db608f1301408fd6d530bb296
2023-03-21 13:51:47,True,0.1011,5.622e-05,16897.5,0.95,0x00...91dc,https://etherscan.io/tx/0x64ca4aa122a789556b0b718e67a8c0b375f9224d653ada04db3eda16bda42e27
2023-03-21 13:48:47,False,0.1003,5.59e-05,20000.0,1.11811,0xa6...54bb,https://etherscan.io/tx/0x411508850ef975b35c887f0465b19e9df3194aa87d15741c7dcc23d865bf9517
2023-03-21 13:48:35,True,0.1008,5.621e-05,23486.8,1.32038,0x38...da27,https://etherscan.io/tx/0xd7fa731a796d49510a0993ef6313c33aa6a4ee0b6244e696d246b60cd49cb292
2023-03-21 13:47:47,False,0.09976,5.573e-05,1100.0,0.0613,0x83...5ab6,https://etherscan.io/tx/0x31cc7d37b88397a03193a41153ae903638a8729a5079ff1116c244a69667ac25
2023-03-21 13:47:23,True,0.1003,5.607e-05,781.03,0.0437,0x7c...a47d,https://etherscan.io/tx/0xb0f763011fc9d53b333f6be4b00292f451475e6c253d2e3c0c285aece7b2f8b6
2023-03-21 13:46:23,False,0.1001,5.59e-05,26908.4,1.5044,0xa5...fd16,https://etherscan.io/tx/0x31008f04a9d511e2fa34115aba10927aa4c3bf8a3d3d9957ad38e6da7a99c8df
2023-03-21 13:44:11,True,0.1006,5.639e-05,5018.68,0.283,0x9f...287a,https://etherscan.io/tx/0xd3b6b313bb1ba16486200ac9c9d72b4cfb059f14246b96c9e5fac1a5ca9abfe7
2023-03-21 13:43:59,True,0.1005,5.635e-05,599.592,0.0337,0x6b...e395,https://etherscan.io/tx/0x8e5a7275ced2fc99a25db4b8c51c6257496a28460ae6f936fd1ac60407af8231
2023-03-21 13:43:23,False,0.09996,5.617e-05,24102.9,1.35393,0x58...f78a,https://etherscan.io/tx/0x7c6cb6e9bd526d4cf0955f384f508738a820b66bb4bae6b6c910bef23723f806
2023-03-21 13:42:35,True,0.1007,5.667e-05,349.827,0.0198,0x0a...2e4e,https://etherscan.io/tx/0xff387f8c3a3ad6fcdb27a9bf196583d654084b2e562f403959a3f2465a917cca
2023-03-21 13:40:59,True,0.1006,5.666e-05,699.742,0.0396,0x41...feb1,https://etherscan.io/tx/0x89ef856ee8afa8ad43f47cb3425b0f47866cab8ada86107542a920fd7a461e72
2023-03-21 13:38:47,True,0.1004,5.664e-05,1487.34,0.0842,0x25...6502,https://etherscan.io/tx/0xfe16ffcf011d8962f82d9341c326c06da3e352fecee4bdd2f04a040c4e4bf8c4
2023-03-21 13:37:59,False,0.09989,5.636e-05,9999.92,0.5636,0xbf...9a66,https://etherscan.io/tx/0x6da692d7cf6ccd5c31430714cbb5f33a1e5826b4eb07721d79eb64c86fae73c3
2023-03-21 13:36:59,True,0.1004,5.676e-05,1132.22,0.0642,0xf4...2665,https://etherscan.io/tx/0xc88579d3966b47aeb06a0ddb3eb17f86a2621918145fe0955dea13ddfc04f9fb
2023-03-21 13:35:23,True,0.1004,5.672e-05,5502.38,0.3121,0x67...c1fa,https://etherscan.io/tx/0x438bbd08ec3ef20b15c3719a8c1f6226b2fd5ba960324fa5d13e73d3dcf8953f
2023-03-21 13:32:35,True,0.09987,5.656e-05,18178.6,1.0282,0x7d...65a3,https://etherscan.io/tx/0xc406ff0e017f273dfad4e391d65da28a014293c11b8b8c9c17039c1ad25d02bd
2023-03-21 13:31:59,False,0.09922,5.619e-05,13788.0,0.7747,0xc6...fed0,https://etherscan.io/tx/0x350828a921ffdb36c11519a149f4ad1e5fd9dff1f7f5ca450788c0250cd87cc4
2023-03-21 13:30:47,True,0.09976,5.652e-05,15018.6,0.8488,0x36...e684,https://etherscan.io/tx/0xac6a89f26fd9f1900de727beefb6351d0306efea321cf8ff2eafb70d35faeed4
2023-03-21 13:28:47,True,0.09961,5.641e-05,1310.67,0.0739,0xfa...166a,https://etherscan.io/tx/0xf0c1726f931a137a0f6c0982bbc9ce363c39a2d8bca13964d844c578f2ead950
2023-03-21 13:28:35,False,0.09936,5.627e-05,30975.9,1.74312,0x97...0896,https://etherscan.io/tx/0x2346a970fb6f9a02004f3443dfccb3a08ddc4dc1308defa5c78757ba13275bec
2023-03-21 13:27:59,True,0.1003,5.68e-05,1919.4,0.109,0x3c...76a0,https://etherscan.io/tx/0xff27d1580cffc0a60c38476f3f5cc608fd2a667cb8c8e2ed78060d60db981259
2023-03-21 13:27:23,False,0.09954,5.647e-05,2530.49,0.1429,0x76...7d5e,https://etherscan.io/tx/0xd9fef2cb8e97e173b9f52349ada2a5164f4607aaf7f77ab7f7cf88c34c5fa83b
2023-03-21 13:24:23,True,0.09998,5.682e-05,531.343,0.0301,0x2e...f345,https://etherscan.io/tx/0x433448028d8a513f65930f46ed752cd8af134a4e8784e412911cb5e873686d64
2023-03-21 13:24:11,True,0.09995,5.681e-05,1570.32,0.0892,0xa6...fbaa,https://etherscan.io/tx/0x6349530d3cc83d7ca9e785cb96a7466dd2b2db89250688541a6d8a37fced222d
2023-03-21 13:21:59,True,0.1,5.679e-05,414.106,0.0235,0x34...9e9c,https://etherscan.io/tx/0xece746dfaa56aae582df5e682c27da3bf654e484bb94b39d0ea2d6f062273aca
2023-03-21 13:21:59,False,0.0995,5.649e-05,6250.25,0.3531,0xc2...c228,https://etherscan.io/tx/0x079e6d5bfe90dc9678de8d42ced523c7c88c84ec7afa82eca0a1bbda20f06251
2023-03-21 13:21:11,False,0.09957,5.654e-05,1227.17,0.0693,0x1c...0220,https://etherscan.io/tx/0x753b2fabfe31c72b6cdae12533e30fc475df1768fcf88de741622f037971184c
2023-03-21 13:21:11,True,0.1001,5.689e-05,527.305,0.03,0xa2...41d3,https://etherscan.io/tx/0x95d7afe4844215b968b1ce80a683528b38e2ed57771795eca52ecd613c333de9
2023-03-21 13:20:59,True,0.09985,5.667e-05,31760.7,1.8,0x33...71e7,https://etherscan.io/tx/0x49d59d2bdd5ab31dc3f63dc30e8120da5b21111709ca756b99626730c8948a7f
2023-03-21 13:20:59,True,0.09935,5.639e-05,10000.0,0.5639,0x59...805d,https://etherscan.io/tx/0x5fb0ee5f6c8eb6893ea14ebfc3ede849b94b1c721e8a1d49611573bcca3354b9
2023-03-21 13:20:59,True,0.0992,5.63e-05,2568.0,0.1446,0x86...9197,https://etherscan.io/tx/0xb5b630578b9994ecfa50895ad96a8162d461e6858fd95d737dde0f6d4da845b2
2023-03-21 13:20:35,True,0.09913,5.626e-05,3439.18,0.1935,0xab...a23a,https://etherscan.io/tx/0x715a39cdfd59540ee006f45db2de39ae0e7444721107e064d5ba572e7450329a
2023-03-21 13:20:23,False,0.09872,5.604e-05,20000.0,1.12082,0xef...5331,https://etherscan.io/tx/0x8da94c176b1a4b1e4a67b0f27bd6088fc0ccf5509dd236452b2384e4605fe0e4
2023-03-21 13:19:59,True,0.09937,5.642e-05,12436.5,0.7017,0xc9...0607,https://etherscan.io/tx/0xf6bc2860013a28df598c63086b381d29154b07fede0fc0373278cc2d7b521fcb
2023-03-21 13:19:47,True,0.09918,5.632e-05,2981.38,0.1679,0x93...b122,https://etherscan.io/tx/0x7a302df3717d43c33c4e72aefd29dcb7b02a3cc1d53fdb7e2095325586eb3850
2023-03-21 13:19:35,True,0.09919,5.629e-05,2359.66,0.1328,0x8c...d4ee,https://etherscan.io/tx/0xdcde4e229438eaf4d90d4da9fdab97fd97cd6885c6bf8d9ff5925ad8345b04c4
2023-03-21 13:19:23,True,0.09914,5.626e-05,1777.4,0.1,0xda...c9f6,https://etherscan.io/tx/0xe183cc230f218e41ea24f433678c01d99a83cc99e4a7ffb1459f9dfca4a9e4d7
