datetime,buy_order,price_USD,price_native,amount_token,total_native,maker,etherscan_url
2023-03-30 19:17:35,True,0.09325,5.222e-05,445.881,0.0232,0x75...c6f4,https://etherscan.io/tx/0x57e0805d7a24b89735520a9417c35bd5f1b070b723d33cd424e50a31daec1acb
2023-03-30 19:14:47,False,0.09277,5.192e-05,3500.0,0.1817,0x06...2bec,https://etherscan.io/tx/0xd2ed577976670a7ff17371700305c27ca6ddbf965a2d674dedac521702694ee3
2023-03-30 19:13:11,False,0.09287,5.198e-05,6000.0,0.3119,0x42...cf69,https://etherscan.io/tx/0x5a8b1c1e23c7e2316b51d2644ebe90d001e5825e32333d1500f8410b467ad011
2023-03-30 19:10:59,True,0.09348,5.232e-05,738.768,0.0386,0x72...0f0e,https://etherscan.io/tx/0x6a553bfc88cfaeb197303d719e38441eabb2f93493c61760ab7d81aa4b02a774
2023-03-30 19:08:47,False,0.09301,5.206e-05,9284.26,0.4833,0x76...7d5e,https://etherscan.io/tx/0x25f18f7fea0a4258fafa5f72c0659964c069dde352388125d5d68f32cee929f4
2023-03-30 19:08:23,False,0.09322,5.217e-05,10000.0,0.5217,0xa4...bf87,https://etherscan.io/tx/0x7498209e280cff862816a936dbbdb71d92186b7f7e68acff048a433098797333
2023-03-30 19:08:11,False,0.09342,5.229e-05,9403.02,0.4917,0xd0...5b64,https://etherscan.io/tx/0x41446bd41d327ec4b4c2b42d8cfcde5ff91bf6145bbe3669544d0aecc2da7d5d
2023-03-30 19:08:11,True,0.09335,5.225e-05,68947.8,3.60286,0x55...1919,https://etherscan.io/tx/0x1a52d67c22597fc8f5c23c4777eceaad9b98c1fe881530f5adf063a1f6b06499
2023-03-30 19:05:35,True,0.09221,5.162e-05,38732.4,1.99949,0xc6...fed0,https://etherscan.io/tx/0x64f14ff1cb4dc1209237e305e07b8ebbf3bb7af4ae09263ab8277744d9fb32a6
2023-03-30 18:59:35,False,0.09136,5.116e-05,12000.0,0.6139,0x13...beb5,https://etherscan.io/tx/0xbdd85be3cc0c9d37c68d8468d51b9b1b1f73bfc1c7086e1acd9821573ae2b523
2023-03-30 18:59:11,True,0.092,5.151e-05,3727.86,0.192,0x25...9c68,https://etherscan.io/tx/0xf139fedfa19f5ca16054e18981b01790296ba11d4d368c68244388fc44ed78ac
2023-03-30 18:58:59,True,0.09196,5.149e-05,808.064,0.0416,0x6a...ff6e,https://etherscan.io/tx/0xa04518f2b8145a0eeeeae42b666a0f683e5fc6d8ab77dab2b80b075c1e43622d
2023-03-30 18:55:59,True,0.09184,5.142e-05,10888.2,0.5598,0x95...f6e3,https://etherscan.io/tx/0x7fcdbf4ef01eac56e5bc14864633edd7e46ca252874270a18d53637cc1fafc0f
2023-03-30 18:52:47,True,0.09165,5.132e-05,5793.89,0.2973,0xf3...fdac,https://etherscan.io/tx/0xc85fe2d87abc2ca4a2624fa396553fd80ccad59dc8d9b711e5f0c39515282213
2023-03-30 18:51:47,False,0.09112,5.102e-05,6985.0,0.3564,0x2b...c75b,https://etherscan.io/tx/0xea46e40ee02ca502de2e5dff76e3b1f6cb5aa0b010e7a8189645bb7cf1eb946f
2023-03-30 18:49:35,False,0.09133,5.114e-05,13443.8,0.6875,0x76...7d5e,https://etherscan.io/tx/0x0648b2f0b7384b2c3bf30877ad7c3bd57e15d3d923286aa63a23c2a8933b7d8b
2023-03-30 18:49:35,False,0.09149,5.122e-05,1283.06,0.0657,0x76...7d5e,https://etherscan.io/tx/0x0648b2f0b7384b2c3bf30877ad7c3bd57e15d3d923286aa63a23c2a8933b7d8b
2023-03-30 18:47:35,False,0.09164,5.132e-05,14989.1,0.7692,0xda...4bb1,https://etherscan.io/tx/0x7d1f838f1946046b256b3d14dd5560f299eb77ca1458f14149a1759d3d2484b9
2023-03-30 18:47:23,False,0.09182,5.14e-05,419.703,0.0215,0xb7...acf6,https://etherscan.io/tx/0x098060650cd44ba0c98639bf470fbfe1c29e98fe51b0334f8168823d4475fa9f
2023-03-30 18:47:23,True,0.0914,5.117e-05,94803.4,4.85143,0x97...aa4a,https://etherscan.io/tx/0x0bfa043f80768a768397592b2111592de1221e25694877f02d1e3321f4b75ab6
2023-03-30 18:44:23,True,0.09048,5.062e-05,1863.79,0.0943,0x00...d4ea,https://etherscan.io/tx/0xa9f95faddd234d59294af7bfff5e4107abceb8680443e8bd489c2b25ab84e891
2023-03-30 18:43:59,True,0.09044,5.06e-05,2135.25,0.108,0x92...de0b,https://etherscan.io/tx/0x634c141cd67496aaca73305a3f7cbec3d8abf3a61463fc3a76f54daa397d236d
2023-03-30 18:43:23,True,0.09031,5.052e-05,10990.4,0.5553,0xf1...2b90,https://etherscan.io/tx/0x4eff3a5e5eeffa5b531f2579076ca44563960cdb803d2cf96070f58c6b647f21
2023-03-30 18:42:47,True,0.09007,5.037e-05,15402.4,0.7759,0xc6...fed0,https://etherscan.io/tx/0x7461a68dce7c046e22f06a3bac68429a665621f7a2ff3a1b7139af95b64ede9e
2023-03-30 18:39:23,True,0.08987,5.027e-05,3184.23,0.16,0x98...b17d,https://etherscan.io/tx/0xa3f8fef30410f45a1a598c9cf6fb2e659859d7ce91bc621a7abfc43bd3c120fd
2023-03-30 18:37:59,True,0.08979,5.023e-05,3946.48,0.1982,0xc0...413b,https://etherscan.io/tx/0xc477d1d860045247f4ddf9402092ddbdf3bad8ed55e6fc39a9ad238839f14574
2023-03-30 18:34:23,False,0.08927,4.991e-05,686.0,0.0342,0xf0...870f,https://etherscan.io/tx/0x38d837c9bcdbae55f2f2b250c547ffd04d42362e9ddc261fd252dd250551853a
2023-03-30 18:33:23,False,0.08959,5.009e-05,32120.6,1.60917,0x31...5fa9,https://etherscan.io/tx/0xf7689fce456886edac387a9abe1ab4853323a3928b4edf1ec043097899b84d4b
2023-03-30 18:32:47,True,0.09044,5.057e-05,740.864,0.0374,0x3c...2450,https://etherscan.io/tx/0xd34c8a99d53df1c8faad582011d6fe74055123e75c21c8ffacb01a4de1e608fc
2023-03-30 18:31:47,True,0.09043,5.056e-05,603.0,0.0304,0xb7...336f,https://etherscan.io/tx/0xe9f29cd586ed1c2bfdd13ceb360d07e9582994cd97d8151f022675eca54cc1fd
2023-03-30 18:26:47,False,0.08982,5.031e-05,10000.0,0.5031,0x63...809f,https://etherscan.io/tx/0x2fa391809ed91f50b02cd7e69c98ecc92792b4a59328a19070843b34605c0bdc
2023-03-30 18:23:23,False,0.09003,5.042e-05,9336.69,0.4708,0xca...3ff0,https://etherscan.io/tx/0x9631552786ac88ca9fc984103ff2ede2c2fae4ba94dcb0c046f075da8f8402df
2023-03-30 18:22:35,False,0.09025,5.051e-05,7000.0,0.3536,0xad...18e4,https://etherscan.io/tx/0x1ae18da6823e6ccf0103a436a84e1479da45b209d2fd8d33faf1b99cc172aac2
2023-03-30 18:21:23,False,0.09061,5.062e-05,12555.0,0.6356,0xc6...fed0,https://etherscan.io/tx/0x4681573e88311763c3dfbc7a261fac42212eb3b7245c6ddd8209bc58dc881484
2023-03-30 18:20:11,False,0.09049,5.077e-05,13950.0,0.7083,0x2e...f345,https://etherscan.io/tx/0xaf44df825cedc513c8a44a4806b9097ccf2597a073d8a4dac2ba4840f9aa000d
2023-03-30 18:18:59,False,0.0909,5.095e-05,17100.0,0.8713,0xc6...fed0,https://etherscan.io/tx/0x518f81753aaec91f2c6398593c312ee26f9d3dbc5cb543da41c53372ae03ca2f
2023-03-30 18:17:47,True,0.09156,5.135e-05,193.009,0.0099,0xc0...7aa1,https://etherscan.io/tx/0x3f7e25bbb2a457db9b818056ff19089145f64635440aaaf0a6ba122080704633
2023-03-30 18:17:11,False,0.09106,5.108e-05,5489.22,0.2803,0xd7...a3b2,https://etherscan.io/tx/0xef74dc7b45739553ed01dc67eee3362e8de5db01cbe364dc1864634dee375b7e
2023-03-30 18:16:35,True,0.09135,5.124e-05,30710.7,1.5737,0xd7...13f6,https://etherscan.io/tx/0x3c249059ad96b4741389b607191117068e7c566fb2609adf42e0140df12b4ad9
2023-03-30 18:16:11,True,0.09103,5.106e-05,873.572,0.0446,0xe8...f8f5,https://etherscan.io/tx/0x0953ac897d4b23a4c68ebc7b02a12e21d2c606a93ed72361368bea3bddd88f72
2023-03-30 18:14:59,True,0.09096,5.102e-05,5555.0,0.2834,0x7d...42eb,https://etherscan.io/tx/0x5014669757ef9f8da5dc224f76f51c539efa7281182461955b8db9f5d0140a85
2023-03-30 18:11:59,False,0.09046,5.07e-05,2773.89,0.1406,0x4c...9710,https://etherscan.io/tx/0xb6df00998bd02dff7151c9c501b9be8b600a7511762e3b2ffd59af3ed9093f2a
2023-03-30 18:10:59,False,0.0905,5.072e-05,1537.82,0.078,0x1b...ea67,https://etherscan.io/tx/0xd1cf6d1f2cfaf9cb408c72a9294e2c31248544d968ae776007ae7910ac5f1696
2023-03-30 18:06:47,False,0.09043,5.074e-05,1195.17,0.0606,0x51...67eb,https://etherscan.io/tx/0x1b2f71c4ab2eabf70371aca55fde6c65e7ea272d9cf50e298b370a0d9e32ceac
2023-03-30 18:06:47,True,0.08982,5.039e-05,116455.0,5.8691,0xfd...455a,https://etherscan.io/tx/0xba00a26b72bd8176319686ec42cf06aedd30e32ad925d8beb6c401f2e5106a46
2023-03-30 17:59:47,True,0.08886,4.968e-05,11625.7,0.5776,0xbb...c1bb,https://etherscan.io/tx/0x466cb3aca8d49a34f36f3bb748b9e987d97f00df8732a96a10d00152baaeaeb2
2023-03-30 17:59:23,True,0.08868,4.961e-05,1698.25,0.0842,0x25...74a3,https://etherscan.io/tx/0xbf7bdf8b6dfa6ec2ffd83bcf101a3f861ec5329309e6525296544292b5496e0b
2023-03-30 17:55:59,True,0.08857,4.959e-05,2696.13,0.1337,0x81...441c,https://etherscan.io/tx/0xe7b6a6b4c3f87f4494363d33dd4e09c5f0eff91ca7a184b77169878dd823f0bc
2023-03-30 17:49:23,False,0.08815,4.928e-05,1900.0,0.0936,0x18...263b,https://etherscan.io/tx/0x398bc54482d821fea525def7da1127a8f644ba62ce3257adb53591f6c969f06b
2023-03-30 17:47:59,True,0.08859,4.954e-05,10092.8,0.5,0x25...922c,https://etherscan.io/tx/0x59cb5d5e863307f62e0793e49ddeccfadddfddcd4c609af82ff4338a941f716d
2023-03-30 17:47:35,True,0.08845,4.943e-05,10026.7,0.4956,0x93...e302,https://etherscan.io/tx/0x081c621ba7cc5400907c5af0aab1213b0c069c4408a58222bc3fb1b8939904b0
2023-03-30 17:41:35,True,0.08832,4.937e-05,863.327,0.0426,0xb8...5d37,https://etherscan.io/tx/0xa6b86d3894e6211bb99041714497358928a1ce5032e7b3551c1b4b8e6894ef7e
2023-03-30 17:39:59,True,0.0883,4.936e-05,1005.0,0.0496,0x98...17b8,https://etherscan.io/tx/0xf04d41373b06639fb416f9f0fdcfbc99cfd7a08936ba9753dffcb30a38e9ddb9
2023-03-30 17:37:47,False,0.08793,4.912e-05,12000.0,0.5895,0x39...35fc,https://etherscan.io/tx/0x0068877e546a129ae3453a7405f526bae85cfb7b2bf548b997de9b428a7909a2
2023-03-30 17:36:35,True,0.08855,4.947e-05,3005.63,0.1486,0xa7...5d21,https://etherscan.io/tx/0x400592c89f5e71a532042dc144f5548da80e1763750eaf1124480b6e6e78b234
2023-03-30 17:27:59,True,0.08843,4.945e-05,500.129,0.0247,0xef...fcce,https://etherscan.io/tx/0xab41125a025a16e19e66f5386c41945c495b932baeffa666151b5f49db60b11e
2023-03-30 17:27:47,True,0.0884,4.943e-05,2606.78,0.1288,0x1e...1cf8,https://etherscan.io/tx/0x19f03a43ea60fcf836f3215e5ade6520dd82cbc4d14f359b4b4f1fb18ef05b01
2023-03-30 17:26:35,False,0.08807,4.915e-05,6123.81,0.301,0x85...ae22,https://etherscan.io/tx/0xdc972bca5bab434b9365e70a85b7f206d25f00c6fd72599b8c20c9681dad1317
2023-03-30 17:21:23,False,0.08827,4.921e-05,5000.0,0.246,0x8f...1ed2,https://etherscan.io/tx/0xd36cd282c185c49191d3de1c45fa08dfdefbfd58f5058be69296c6f3240e8aaf
2023-03-30 17:21:23,False,0.08835,4.926e-05,2999.99,0.1477,0x3e...6c30,https://etherscan.io/tx/0x3eabfcba528eaea86217a892d9a23b0973b4c4639511dad95bb73e0e50529aec
2023-03-30 17:18:23,True,0.08887,4.957e-05,459.925,0.0228,0x9d...61b5,https://etherscan.io/tx/0x6604bd2a2e0a21e38259e2bed3c6e3dccf53c02148bebe0f4222cce6028cf449
2023-03-30 17:17:47,False,0.08834,4.928e-05,2000.0,0.0985,0x88...76ab,https://etherscan.io/tx/0x624a822b13f7c744ae46693d77c1d03c67560627db257dc68779e8d588134ef1
2023-03-30 17:13:35,True,0.08895,4.958e-05,500.751,0.0248,0xef...fcce,https://etherscan.io/tx/0xc0b8bcc00061fa713ec2b92753ae8163bddfdb0fb1a8844d6f2272d0ddb38005
2023-03-30 17:08:47,True,0.0889,4.954e-05,7042.36,0.3489,0xe2...6851,https://etherscan.io/tx/0x4080c01408913797731d252c9cbe65b1e22720a41e7845cf2fc9df7f9a28728d
2023-03-30 17:08:47,True,0.08796,4.902e-05,90065.2,4.415,0xb0...5784,https://etherscan.io/tx/0x89a3bdd999b60d1288e2faae117b06ac8b347a2c8069b8435af05f80456f8374
2023-03-30 17:08:11,True,0.08709,4.853e-05,575.74,0.0279,0x25...ab0f,https://etherscan.io/tx/0xd5589378d8fdab8070da669b4c670271886bf39f44968d683c5a072bc11e70e3
2023-03-30 17:07:35,False,0.08658,4.825e-05,2000.0,0.0965,0x8f...1ed2,https://etherscan.io/tx/0x43825e61e4c7819770176f3ec6fa0bc6772e9212b4e137c4a6868824c4abd352
2023-03-30 16:57:11,True,0.08708,4.855e-05,204.159,0.0099,0x76...eb38,https://etherscan.io/tx/0xe647cede11a867529c6e024abb9b6077e3f53e9bc79f0e3e0863ea7612d98aa2
2023-03-30 16:54:23,True,0.08704,4.854e-05,2246.35,0.109,0x3d...d180,https://etherscan.io/tx/0xccfb5a9f157133d95d96a200f48288e26673faf63ba88426d84ada0b5a2c32e6
2023-03-30 16:53:59,True,0.08702,4.852e-05,706.346,0.0342,0x0c...bfae,https://etherscan.io/tx/0x2007ddf12ee181a210c3962e32e2d95a12788c6db323977cec45574a970c2c72
2023-03-30 16:53:23,True,0.087,4.851e-05,515.276,0.025,0x81...441c,https://etherscan.io/tx/0x2a5357dbd7692b50721b7f02d88ccc6fbc5b98ce9aae076f80e45c5c019e4cc5
2023-03-30 16:52:47,False,0.08682,4.841e-05,36000.0,1.74291,0x8b...2a7e,https://etherscan.io/tx/0xbc0ddd7d9ab54c32bb45825506a7acdeec6283121aaec947730b6a2b82d5e4dc
2023-03-30 16:48:47,True,0.08772,4.888e-05,1824.85,0.0892,0xc0...60aa,https://etherscan.io/tx/0xcf03896883b53d6c2be451c7f0e5a3b54a72553c459d6d721412babce722f9bf
2023-03-30 16:44:47,False,0.08718,4.858e-05,500.0,0.0242,0xae...8ae5,https://etherscan.io/tx/0x41532b39f23368ce0c174e50e308dce2ee81cf47354731109e3db549f0d84ddc
2023-03-30 16:43:47,False,0.0872,4.859e-05,1000.0,0.0486,0xb6...3c74,https://etherscan.io/tx/0xede9ae038589d704eda3e40adaa6aa4febc62fc8ec9acb84e9f39c5b4546cfd3
2023-03-30 16:34:59,False,0.08725,4.865e-05,10000.0,0.4865,0xb6...3c74,https://etherscan.io/tx/0xac65ba2f0b7b80950282db43cdb0ebb82a23b76d0968fac2a30865a54d76d8d6
2023-03-30 16:26:35,False,0.08733,4.872e-05,2500.0,0.1218,0x74...297e,https://etherscan.io/tx/0x011515024bab26ee1fffcfab7577bc622c7e94c666d0d79536643fc71287bb2d
2023-03-30 16:26:11,False,0.08737,4.874e-05,1500.0,0.0731,0x2f...2c53,https://etherscan.io/tx/0x08f0f06e59957da0934c4b721bf68a88f060c6fa85f5ddb013f6374f711d3a40
2023-03-30 16:24:11,True,0.08796,4.903e-05,1819.41,0.0892,0x95...5ae4,https://etherscan.io/tx/0x91fb0f189fcc3657ee083585c8acaa2c1605025c9d97fe1ad8eb1c87820b2715
2023-03-30 16:23:23,True,0.08804,4.902e-05,407.981,0.02,0x8d...5caa,https://etherscan.io/tx/0x2ffb38a094dbd9fdf050b57389d684546f42b3efefd7c92520107fc86a87a91a
2023-03-30 16:23:23,True,0.08803,4.901e-05,614.737,0.0301,0x33...e004,https://etherscan.io/tx/0xc9d0b81941d04c4ae4f6b4afa56ee402561de0bace2b551abb614421e82ebb16
2023-03-30 16:21:47,True,0.08803,4.9e-05,1014.12,0.0497,0x2a...fa7b,https://etherscan.io/tx/0x4bef98d86eef41f35bbcdd7d564570097f103035c35dd9a5e5cf70ed01ef8932
2023-03-30 16:20:47,True,0.08786,4.897e-05,4284.34,0.2098,0x79...56ee,https://etherscan.io/tx/0xa3826dcdb0cf569dc79f29dbfe4dabebd759c0a072a315db202eed15c3bec203
2023-03-30 16:17:35,False,0.0878,4.898e-05,60000.1,2.93908,0xf6...68eb,https://etherscan.io/tx/0x73212f48e89ada1cdedc34e280e1b5525f392e4791e6d5768582de132a032f0e
2023-03-30 16:14:59,True,0.08876,4.959e-05,2225.64,0.1103,0xe7...1772,https://etherscan.io/tx/0x7c311fa12889cf1a97654cb8e98e2be7ce89ab405249e290d7e420cfe93e107f
2023-03-30 16:13:35,True,0.08859,4.949e-05,15360.7,0.7603,0x7f...36f8,https://etherscan.io/tx/0x865529b9e9423b2bbf42affb335c26b0746904ca99d42c76e5f045deff02cfbb
2023-03-30 16:12:59,True,0.08827,4.936e-05,8031.37,0.3965,0xd1...6c7b,https://etherscan.io/tx/0xa4e0c57393462c1bf70127892ac5a2656ba8c822abfb62e24c9f90271f00f1f3
2023-03-30 16:02:59,True,0.08834,4.926e-05,10676.4,0.526,0x68...b75e,https://etherscan.io/tx/0x4087218ab9f38d272d5579be4954e9ec33acd9558ef607ed6bb296718ae59651
2023-03-30 16:01:35,True,0.08844,4.92e-05,1138.13,0.056,0x0c...dc8b,https://etherscan.io/tx/0x7a774c3cc21e1ee300d36ee0ac4c35cce12091030218a706588112ba6b1565d8
2023-03-30 15:59:11,True,0.08838,4.913e-05,10993.1,0.5401,0x76...7d5e,https://etherscan.io/tx/0xeb8024e27a155f8ec5306f7d6343d7c8d8709443cf4ad1a3ae40bab6e9676d84
2023-03-30 15:48:11,True,0.08828,4.905e-05,5233.99,0.2567,0xde...3b60,https://etherscan.io/tx/0x2afca93f33e0a2de3fd869574156cca76058dbb22dc9790f9fbcd391b26c198f
2023-03-30 15:44:47,True,0.0882,4.9e-05,3459.0,0.1695,0x22...8d6b,https://etherscan.io/tx/0x21dca884e64895b945a3ac8d6aaa681ff25da1742b21616c02483f3780a6b604
2023-03-30 15:39:23,False,0.08785,4.881e-05,23123.1,1.12876,0x40...c898,https://etherscan.io/tx/0x2c309c8d9fe1ce0c37d13e8449864ac3fcc32908907b86120a46f17d58eed0c9
2023-03-30 15:37:23,True,0.08863,4.921e-05,4028.49,0.1982,0x89...894c,https://etherscan.io/tx/0x2dbed5783fb1bf064a06bb94f9fac2cf2fe5a2bed97ca30395fff4187c5e04d0
2023-03-30 15:36:11,True,0.08855,4.913e-05,10915.0,0.5362,0x49...c18d,https://etherscan.io/tx/0x371b0b58c2fdbba3e47e268243d82321b2ef9fe5c56b42d5dd8df411bb961257
2023-03-30 15:32:47,False,0.08802,4.884e-05,12966.0,0.6333,0xdf...ef04,https://etherscan.io/tx/0x908122d567daf85b171bb1d79e4b0a7178587d015081bd576431c9b5183e6564
2023-03-30 15:32:11,False,0.08817,4.893e-05,2500.0,0.1223,0x79...559c,https://etherscan.io/tx/0x2e408d20ab8ca856999ec27c90ea7dff54474271889a1773674056408cdfed32
2023-03-30 15:29:59,True,0.08872,4.922e-05,1776.42,0.0874,0x61...30d1,https://etherscan.io/tx/0xf963c2ce9a302194ef9855a0857feb0dd57c0df85ebd2f623449c1a3ba7a0e72
2023-03-30 15:28:47,True,0.08862,4.919e-05,4390.61,0.216,0x93...0863,https://etherscan.io/tx/0x4df08762af3cbfd26f850a3ef6e9727e7318f406a9f1bd60cf75f6369fdbafb7
2023-03-30 15:27:35,True,0.0886,4.916e-05,604.802,0.0297,0xfd...5e97,https://etherscan.io/tx/0xbb599ad46ae56310c1c7558a7e736efe8110e75dd687c5fb4d78ecae019c2687
2023-03-30 15:26:35,True,0.08858,4.915e-05,2258.64,0.111,0x89...1b52,https://etherscan.io/tx/0x79492a1aeee4f217d2296c22e0a3e44a113676fe9e183e1eb0bfda2463ba8730
2023-03-30 15:25:35,True,0.08854,4.913e-05,383.589,0.0188,0xcc...0c4a,https://etherscan.io/tx/0x916fac91f3ccef9f224672457e3629c677fc6c26b99529e2510274f0b643ba4e
2023-03-30 15:22:35,True,0.08861,4.913e-05,280.184,0.0137,0x6c...1513,https://etherscan.io/tx/0xa03af6651d584588bd30af3cdba2f3ac39ea51cfc79d6672a30dabdc75506815
2023-03-30 15:21:35,False,0.08808,4.884e-05,1000.0,0.0488,0x2e...f345,https://etherscan.io/tx/0x3e0144db007acbe66f8c94df00024fcac6f2d586795dee93b032d45cb987c059
2023-03-30 15:14:59,True,0.08852,4.912e-05,3026.5,0.1486,0xcd...579c,https://etherscan.io/tx/0x8601929dbf454e61033e94286eeaa28be6343086dcb938a91ccc0a7ec18062f5
2023-03-30 15:12:35,True,0.08851,4.911e-05,100.918,0.0049,0x39...10eb,https://etherscan.io/tx/0x26aa80710b3581d9037c98dae364b3fac1e02bf55361968a1e1d6ea917dafdf6
2023-03-30 15:11:35,True,0.08851,4.911e-05,288.495,0.0141,0x99...6bfd,https://etherscan.io/tx/0x0fc0d67d9a98cdc57ecc5b892e0a0df9cee4198c2fed87fef38e39fc7d965a18
2023-03-30 15:09:11,False,0.08798,4.881e-05,275.763,0.0134,0x42...cf69,https://etherscan.io/tx/0xa7ccc432e0ca995e830db9bc29fe89621e651a145e13f201f67ffc293198873c
2023-03-30 15:06:35,True,0.08857,4.909e-05,3028.59,0.1486,0x40...88b6,https://etherscan.io/tx/0xcd620d9c88428e3257e5bbc2d5658e7b2868d4c7e8afe5a05b0156d020a5575f
2023-03-30 14:56:47,False,0.08802,4.879e-05,2000.0,0.0975,0x1b...ea67,https://etherscan.io/tx/0x5161941e543a71b63bab77a0de438bbeff287347ca3ac5485098354dbba406dd
2023-03-30 14:49:59,False,0.08807,4.88e-05,100.0,0.0048,0x8f...32dd,https://etherscan.io/tx/0xad72a92aa356b27dd20911561dc920ff3081f02637c627a195bf4bd32a6811ee
2023-03-30 14:48:59,False,0.08809,4.881e-05,1125.0,0.0549,0x45...5e41,https://etherscan.io/tx/0x6e14435d552c95e6a23f891456fd487fdc4a0d52e6cb6835749d5a319ef225d3
2023-03-30 14:48:47,True,0.08862,4.91e-05,989.076,0.0485,0x4a...fc13,https://etherscan.io/tx/0x816506c404dd67f32465fc2c00d05dfc37fa0d2b68cc65fd8dead64d1237162b
2023-03-30 14:47:35,True,0.08853,4.908e-05,4039.28,0.1982,0xc2...de26,https://etherscan.io/tx/0xf75b3fe88da8e0df183b36124302ec580295ea902cd3083be455e0dd777b4e9b
2023-03-30 14:45:35,False,0.088,4.879e-05,4918.01,0.2399,0x39...02e5,https://etherscan.io/tx/0x31848d3f47a5764cced4f143d2fe5b68ac261921a49bf28610274179b9734169
2023-03-30 14:41:23,True,0.08859,4.911e-05,372.007,0.0182,0x2f...96ae,https://etherscan.io/tx/0x588be19f6022546ad9ccc0e95b8aa5de98be92d57228a795fe7c7cbaae44628b
2023-03-30 14:37:35,False,0.08807,4.883e-05,4500.0,0.2197,0x56...e37c,https://etherscan.io/tx/0x0aa18c80c568958763dbbd91c0b6e066b5e638a3f55e67c308e140ccdb324ff5
2023-03-30 14:37:23,True,0.08864,4.915e-05,699.288,0.0343,0x64...cda7,https://etherscan.io/tx/0xcc34b852afb5d88922badaf6fb7d289789e477159651fedbfd4e67c22a656482
2023-03-30 14:36:59,True,0.08861,4.913e-05,2017.29,0.0991,0x14...a6ea,https://etherscan.io/tx/0x4c41a5604240f83dde2010ece72095fb7dd840743a5bb764c2305650c1fb62b7
2023-03-30 14:35:59,True,0.08858,4.912e-05,1163.33,0.0571,0x9d...ade3,https://etherscan.io/tx/0xe65617f4f50418feef53f2e8acb987ac83d281efaa2ad17b523c0d0ded3165d6
2023-03-30 14:35:47,True,0.08854,4.909e-05,3120.16,0.1531,0x24...f13f,https://etherscan.io/tx/0x92ffe09eae208d90e7e181dd0a16a9679807fa38ed3b31a900e6e13cba19436b
2023-03-30 14:35:35,True,0.08848,4.906e-05,2495.36,0.1224,0xc8...1527,https://etherscan.io/tx/0xdf5ddc54ad60b820c75bf94e269cad6ce9f76defeb4decf5e29327a5c2df86c4
2023-03-30 14:34:23,False,0.08781,4.876e-05,1115.19,0.0543,0x91...dc25,https://etherscan.io/tx/0x57a3cf06d09379d5c2eab17758c338027a78484864cd931a334c8090118382ad
2023-03-30 14:27:47,False,0.08796,4.882e-05,10000.1,0.4882,0x78...8ce0,https://etherscan.io/tx/0x89e0b587a7a7be4b484a89f6288669e963d7a539a59bfaec63fe6aa55968fc40
2023-03-30 14:27:11,True,0.08857,4.916e-05,2016.28,0.0991,0x7c...b507,https://etherscan.io/tx/0xaee39f132980b20f225e8d6fe13e38fd418e84317ba89189da3b14358ef261b6
2023-03-30 14:23:11,True,0.08844,4.912e-05,5044.61,0.2478,0x1a...3871,https://etherscan.io/tx/0x8fbc93d17752e65d72888e9ae27146f197d0b31c33fc097f3e3cb4d2e9a51e2a
2023-03-30 14:22:47,True,0.08837,4.908e-05,1590.33,0.078,0x37...1265,https://etherscan.io/tx/0xf9eabf04ee615ef000083f552ce8f5fa7996aa55f68f5ffdc058a9dfe5daecb3
2023-03-30 14:22:47,True,0.08829,4.904e-05,7166.19,0.3514,0xd6...9999,https://etherscan.io/tx/0x5964c329b2d07305af8e823988c57342f0d5a7a0b4b413ef69795cf27a1801c4
2023-03-30 14:10:11,False,0.08772,4.871e-05,500.617,0.0243,0x1b...ea67,https://etherscan.io/tx/0x14b31c759acf6f4d67069f081157f0f39447eba447994c81f9aa1749e62fd6fd
2023-03-30 14:07:11,True,0.08832,4.9e-05,809.122,0.0396,0xad...2ff4,https://etherscan.io/tx/0x6a3ffe87406a794bc91b49cd659863e323b9a2a84e59da896d7ea97fd9ed79bc
2023-03-30 14:06:11,True,0.08831,4.899e-05,404.615,0.0198,0xa9...d481,https://etherscan.io/tx/0xd8eeb6ee0fb373b433b901d9eb90644fc659ec1cd5ef3f3f7c9eb3d8466bfc08
2023-03-30 14:06:11,True,0.08825,4.896e-05,5668.38,0.2775,0x62...f491,https://etherscan.io/tx/0x4d5e7895ff4368597917e648e7f954cbca3d5bcb17a9145bcfdded0c98358af6
2023-03-30 13:59:47,True,0.0883,4.891e-05,4007.14,0.196,0xb0...c50e,https://etherscan.io/tx/0x0e78f6afdb1f55052ef456ea72d1fa5bf2e8b1daa9069b19f8ae06332f5ca771
2023-03-30 13:59:35,True,0.08822,4.886e-05,4665.54,0.2279,0xad...a7b4,https://etherscan.io/tx/0xc684393b98c4fcc1f4ed7395a54d4be03dbd391782be9a3ce8a92f493ee3fb05
2023-03-30 13:56:11,True,0.08812,4.884e-05,335.454,0.0163,0x92...3c7f,https://etherscan.io/tx/0x0981a1d9cb48426756fad9acf62aedde8316da7c71828a5e66bbc6b75099e76d
2023-03-30 13:55:11,False,0.08756,4.854e-05,600.0,0.0291,0x54...a320,https://etherscan.io/tx/0xb8848f0fa35d458adc738822752543a2415d34a39f17cad6ba928a0cda6e9088
2023-03-30 13:53:47,False,0.08766,4.86e-05,10725.8,0.5213,0x84...e5cd,https://etherscan.io/tx/0x2e52f7795b4c8aea141957d5e654be07fa58d716a0adabccdd7ad4196d695c67
2023-03-30 13:51:23,True,0.08839,4.895e-05,587.191,0.0287,0x84...b9c0,https://etherscan.io/tx/0xb1713b35de8421ca3493a5511262753131a5dd0be9a674d941ff15f209b099d0
2023-03-30 13:51:11,True,0.08834,4.892e-05,4700.87,0.23,0x42...cf69,https://etherscan.io/tx/0x42efc98f7fb66f2f3e693b0ce6ac87c79cb08bf93c92970b4bed2de2699d3925
2023-03-30 13:50:23,True,0.08818,4.884e-05,11363.4,0.555,0x0e...e80b,https://etherscan.io/tx/0xd904d9d02ad1710422daae7920904bf6f50bcb4629e8acc90acc23e55088ed41
2023-03-30 13:48:47,True,0.08807,4.878e-05,28.0983,0.0013,0x6d...bc6a,https://etherscan.io/tx/0x1d42761004df1d43ea5ca79c7a71f39f322968138859f29f34195615d3fe9333
2023-03-30 13:31:59,True,0.08806,4.877e-05,399.77,0.0195,0xb6...afdf,https://etherscan.io/tx/0x2aa6c8969cda70405b501e102f70e45438b10a3051c2200cfe01cef0cfa78967
2023-03-30 13:27:35,True,0.08797,4.874e-05,5434.34,0.2649,0x0c...bf03,https://etherscan.io/tx/0x940982df7fbff53b03c228d9bc0c57f6701ec625888cc7ff01600c68f9875c8c
2023-03-30 13:16:59,True,0.08779,4.87e-05,3338.08,0.1625,0x02...ea0a,https://etherscan.io/tx/0xe08446ebe3c8a6213cf055e0ecdf04e71a4fe039c63e98fd91f59a2a301b7e9d
2023-03-30 13:15:35,False,0.08746,4.851e-05,23200.0,1.12551,0x1b...ea67,https://etherscan.io/tx/0x8e8ef6bb606fa6316bfd12c0bc2e29ba1eacf66d203a49bbf26e0b19af061628
2023-03-30 13:15:11,False,0.0879,4.874e-05,20870.4,1.01739,0xc9...27b6,https://etherscan.io/tx/0x9e6479ea2352414639c7b4e668cfb2c3816dc360e98885dcdcfc884e154eda69
2023-03-30 13:14:59,False,0.08968,4.973e-05,160530.0,7.98393,0xae...ae13,https://etherscan.io/tx/0x910a714d8ff8110374b3b2a7cd62ff1738f72673bbf8727d065af3ef9463f9c5
2023-03-30 13:14:59,True,0.09125,5.06e-05,56765.7,2.87273,0x9c...fb93,https://etherscan.io/tx/0xf1491466b1f6fa5d92c7546521b798bc74208edbb2fcac511800ef27bd56bd65
2023-03-30 13:14:59,True,0.08908,4.94e-05,160530.0,7.93108,0xae...ae13,https://etherscan.io/tx/0x8fd9266b1d35bd131396fe3d6d257de1e56315418343ba6656e8c1168ed613f1
2023-03-30 13:13:23,False,0.08703,4.826e-05,2222.0,0.1072,0x9c...fb93,https://etherscan.io/tx/0x23c82d7a36dc5bc80c1a13c5dd58b04a8499f502ab564d24f7ba2844a56431f4
2023-03-30 13:13:11,True,0.08752,4.853e-05,6127.41,0.2973,0x86...2866,https://etherscan.io/tx/0x975d930473046a8bf487b9d66a530be03f53f59f69ded0d67264747e531f3152
2023-03-30 13:13:11,False,0.08703,4.826e-05,10000.0,0.4826,0x04...83d2,https://etherscan.io/tx/0x3b498efda94db7c158e24888b838a46edf245b1f3cf5aff0eacef54ed0af0dc4
2023-03-30 13:11:59,False,0.08746,4.847e-05,31178.5,1.5115,0x31...5fa9,https://etherscan.io/tx/0x55d729fdefc480ba8e7a5938912ed51c3cc2e58ad9af9c05b1f1ccbb29485b67
2023-03-30 13:11:35,False,0.08812,4.884e-05,38136.1,1.86286,0xf8...966c,https://etherscan.io/tx/0x6b53e0b4922769d44ec2f1f74fac9855a0de8bf3e1b1665230debec6ef17abbe
2023-03-30 13:11:35,False,0.09008,4.993e-05,160680.0,8.02337,0xae...ae13,https://etherscan.io/tx/0x86948389f692aa675c3f511b289e2f2c19d8d1bb3ca7ce6d70648be0dd874788
2023-03-30 13:11:35,True,0.0915,5.071e-05,73029.4,3.70401,0x9c...fb93,https://etherscan.io/tx/0x994c9b6b4580310f80a80ce8bc63dfe8ff2a655d3c7ccab276c1ac7f59df5f9f
2023-03-30 13:11:35,True,0.08916,4.942e-05,160680.0,7.94152,0xae...ae13,https://etherscan.io/tx/0x53f0cbccbbf16219b451f0755cb2722510fb91236e3a76ea6d901c6fd0b63e6b
2023-03-30 13:10:35,False,0.08717,4.832e-05,9912.5,0.4789,0x04...83d2,https://etherscan.io/tx/0x0601043f893f13425c58f04102c70d304357c8a0d5b3d753b20e0d71c63669bf
2023-03-30 13:10:11,True,0.0876,4.855e-05,20158.2,0.9788,0x08...6cd4,https://etherscan.io/tx/0xfbaacac7d80a528a3510596d78f6280b0d4e78491c97cad08b1f81173a10f854
2023-03-30 13:03:35,False,0.08699,4.82e-05,8005.87,0.3858,0x6f...b62f,https://etherscan.io/tx/0xe9f9f93970c7c4115b3c7ae921632e104a8a1175255fc9d60a726461a4c7936b
2023-03-30 12:56:47,True,0.08737,4.852e-05,1213.51,0.0588,0x43...4922,https://etherscan.io/tx/0x570cffbe65fc7b4f9229f05bac6d77611ffc9d3366f743db6cfb11e0c53b3328
2023-03-30 12:55:35,True,0.08733,4.85e-05,3474.28,0.1685,0x63...2c2f,https://etherscan.io/tx/0x3244f8b68989e10b9c626435a89979eaa358eeb15d72e4b27756ad1e62729313
2023-03-30 12:52:47,False,0.08678,4.819e-05,1000.0,0.0482,0x76...2a42,https://etherscan.io/tx/0xe357e31bcac5096d03cb2a75be0800f75992a0d9c25a5d86deb9455bb9ca209f
2023-03-30 12:47:47,True,0.0873,4.848e-05,1839.99,0.0892,0x54...0e5c,https://etherscan.io/tx/0x540d9eea26b5dffff5b795e87c7905631255d55bc1ab7007915b41d3aa6e8ca1
2023-03-30 12:44:59,False,0.08679,4.819e-05,2500.0,0.1205,0x74...297e,https://etherscan.io/tx/0x50c1a18eab1dd175a7e28669cfeaac6148d71ab200cadc9a7bcf000f4e161c7a
2023-03-30 12:43:47,False,0.08691,4.827e-05,11594.7,0.5597,0xd8...62e3,https://etherscan.io/tx/0x9d3e748410c5def96fe939f0d71c93fc70d92cd5ebbdb2dc4ed9becd15a00100
2023-03-30 12:39:11,False,0.08698,4.833e-05,330.086,0.0159,0xd8...62e3,https://etherscan.io/tx/0x9922486095cb9b7850184ffe6b0137a38de3d8806cdb458f5a41ad769cb19b30
2023-03-30 12:38:47,True,0.08749,4.862e-05,1590.25,0.0773,0xb1...261c,https://etherscan.io/tx/0xbd2c714928d2cd42f4568d2c397c49406a4b5cabce5ba61807f46d3b00c7d09c
2023-03-30 12:37:59,True,0.08741,4.857e-05,6305.29,0.3063,0x19...727a,https://etherscan.io/tx/0xa642e7b45f0e2b25a01c4f45572a2903d7d248a9c9d00f9ccf1a41ef7249f313
2023-03-30 12:34:59,True,0.08731,4.851e-05,5706.2,0.2768,0xe0...eed2,https://etherscan.io/tx/0xedf3c7fe2ba6d7e2617ecdadccf99f9422ae24813db4520c6f902897ad8d88f7
2023-03-30 12:33:23,False,0.08677,4.82e-05,3000.0,0.1446,0xd8...9753,https://etherscan.io/tx/0x4fa6e613780f7349b74e002b92142091fd16bb31711ca29d6a6dbf1b2b850ddc
2023-03-30 12:30:59,True,0.08734,4.851e-05,1123.88,0.0545,0x77...7cbf,https://etherscan.io/tx/0x5d34531cad75eb5d9f66010172ebec074b294223157f779f0668d1273d104581
2023-03-30 12:30:59,False,0.08682,4.822e-05,2000.0,0.0964,0xd8...9753,https://etherscan.io/tx/0x901a0c4600ce35630a5d725d7e0d6e81e012cc910ae2cc69a95f5049a3387d47
2023-03-30 12:29:35,False,0.08686,4.824e-05,2000.0,0.0964,0xd8...9753,https://etherscan.io/tx/0x49e8732bebe92780cdd4ed84d31eb6d720dd8a366d971ba48763f6082abba9bc
2023-03-30 12:25:11,True,0.08738,4.854e-05,254.561,0.0123,0xb9...6ffe,https://etherscan.io/tx/0xfaa866b0d43b43002096abaa17de6c73dd6791f8d99e560f8d3310d7b5e62131
2023-03-30 12:23:47,False,0.08702,4.83e-05,10313.4,0.4982,0x85...29b1,https://etherscan.io/tx/0x6cd77fbd03e4c4ecf6164c6ad14a127042104adeb48e74093d56be05cdc75d62
2023-03-30 12:23:23,True,0.08764,4.865e-05,101.872,0.0049,0x8b...8443,https://etherscan.io/tx/0x78909cad4d3bcf115b8799853beeda23220e119ffe67cbf57ae507280f935538
2023-03-30 12:23:11,True,0.08764,4.865e-05,67.4404,0.0032,0xaf...bc1b,https://etherscan.io/tx/0x2cd15b23f51f3e9bacf578b334f61327a857165fc2b00eff65dd1113095092ec
2023-03-30 12:19:47,True,0.08767,4.863e-05,2343.72,0.1139,0xaf...bc1b,https://etherscan.io/tx/0xfa33ff1fc6ee3767f297503d21419cabf389de92a6fddef3aae16f25299af8c4
2023-03-30 12:17:23,False,0.08725,4.834e-05,1236.0,0.0597,0xc6...fed0,https://etherscan.io/tx/0xc8aa72d11944c1378c06ab4651e402f3a53887b4c0db4b3951dc0ecb14749e8b
2023-03-30 12:10:11,True,0.08756,4.863e-05,324.52,0.0157,0xaf...bc1b,https://etherscan.io/tx/0x80aa8c8fa26c20caa23f67e92da2f0d3b812be68f9ccca14f9ba4412af723d5b
2023-03-30 12:09:47,True,0.08755,4.863e-05,113.05,0.0055,0xce...e6ec,https://etherscan.io/tx/0x9f96d381c7e7de736fd64644d7cf4c5617fa3146b357e62ba170baeffda2191a
2023-03-30 12:04:35,True,0.08753,4.862e-05,1789.01,0.0869,0x68...7f32,https://etherscan.io/tx/0xca68337cf7fe5099e02cc257e55e88cfe892273101de45259fd1177a7826edc2
2023-03-30 12:01:35,True,0.08753,4.86e-05,1121.58,0.0545,0x51...3fd6,https://etherscan.io/tx/0xa217216cff09bbf65d417c7409870a1e1988a6f1289153834f81fefa2951da1d
2023-03-30 12:00:35,True,0.0875,4.859e-05,2039.93,0.0991,0x0e...fb7d,https://etherscan.io/tx/0x3211e6ce53292b52925a972fea26cdd0158345b3c3717ec6ff1699dc7707e9c6
2023-03-30 11:59:47,True,0.08745,4.856e-05,3061.6,0.1486,0xca...14f0,https://etherscan.io/tx/0x37b0e66a26b846e974d6e1b751601810aa2bd03bf6ba7d3c8da00d7e78755dff
2023-03-30 11:57:11,False,0.0869,4.826e-05,1090.03,0.0526,0x8f...b726,https://etherscan.io/tx/0x9a30053c6ae1879dc25144541fbd9608dce28a2dd86aeca3d3bade2b75bb8c8d
2023-03-30 11:56:11,True,0.08734,4.852e-05,5923.51,0.2874,0x79...9297,https://etherscan.io/tx/0x710a0f85327b5af94df635a55e0fc97cc2d11644e6c8410bb42f6f4f67d73509
2023-03-30 11:55:59,True,0.08716,4.843e-05,12388.5,0.6,0x1a...b08f,https://etherscan.io/tx/0x08086693ea44d2191b7e1b60351a46f801f4dac30eeb4a43280d21ba8680068f
2023-03-30 11:52:11,False,0.08642,4.808e-05,2000.0,0.0961,0xa7...c7d1,https://etherscan.io/tx/0x83744d15bda8185c5cf8a6d1742ac6d4eaeb935facc7f86a53b48bc977ef4519
2023-03-30 11:50:35,False,0.08656,4.816e-05,13160.0,0.6338,0xd0...345e,https://etherscan.io/tx/0x47a0ad67e07c2d695becb34461a32656f68eef7c03fd449aec9660048f1a378f
2023-03-30 11:46:35,True,0.08717,4.85e-05,4795.61,0.2325,0x95...6cec,https://etherscan.io/tx/0x57e92ab132f859d61b8e0bc081f3bda109c5405324fc6cc6346763245fb80041
2023-03-30 11:40:59,True,0.08704,4.846e-05,2965.97,0.1437,0xca...14f0,https://etherscan.io/tx/0x0c49d36610ab524356f25a7f0873d232257f1b3a29ee9833b8a9520dddc0fc2a
2023-03-30 11:40:35,False,0.08661,4.822e-05,12435.4,0.5996,0x6f...8cc9,https://etherscan.io/tx/0xf9887018d7928db95754591a141589e1e95031b9842955198a89540c4cff6f82
2023-03-30 11:37:59,True,0.08723,4.856e-05,2959.86,0.1437,0xca...14f0,https://etherscan.io/tx/0x9bb7f3dc9546443caaba5b2c929c3fa3b21bb0f3ca1f26c1ec644e10741460d3
2023-03-30 11:37:47,True,0.08719,4.853e-05,961.407,0.0466,0x62...6d3d,https://etherscan.io/tx/0xddb245cc5e925f6a826732275adae6fa078ec7e8c5df022233204367eb36c9e9
2023-03-30 11:36:59,False,0.08694,4.839e-05,29274.5,1.41683,0x55...ce90,https://etherscan.io/tx/0x0680f5b74dd3b9113878bd192f3caeee9d4e4ad7bffb1f2e5991c385c6fcf658
2023-03-30 11:36:23,True,0.08772,4.883e-05,1966.03,0.096,0x9b...e21b,https://etherscan.io/tx/0xee1577fd6f3075578dc958782cf5657bb6e8f56c7e454f1114f90f4cceff1128
2023-03-30 11:25:23,False,0.08725,4.858e-05,10000.0,0.4858,0x1b...ea67,https://etherscan.io/tx/0xb403c7bf594d523b5e035fd385a2c9b3e261776029d8833b97097f7d2e05acfd
2023-03-30 11:24:11,False,0.08742,4.867e-05,6882.38,0.3349,0x4c...c647,https://etherscan.io/tx/0x1d7f0fac9bb9b93a5b550adbffc69bbc6d6f57d27e7201ed89a7a60b81672c3c
2023-03-30 11:23:59,True,0.088,4.899e-05,2264.05,0.1109,0xd6...5629,https://etherscan.io/tx/0x828eeb931425ed8a4cc8eeb53109355d91bdb564b998e6053e3e9821151bb744
2023-03-30 11:18:59,False,0.08754,4.872e-05,6290.0,0.3064,0x63...915c,https://etherscan.io/tx/0xd57af990e253482d85a71ea07d5945877dfa85a5401dae94ee36b8a53b12662e
2023-03-30 11:12:11,True,0.08823,4.903e-05,2142.76,0.105,0x6f...0522,https://etherscan.io/tx/0xe21df6ce1a9fb243548efd674ffb6eea7759516ad3b5b0448e0e206a495f55c9
2023-03-30 11:09:59,True,0.08808,4.897e-05,9614.4,0.4708,0xfc...8788,https://etherscan.io/tx/0x3aaf07025b59c4522b0875600c628b30bd7bb5d785a8390769178d66c39edb25
2023-03-30 11:09:35,True,0.08787,4.885e-05,12986.3,0.6344,0x69...09a0,https://etherscan.io/tx/0x7ec6650a921194c4e66c74a9dd21c8dd65c8090f7177f5b57eb5090507bc6124
2023-03-30 11:02:35,False,0.0873,4.851e-05,4000.0,0.194,0x31...4573,https://etherscan.io/tx/0xb4a889023150a42d0ffa6483ad61815aebd77af46e10da15eeadac5e2d64c097
2023-03-30 10:57:47,False,0.08744,4.854e-05,3000.0,0.1456,0xd8...9753,https://etherscan.io/tx/0x8b3c67dc03589a44c5d4b184f4fb790ad4828ad55aa937f40cf71e4af40fe38a
2023-03-30 10:50:47,True,0.08768,4.872e-05,25657.0,1.25,0xbc...bd09,https://etherscan.io/tx/0x1d66bc2a2e199d9c53c3e460c44d814349d80079dba895984fb8610379c70ff3
2023-03-30 10:48:59,False,0.08692,4.83e-05,2030.0,0.098,0xd8...9753,https://etherscan.io/tx/0xb67e6390c3beae0da919806bbd9b532e48334d1359bd7bb3e5f3a9f50fcb70d4
2023-03-30 10:37:23,False,0.08704,4.831e-05,780.0,0.0376,0x05...2d5d,https://etherscan.io/tx/0x63ec9529410efb593b284b34ea00600eee896432a9894329a4308fba9a93822c
2023-03-30 10:36:47,False,0.08707,4.833e-05,1500.0,0.0724,0xc6...fed0,https://etherscan.io/tx/0x3eef12cac7acb1504e2d2c5ccb56c974ccc82dc92afabb198b60e8f4abae038a
2023-03-30 10:35:11,False,0.08718,4.834e-05,1095.24,0.0529,0x96...b43e,https://etherscan.io/tx/0x31cbade3a128f13ef684869fb319c94de37e373fbcea998a5637679917904541
2023-03-30 10:31:47,True,0.08777,4.859e-05,9260.9,0.45,0xdf...e087,https://etherscan.io/tx/0x1a127a690dc30d8d685b69726d492d1103d14826d2303fa1261ab1862cde1e30
2023-03-30 10:26:11,True,0.08765,4.853e-05,800.011,0.0388,0x9f...028e,https://etherscan.io/tx/0x3a89fc573cf6419f9e418e79b398cd7f2a5f6a7681cee71f0ff3ce28619feb63
2023-03-30 10:26:11,True,0.08765,4.853e-05,800.011,0.0388,0x9f...028e,https://etherscan.io/tx/0x3a89fc573cf6419f9e418e79b398cd7f2a5f6a7681cee71f0ff3ce28619feb63
2023-03-30 10:21:23,True,0.08761,4.851e-05,3764.42,0.1826,0xcf...8463,https://etherscan.io/tx/0x66edf660812981ae82072c62b5086f7dfe09cbebaf19bedaa63edb5a5d81093b
2023-03-30 10:19:23,False,0.08712,4.821e-05,1494.55,0.072,0xee...8509,https://etherscan.io/tx/0x23e8a876ebce71469cb56c3e339bc4642f892b5b02590237c46c78430287e763
2023-03-30 10:18:47,False,0.0872,4.825e-05,7085.02,0.3419,0xfc...7002,https://etherscan.io/tx/0xe4fa3ead1967e280ef685f1b1a8bc07b91064f9a8db4b4d266bf26fa4b2c6e63
2023-03-30 10:18:47,True,0.0878,4.858e-05,102.014,0.0049,0x8b...8443,https://etherscan.io/tx/0xf0501d9761c2961ea9a562207d47109054fac803003d34b6b269617500e4531e
2023-03-30 10:17:35,True,0.08779,4.857e-05,886.898,0.043,0x17...57e6,https://etherscan.io/tx/0x3c54f152d43712e28f691ea3a20780a42d32bbf403a03259631e1952380cae25
2023-03-30 10:16:23,True,0.08769,4.853e-05,8170.07,0.3965,0xae...0ea3,https://etherscan.io/tx/0xe2ef5304844775bcef804a8e6c50fc3abc1d0c74982bcbb94930b2edddadf92c
2023-03-30 10:14:47,False,0.08715,4.822e-05,5483.9,0.2644,0xc0...e86d,https://etherscan.io/tx/0xc8ed110b19cb3c8da039801f08649d3bb31f76176e1b4dce2f522cddf2cb3ca8
2023-03-30 10:13:47,True,0.08762,4.853e-05,2502.79,0.1214,0xc3...58e6,https://etherscan.io/tx/0x4be91c2038b050d6ab79d8505cd750ec5bc327c8155caa07c6e129f353444af4
2023-03-30 10:12:59,True,0.08748,4.845e-05,12274.5,0.5947,0x44...580a,https://etherscan.io/tx/0x69e41c80f41a184ce7cb997de604308c8ae1ae5ea1e1427acda1a129220f8189
2023-03-30 10:03:59,False,0.08697,4.812e-05,5694.0,0.274,0x74...297e,https://etherscan.io/tx/0x937536549b6fa6c1ac0c84d526dda40cfcc1ef84755ac4a0018adb98dc0aca0e
2023-03-30 09:57:23,True,0.08753,4.843e-05,2271.58,0.11,0xeb...e539,https://etherscan.io/tx/0x7924d8297ce7fdb5ea5e344b156d34da2dbf27c41fe7e0ad3144f9411929fd3f
2023-03-30 09:53:23,True,0.08746,4.838e-05,7170.02,0.3469,0x9a...9038,https://etherscan.io/tx/0xf068d5d40d11324d3f455c937640670eb106d1ae65d373606c1513543ccb007e
2023-03-30 09:48:59,False,0.08675,4.807e-05,2000.0,0.0961,0xfd...b159,https://etherscan.io/tx/0x85b55bd6ce01a081d847ffe26a4bcae54d12e8c16b09856b549f410a02ef0ba4
2023-03-30 09:48:47,True,0.08729,4.836e-05,2015.4,0.0974,0x0c...bf03,https://etherscan.io/tx/0x757818319cc4496ab593f3d9b659a63e1e56ffd1cee4b66cc3f2b173136504a9
2023-03-30 09:47:11,True,0.08702,4.818e-05,31129.6,1.5,0xfc...c88c,https://etherscan.io/tx/0x814e163d2beae7278fd6d8ad1696d47b99224a8cc36f9203774dd068d1573f81
2023-03-30 09:37:35,True,0.0869,4.8e-05,3405.27,0.1634,0x0f...645e,https://etherscan.io/tx/0xbde75284eb11415facd36cb2eda63f2b99b5ac50ad7f248abbcca02bc07b9adb
2023-03-30 09:26:47,False,0.08586,4.775e-05,10000.0,0.4775,0x40...20fc,https://etherscan.io/tx/0x092f15db5f8a13ec46bf0eccea4fa8e71b345160194911060a190c90168daf43
2023-03-30 09:22:47,True,0.08646,4.807e-05,3092.81,0.1486,0x3e...5f92,https://etherscan.io/tx/0x777d7115e19747ae93ebce70d70f40c6c1b55ea0f2f72d256a032e968127c307
2023-03-30 09:21:11,True,0.08634,4.804e-05,3094.89,0.1486,0x3e...5f92,https://etherscan.io/tx/0x2fb7a6c532d7ee011bec7a39f070209809249973b048fc90cdea7650f3e9147e
2023-03-30 09:19:11,True,0.08627,4.801e-05,3096.97,0.1486,0x3e...5f92,https://etherscan.io/tx/0x54846b67bad8c197ebbb36c0e53a85bb166c9a76c62a73d262f9fd04eaf9531f
2023-03-30 09:18:23,True,0.08624,4.799e-05,233.944,0.0112,0x07...9b44,https://etherscan.io/tx/0x8ad1368ce710673e7da2c01c3d0fd273e418bd6486947ec37407e5c02cfeebd9
2023-03-30 09:16:23,True,0.08614,4.797e-05,3099.21,0.1486,0x3e...5f92,https://etherscan.io/tx/0x8102cbe917ace88ff2c5d833bd5bae410f5caec8966d968b3d97d489c2bedf7b
2023-03-30 09:14:11,True,0.0861,4.794e-05,2067.3,0.0991,0x5b...6fc9,https://etherscan.io/tx/0x4b3534c3b097b73d300abe1640222620e291353a79d0fe0a20167a3315fc24d0
2023-03-30 09:07:35,True,0.08608,4.792e-05,3431.44,0.1644,0xc3...8513,https://etherscan.io/tx/0xfe86797883e1d7eff9447aa4974cb56dbd17f0a222ade31a54ec937552cae423
2023-03-30 09:05:47,False,0.08559,4.764e-05,5947.5,0.2833,0x96...70b2,https://etherscan.io/tx/0x2e527ece22119663c610ee1f415d81bd5874c788b8c7195b483cb653d8c35de8
2023-03-30 09:05:23,True,0.08609,4.793e-05,6474.51,0.3103,0x3b...fc0d,https://etherscan.io/tx/0x2abaef580e224853d65ae1159972baf7db1dc6b6b749212a70b0344b5c81c6f3
2023-03-30 09:01:23,False,0.08557,4.764e-05,5809.0,0.2767,0xdf...14d3,https://etherscan.io/tx/0xb565ee491337ceae7ae1b66d5b884969ba04f0ad5a84184b2bdb0674dabe2672
2023-03-30 08:59:59,True,0.08611,4.794e-05,2647.53,0.1269,0x49...26b1,https://etherscan.io/tx/0x2ca5fe6f59f8b16b9545afa8208bfa2f5b1562a69478da831ba69edcf9d7474d
2023-03-30 08:58:35,False,0.08589,4.781e-05,34027.8,1.62717,0x50...81c9,https://etherscan.io/tx/0x4a6221e3994173a7940f6ab5cc363cbd34cec8e089e7d01de86ac626dc0305e2
2023-03-30 08:58:35,True,0.08641,4.81e-05,33631.9,1.61796,0x50...81c9,https://etherscan.io/tx/0x25dafd9b4c8f84a1792ba550e5f49386322edc214d9d8872bdce4c3db7b6cfdb
2023-03-30 08:46:47,True,0.08602,4.791e-05,2678.08,0.1283,0x49...26b1,https://etherscan.io/tx/0xb762182128ca6abea3b0b8b033e26d5dae46ce4de925b24d83316b1f13050f48
2023-03-30 08:40:35,False,0.08541,4.764e-05,4925.99,0.2346,0xbd...1957,https://etherscan.io/tx/0x3690fa2b4e1e611725c3def5c1616181e56ba87b8d482551c065abc918466f7f
2023-03-30 08:34:47,True,0.08608,4.795e-05,207.019,0.0099,0xbc...7a0d,https://etherscan.io/tx/0x56bf3294e02da091be18fc1724b0e2692e07fd6ebd723ea9cb5b5fead867f935
2023-03-30 08:33:35,True,0.08605,4.795e-05,161.021,0.0077,0x4e...8e5a,https://etherscan.io/tx/0xd488084a1570a8476447990667bcd0752d80c7b1b48e440de0c8dd2763c43cb5
2023-03-30 08:32:35,True,0.08607,4.794e-05,1988.33,0.0953,0xde...6876,https://etherscan.io/tx/0xd9771e135ced0c0ea652b6b4a2c96f3a11f5d1094fdd9e546155b056d8696a21
2023-03-30 08:31:11,False,0.08554,4.764e-05,1000.0,0.0476,0x42...cf69,https://etherscan.io/tx/0xde3387f055b4955f5280ba5a9e44d59cfbb61b0782d8773d7ff97cbf8ddd46ab
2023-03-30 08:24:47,True,0.08589,4.781e-05,25000.0,1.1953,0xea...e0d6,https://etherscan.io/tx/0xf5014f531904de70d74d72df54c12f368c78769805b73339df544707d44d38a0
2023-03-30 08:24:35,True,0.08531,4.749e-05,37405.7,1.77641,0xc0...474c,https://etherscan.io/tx/0x6f39511902aa87cc2242ff5ca6e014287f882942d1ca15e44af1c678d8f6b7e3
2023-03-30 08:24:35,False,0.08476,4.718e-05,32842.4,1.54959,0x3e...9c9e,https://etherscan.io/tx/0x609543dccb44ef5fbea56291e30a21284b25e152ad2fac7ad336213bed093cba
2023-03-30 08:23:35,True,0.08556,4.762e-05,1118.69,0.0532,0x49...fd3e,https://etherscan.io/tx/0xd163908f2f215d7c565435941c6e71da931735605711440acb3700d48bad7b5a
2023-03-30 08:21:23,False,0.08525,4.741e-05,14120.5,0.6694,0xfb...1ad3,https://etherscan.io/tx/0xa382e860e656813215a3f2b16f2e60524a1a169b656dd75a2b84ca88d707b358
2023-03-30 08:13:47,True,0.08596,4.775e-05,2283.19,0.109,0x73...5c8b,https://etherscan.io/tx/0x43decf74ab70e58c92c1e460306729d5830a7255fa086e42a04bc64c96e470cd
2023-03-30 08:12:23,True,0.08593,4.773e-05,1654.87,0.079,0x17...3bc6,https://etherscan.io/tx/0x428cdab7c8f31cc5e91587f26c13892a5a0af8d50f3539a74989ec69225be4a5
2023-03-30 08:11:23,True,0.08588,4.771e-05,3300.0,0.1574,0x83...7c45,https://etherscan.io/tx/0x9c6523657d15e80d04f4e31587e1a659036975878c1a4387d76df28a94be8984
2023-03-30 08:08:59,False,0.08543,4.751e-05,20175.9,0.9585,0x0c...372a,https://etherscan.io/tx/0xfd528cedd1586aec699535a4b146d1f0761541810ddf619a6b9a6c40801c9a9b
2023-03-30 07:56:11,True,0.08602,4.789e-05,1670.38,0.08,0x75...ad8d,https://etherscan.io/tx/0xbd91f8ff0741e2e9de01a6f827e61e8a2ef587c00985a6e829be00b6ee22d9e5
2023-03-30 07:54:59,False,0.08554,4.762e-05,4829.63,0.23,0xc4...a50a,https://etherscan.io/tx/0xc10b238219301888915a1fd3bc9f69df43aad4c6121f3ec311bd53c78dc4308e
2023-03-30 07:54:59,False,0.08572,4.772e-05,15005.0,0.7161,0x71...6d2c,https://etherscan.io/tx/0xf521ce3a0c694aaec3159df26ec30c17df5e34560365eedb0dca92ac58e51fcd
2023-03-30 07:51:47,True,0.08631,4.808e-05,927.637,0.0446,0x37...ddc9,https://etherscan.io/tx/0x3e40c65c41f5a64aad18f0df4f498d98b9e244baa3a0261b0a15600de8d1c26d
2023-03-30 07:38:59,True,0.08623,4.807e-05,1030.93,0.0495,0x1c...3f08,https://etherscan.io/tx/0x164cde40d03686ee9bf2c2b71c9a38b74c69f5f8e8670e2629c7606d9d6916f7
2023-03-30 07:30:11,True,0.08609,4.804e-05,4138.4,0.1988,0x69...1f19,https://etherscan.io/tx/0x99785533018f6bd4562167722745504755e19c23758c0a320889ad1ab7483f9c
2023-03-30 07:27:59,True,0.08605,4.802e-05,447.897,0.0215,0x78...caad,https://etherscan.io/tx/0x6eaa159261537de6e19b9a51ebbceb3c0f507b2112b3b31d3973c30572a38423
2023-03-30 07:27:47,True,0.08604,4.801e-05,1218.0,0.0584,0xaf...70ab,https://etherscan.io/tx/0x833e65432f50d9dfb4e22b631dc02c1c11ae28d759414810e2afcad461079d6b
2023-03-30 07:15:47,True,0.0861,4.8e-05,660.747,0.0317,0x0a...6a15,https://etherscan.io/tx/0xd0456f35eef87b131a226538a4e06df9daa6336bd9207dbbe34dadc95e20b002
2023-03-30 07:14:11,True,0.08608,4.799e-05,1062.69,0.051,0xba...9158,https://etherscan.io/tx/0xdbb5f9ee029bac00f55987b05e082259669510176261c457d8b80fab6a6db6f5
2023-03-30 07:11:11,True,0.08606,4.798e-05,1021.12,0.049,0xe1...4423,https://etherscan.io/tx/0x20805b519596549ff5e60228ec77f5056a75d910de04dbf0c4f0f4e09a0fae68
2023-03-30 07:08:11,False,0.08554,4.772e-05,5830.0,0.2782,0x1c...a1f7,https://etherscan.io/tx/0x6f9b92d513e2a46a830f9c594bf05e674b7c6afac38cc96a0bcfba7937229889
2023-03-30 06:58:47,False,0.08588,4.776e-05,1750.0,0.0835,0xf2...0d5f,https://etherscan.io/tx/0xc328df466566dfb07a080b2b72e331fe4548c3a1f0554f8a590784a287ae70b6
2023-03-30 06:56:11,False,0.08592,4.778e-05,2030.59,0.097,0xaa...9fc4,https://etherscan.io/tx/0x5cd85d355aa7420ad8f5985a731f7bbf9fb554250856be928e7cdd4738ba34e8
2023-03-30 06:54:35,False,0.08595,4.78e-05,1500.14,0.0717,0xd4...88fe,https://etherscan.io/tx/0x6f625c85425805ce6de3633081734cf0d01089963d1c5fcaae1bc35781625a93
2023-03-30 06:52:23,False,0.08589,4.78e-05,22.5624,0.001,0x69...d80a,https://etherscan.io/tx/0x5822df1c88c367034a785c7b63505fb6b323b9621cc2e0bc7cdbc05f8e923ea2
2023-03-30 06:50:35,False,0.08586,4.782e-05,3500.0,0.1673,0x86...26d7,https://etherscan.io/tx/0x69165774ecdb1cb673fd15fb92e255832d3a02c4276e25eb9e9d6936890287c5
2023-03-30 06:46:47,True,0.08646,4.813e-05,468.041,0.0225,0x3b...ec2d,https://etherscan.io/tx/0xa6ced3ea54bb92bb7ad8f8774993eb3f5d1e32fa4445cfd0e41a46269fcbed0e
2023-03-30 06:46:35,True,0.08644,4.811e-05,2344.59,0.1128,0xe2...9a96,https://etherscan.io/tx/0x3efc565edba46180a60a436114aff4ac80c3f754ae5924fdf14a3ae5e968f6b4
2023-03-30 06:42:47,True,0.08635,4.807e-05,5346.03,0.257,0xe2...9a96,https://etherscan.io/tx/0x31a39ee44cd908d4f2d259be5dd1b9254b1a495a2bfb51c95894c6924903c55d
2023-03-30 06:24:47,False,0.08563,4.777e-05,3195.79,0.1526,0xe9...3864,https://etherscan.io/tx/0x13b14a20868b2e075f5cb7bfcb197c3955dca983177b9709ac3fb6bdf3a7f4bd
2023-03-30 06:24:47,True,0.08618,4.808e-05,309.251,0.0148,0x88...26ac,https://etherscan.io/tx/0x25819550e51701222b471f86138a61a66bb2d3d1cceb407d2f02579b34d246ae
2023-03-30 06:21:23,True,0.08613,4.807e-05,1072.23,0.0515,0x76...7962,https://etherscan.io/tx/0xadcf2a26b8050e3b47a565427fa9c5c8a27a9eb8670fa37ae01d7f7ba87dc40e
2023-03-30 06:09:59,False,0.08548,4.778e-05,400.0,0.0191,0xd8...7a1e,https://etherscan.io/tx/0x0ca765b2b9a87590a9670a6aa8356a62f5c30621cfac0ac80ac48f9ba21829b1
2023-03-30 06:08:11,True,0.08597,4.805e-05,2553.52,0.1227,0x1e...15aa,https://etherscan.io/tx/0xe395a38b932ca5cc64b67351739e4a31934064ded6420fde032a69ceaa6ff260
2023-03-30 06:07:47,True,0.08587,4.804e-05,240.224,0.0115,0x2e...f18f,https://etherscan.io/tx/0x81219f38cea385176fa508d4cd18fc9d83664638b85b4147a72b7d531f551a49
2023-03-30 06:06:23,True,0.08586,4.803e-05,1083.36,0.052,0x9d...313f,https://etherscan.io/tx/0x164bd20dcfff1e03da7b41b728948d625a781698d1cf75f9cff10ed65a7fe291
2023-03-30 06:00:59,True,0.08583,4.801e-05,2290.77,0.11,0x7b...e0c8,https://etherscan.io/tx/0x1e65900bb96ddfc0699ad29fce34cef06e16f449c7b503e28438e3a0364ce3b3
2023-03-30 05:59:59,False,0.08533,4.773e-05,3316.3,0.1583,0x1d...35e3,https://etherscan.io/tx/0x45940cfd2a33b81e9d9af57b3c634d8a68f1397b5f7eab1904dd60131778521d
2023-03-30 05:54:47,True,0.08595,4.803e-05,930.96,0.0447,0xe2...a4dc,https://etherscan.io/tx/0xea23ccd2d591bf9ceeba5b98230ac096ddc3ac0e6ce15e9b493be8c0ac7cd4b6
2023-03-30 05:54:35,True,0.08594,4.803e-05,48.1613,0.0023,0x7c...8d12,https://etherscan.io/tx/0x12a87cb463ff239945edf79a37e140feffa1c8c638e8fcda4fc78d644b906b2a
2023-03-30 05:52:35,True,0.08594,4.802e-05,619.171,0.0297,0x01...4b27,https://etherscan.io/tx/0x15d8f85711cb4e84fce031fb0a00ca009c1ded56cd8def4737ace5ff377bd8e1
2023-03-30 05:48:47,False,0.08541,4.775e-05,2900.0,0.1384,0x5f...11ee,https://etherscan.io/tx/0xf1c9e50e5b3db171b253f39c761fa487870a0d976751bf378e823c06e639aae6
2023-03-30 05:48:35,True,0.08594,4.804e-05,1237.81,0.0594,0x62...f935,https://etherscan.io/tx/0x281621bff07964c72633957469514e18a3ccebf46f496081bc3a359b934ed441
2023-03-30 05:45:35,True,0.08575,4.803e-05,2136.63,0.1026,0xf4...d552,https://etherscan.io/tx/0x904e26bee7d8398f4c66e203f4260d7d20aedd7966a26abc0beebc1e84aa55a4
2023-03-30 05:44:47,True,0.08568,4.799e-05,5163.53,0.2478,0x92...af10,https://etherscan.io/tx/0x533e9529944ff623442b3d025c395346a713c9cbe06d7fbb342095c9e5b9aec7
2023-03-30 05:44:47,True,0.08558,4.793e-05,5791.49,0.2776,0x9f...367c,https://etherscan.io/tx/0x98152d118e816d685e62e95c803a1706a1125909f7fc701fadd932eb3c1f861d
2023-03-30 05:44:35,True,0.08551,4.789e-05,2000.0,0.0957,0xd8...072c,https://etherscan.io/tx/0x1a79dff0e3ea833c6e6b251b8f4257e2aae06401e336ed25f9b32f8fbe89f88e
2023-03-30 05:35:47,False,0.08519,4.766e-05,12500.0,0.5957,0xd7...3e7a,https://etherscan.io/tx/0x930f25b4ba22ff1e3f2bf33d8c5317463af7db18ae9ca4c09617045a9768ff2c
2023-03-30 05:30:59,True,0.08556,4.8e-05,1145.93,0.055,0x78...c8ad,https://etherscan.io/tx/0x62cd2cf43d817f113f58863845dc11c07e12d197799a7021adc523ec1ee3ff47
2023-03-30 05:28:59,True,0.0856,4.798e-05,3263.84,0.1566,0xe6...0f47,https://etherscan.io/tx/0xfad0cdd33e8f14f278588876c1bba02f91d9b49a2021d9e708f9c9205563e159
2023-03-30 05:27:59,True,0.0856,4.796e-05,960.599,0.046,0xdd...c054,https://etherscan.io/tx/0x449e4cacb7e1978c6e32fa774182ef336fd94da412c404c8f4eb53cff9b590b9
2023-03-30 05:25:47,False,0.08516,4.768e-05,3286.01,0.1567,0xad...5be0,https://etherscan.io/tx/0x21ba3d2e8bd311ad1f289c8922cc4a7115efe66391e64c437e0c816be85f7b58
2023-03-30 05:25:47,True,0.0856,4.793e-05,11155.2,0.5347,0x1b...b3f2,https://etherscan.io/tx/0x492b5cf1120ae9fea7c0ff98a2b008a41cd78eedcc48e0a207dc551f980d518f
2023-03-30 05:24:59,False,0.08501,4.761e-05,4956.25,0.2359,0xad...5be0,https://etherscan.io/tx/0x6dd687ee6c14401d657165078f8679b2f8179fcd8bcf4475a5e2b79da13d578f
2023-03-30 05:23:47,True,0.0856,4.792e-05,347.307,0.0166,0x8d...466b,https://etherscan.io/tx/0x9e97116cabc9cfcc713fd2dcba0fc94fe632961181678044584b0b6961709edc
2023-03-30 05:22:47,False,0.08511,4.767e-05,6938.75,0.3307,0xad...5be0,https://etherscan.io/tx/0xcdc7d3b8b9a0408bbe8f81738e61b0f394c9fb276601733ebfbadf48f028f9d6
2023-03-30 05:20:47,False,0.08526,4.772e-05,2999.0,0.1431,0x18...55de,https://etherscan.io/tx/0xdcdae38f278947152688fb5d1b4d9888e5610e644f19080ab5ff2817b5b7ad5f
2023-03-30 05:18:23,True,0.08562,4.799e-05,5989.25,0.2874,0x6b...3a4d,https://etherscan.io/tx/0xb233a73fc2c45c06d219d3cb2362257a15b50175e3e7fe79078f6f7653a856c4
2023-03-30 05:15:11,False,0.08488,4.769e-05,3000.0,0.143,0xe0...8bec,https://etherscan.io/tx/0x18cd0b2684b2b9194799fde2d7363de2fe411414f0044b130f3b04c648251b49
2023-03-30 05:12:47,False,0.0848,4.772e-05,2349.0,0.1121,0x5c...6e37,https://etherscan.io/tx/0x8ca5f1ab8ae250fffa105edfc782c28a452e226ee7f2d4401a8a8df741467816
2023-03-30 05:04:23,True,0.08716,4.801e-05,1020.16,0.0489,0xaf...3b17,https://etherscan.io/tx/0x34671c9904db02fea2f4562e907993d487398803c9786f1f779b0697c34890a7
2023-03-30 05:01:59,True,0.0871,4.795e-05,11568.6,0.5547,0x1b...b3f2,https://etherscan.io/tx/0xa0e8c421b7bcc0b49e7e5c47d0007a5e9ffc65b7641a64dfd83a3bcbaf30c7c5
2023-03-30 05:00:59,True,0.08706,4.787e-05,2444.25,0.117,0xc6...fed0,https://etherscan.io/tx/0x7f4ba01309f7dd4e4860243863d15950339f3cfd1cb036ff712fdc75901668d2
2023-03-30 05:00:47,True,0.08695,4.785e-05,2445.54,0.117,0xc6...fed0,https://etherscan.io/tx/0xc34f8d4d2d003217a700a5b779ad8fbe7e61fbdde81bb71ca940f5bfb0485024
2023-03-30 04:59:35,False,0.08655,4.758e-05,7005.12,0.3333,0x3e...9c9e,https://etherscan.io/tx/0xba06f96d38721cd5919c0aabf09f9366c63c99a3fd0be110bdc2da4b60bf840e
2023-03-30 04:55:11,False,0.08672,4.769e-05,13125.1,0.6259,0x3e...9c9e,https://etherscan.io/tx/0x700ad65e84cc79ed7b4299ad28c9f4df1c21fb342d7dfa8944cf8dbbe88643d5
2023-03-30 04:48:11,True,0.08748,4.804e-05,564.119,0.0271,0xaf...3b17,https://etherscan.io/tx/0x4c1bf9675f100c03c1704528f74864cb5c794bd59eba513b63df23b12ea25856
2023-03-30 04:46:35,True,0.08727,4.789e-05,28610.3,1.37023,0xc6...fed0,https://etherscan.io/tx/0xd1c5b7a2982d702a9b796d52dccb53597654fe9323b838f6ca460b75c607af14
2023-03-30 04:43:23,False,0.08668,4.749e-05,6938.75,0.3295,0xad...5be0,https://etherscan.io/tx/0xbb2d45900866a25f670cb6279aafab8bed1d182341f3aeeaea2cb96ec85ae86a
2023-03-30 04:40:11,True,0.08726,4.78e-05,3242.69,0.155,0x93...0863,https://etherscan.io/tx/0xfb48285ff10886ffeb141d6dfa1c5c43d79ac5a21a7501799c5bc502ad413498
2023-03-30 04:39:59,True,0.08719,4.776e-05,3399.93,0.1624,0xc2...8ee6,https://etherscan.io/tx/0x3bbeacfd59a11a3a033d6628db5ad134f87ccca6ebdcaa56fc9c27376fe0795d
2023-03-30 04:38:59,True,0.08698,4.769e-05,9517.31,0.4539,0xc6...fed0,https://etherscan.io/tx/0x7a27af8adde8d768531920dbc52bebd6ad0e22f07aaeea16b77cd082f9ac8daa
2023-03-30 04:36:35,True,0.08679,4.763e-05,3329.64,0.1586,0x67...2fda,https://etherscan.io/tx/0x41db10c4576088356fbfe68af351e823d538f3534f991413e376902491922abd
2023-03-30 04:35:11,False,0.08624,4.737e-05,8481.61,0.4018,0x31...eb28,https://etherscan.io/tx/0xbabee4da44bcd2fdb4c9af91e5232b7fc8db211503af29d330b85e67bee804d6
2023-03-30 04:31:59,False,0.08627,4.744e-05,5900.0,0.2799,0xf3...9aa6,https://etherscan.io/tx/0xb8ae2d99b32cc9a38c84a24d0c3e4f4d4437eebec39ef57dccd68567bf47e978
2023-03-30 04:30:47,True,0.08664,4.774e-05,3418.92,0.1632,0x23...f603,https://etherscan.io/tx/0xedaea5f9659e5ac8cb05596824cccf3caffffc3ac76c5ab61dc7c5f8da5ea349
2023-03-30 04:26:59,True,0.08647,4.772e-05,635.53,0.0303,0x28...abb1,https://etherscan.io/tx/0x4016523177700600aa57632442fd6abd5c8bd8d8b7e99a73b62e086d26f6f6e3
2023-03-30 04:26:59,True,0.0863,4.763e-05,16794.4,0.8,0xb7...91c9,https://etherscan.io/tx/0xca5c0718cf4e2c029b8f583a9b3591feb64f16c246e86ea47591c650f63a8ead
2023-03-30 04:26:47,True,0.08611,4.754e-05,1376.11,0.0654,0x64...c924,https://etherscan.io/tx/0x88931ead225cc2ab1961fa401db23bbb01b2a5402edb51d9c65cc89872251100
2023-03-30 04:23:35,False,0.08578,4.741e-05,31412.1,1.48926,0x25...ce4e,https://etherscan.io/tx/0x89c38b6eeefb16255a0ccc1ed14c2a5b14f9da66d5f2152280b776ea227c1082
2023-03-30 04:15:59,True,0.08588,4.785e-05,165.703,0.0079,0x53...ee71,https://etherscan.io/tx/0x1e405d445898ccb07eadea6720b8474ef3e5a4001784900ef347b0f9e74a1a79
2023-03-30 04:09:59,True,0.08557,4.772e-05,25006.4,1.19346,0x7e...e9e6,https://etherscan.io/tx/0x5f3e06ac6138a437be9b5facdcc016b01754b7fcf393f781d976353f698dc4e2
2023-03-30 04:05:11,True,0.08527,4.759e-05,1353.86,0.0644,0xba...cd67,https://etherscan.io/tx/0x0a8c721d3cc3500cc5041a94116d611595e17f9286cfa3c7b488832aa7f8bc86
2023-03-30 04:04:59,True,0.08525,4.757e-05,958.355,0.0456,0x31...fc83,https://etherscan.io/tx/0xc5ffea3710800cfbcb176ed9a9cbc8852595ec055744274ac44e00bbc50fc3a2
2023-03-30 04:04:35,False,0.08479,4.731e-05,5900.0,0.2791,0xf3...9aa6,https://etherscan.io/tx/0x8b8f1d6961d602ead7597b2434c872ace57df73189a932817b31a4cb5db61920
2023-03-30 04:02:47,False,0.0849,4.739e-05,8800.0,0.417,0xf3...9aa6,https://etherscan.io/tx/0x33baf1257f217a761036cefcf60a7d2386aa41f76dba815d39addd955d95af9e
2023-03-30 03:57:47,True,0.08554,4.772e-05,446.579,0.0213,0x04...70fb,https://etherscan.io/tx/0xc435a8197bf8e317854bb7b2629c7c71612f4fc6925c127657a15e23459b9f25
2023-03-30 03:57:35,False,0.08504,4.744e-05,1144.95,0.0543,0x9e...953c,https://etherscan.io/tx/0xdb520aead838d648fbc9ae41a5f3bb3833f8ecaffdb484aa0b9760b0ed453f2d
2023-03-30 03:54:59,False,0.08525,4.755e-05,21533.1,1.02404,0xcf...116f,https://etherscan.io/tx/0x50faa2201e0efe4e58cd63f8d8687799d9ed0cad27a857c7e6d017690db69f5d
2023-03-30 03:47:59,True,0.08587,4.794e-05,1035.7,0.0496,0xab...501c,https://etherscan.io/tx/0x2bec17b02038e8afbc23ff9018a5c21b0a935fc30f54cdcbc53b83862ce33a72
2023-03-30 03:34:47,True,0.08593,4.793e-05,1344.09,0.0644,0x67...b485,https://etherscan.io/tx/0x84658fc8c69d8c9f1d3d03dd2ddc9e62920f634c2042304d243fbe9a88be66bc
2023-03-30 03:31:47,False,0.08543,4.77e-05,12673.0,0.6046,0x55...1919,https://etherscan.io/tx/0x9620ead90049e9840c6c8d7c11836505ac90c02ab7709966fa0d9881bc37b1ef
2023-03-30 03:24:11,True,0.08597,4.805e-05,1443.96,0.0693,0x40...284d,https://etherscan.io/tx/0xb3dcb6e729559d2c02e55ea2ab8f03ade0c99d2ffb33d440520ec2381af69c92
2023-03-30 03:23:59,True,0.0859,4.801e-05,6193.54,0.2973,0x22...b0e7,https://etherscan.io/tx/0x97d5783fc1fffc208c05772cd3c51f0657137d57f8f9f93eb156bbc2f8af1456
2023-03-30 03:20:11,False,0.08521,4.77e-05,1226.73,0.0585,0x25...3448,https://etherscan.io/tx/0x6fe90daa84254b6aab51859f0d7e6c5c99368f73d4c8ea400fc1095f8c0daf2e
2023-03-30 03:19:47,False,0.08524,4.772e-05,3000.0,0.1431,0xad...d064,https://etherscan.io/tx/0xb11c4b8c8a87af4a3414e04b7c417cead433cf3238709dd16f1a05f13f3d9444
2023-03-30 03:16:47,False,0.08521,4.774e-05,1500.0,0.0716,0xcb...9380,https://etherscan.io/tx/0x6e9932a578a809421852fcf8bceea5f2b3b2e1ee9917d7efaa3fb005713b958c
2023-03-30 03:10:23,True,0.08566,4.803e-05,1238.17,0.0594,0x12...8e60,https://etherscan.io/tx/0x7e493a508991c7ad54c144af65f0b1aa5b66a6a210a0791703b8aea90b0b4b1a
2023-03-30 03:08:11,True,0.08579,4.802e-05,576.668,0.0276,0x8c...8833,https://etherscan.io/tx/0xa037f6016bb3d25ad71381bc5ff92a01249448f1500cdb1ffec565215b6e2c5a
2023-03-30 03:04:35,False,0.08543,4.778e-05,10285.0,0.4915,0xb9...cdbf,https://etherscan.io/tx/0xf6f3cd5012edaac70a72180ba2775250be962b38269c31c4dbdf654107cb21f9
2023-03-30 03:03:47,True,0.08604,4.812e-05,102.979,0.0049,0x41...8436,https://etherscan.io/tx/0xd0442eeb0752c224032fa6eaa1b0a2df695309a58aa54680643f4cc84fbb98ae
2023-03-30 03:00:47,True,0.08595,4.809e-05,5764.96,0.2772,0x79...05b6,https://etherscan.io/tx/0xbfebaab210b587f9646d1dabcc4cd2aa5e91c6612feb460c623edac35708a055
2023-03-30 03:00:35,True,0.08579,4.806e-05,1235.12,0.0593,0xb4...30e1,https://etherscan.io/tx/0x7848ee0ebdecaed40e5d09e9b00806181559ae0a1c4d3ce4a2ba735f9ca769ed
2023-03-30 02:57:47,True,0.08575,4.805e-05,703.5,0.0338,0x2b...cf82,https://etherscan.io/tx/0x53256065c1af315fc7813e96d3879a02f92e97a2f64c6b2253cd3bf28a38328d
2023-03-30 02:54:35,True,0.08561,4.798e-05,11154.0,0.5352,0x0f...af2e,https://etherscan.io/tx/0x812e8491afe246fd24c239f7898f6e960f5aa4ec267d57d2010d8e89fb05f2c6
2023-03-30 02:52:35,True,0.08561,4.792e-05,1195.4,0.0572,0x79...0741,https://etherscan.io/tx/0x7d33516e8dbfad6005e4fbd899f6532bda2a22770805270d69ec052fc3e0f84f
2023-03-30 02:50:47,False,0.08517,4.767e-05,8954.17,0.4269,0xed...c98a,https://etherscan.io/tx/0xa602c955f05df1a28de2b5b93b0ba08ea967d55bb3f8881f362abf117318bcea
2023-03-30 02:50:35,True,0.08576,4.801e-05,103.231,0.0049,0xe0...108f,https://etherscan.io/tx/0xe7e5ded94b9460c679126a0a22b2e1f819e901a5850b7e9faa9c2deeb8eaa2c1
2023-03-30 02:48:59,True,0.08598,4.799e-05,3304.6,0.1586,0x2e...a8dd,https://etherscan.io/tx/0x93eed9ed5c44773aa83204329e9c620641c2d2ffd36e360b369b38f32348523e
2023-03-30 02:47:47,True,0.08598,4.796e-05,1343.17,0.0644,0x37...c4d9,https://etherscan.io/tx/0xa0d691cbdbeed4ebb5c0b7bb7ac8a51c6c80553ac9e669141021b21f31597e8e
2023-03-30 02:44:47,True,0.08614,4.795e-05,1095.49,0.0525,0x04...410d,https://etherscan.io/tx/0xc0612d8a62dfe5b94b32a8c206f7a4d79bfa166b4a293b284540b6a237dd1427
2023-03-30 02:44:11,False,0.08567,4.769e-05,6500.0,0.31,0x1b...ea67,https://etherscan.io/tx/0xfcd4a7643f6531091acb47a68434ea62ef0df821f7af20cf1cbe92878afa01e9
2023-03-30 02:36:23,False,0.08575,4.775e-05,5315.0,0.2538,0x1b...ea67,https://etherscan.io/tx/0xa83ae7d7b058a0c32911adffaa15d8b0f399f61f14c15942b882f0e42fec86f7
2023-03-30 02:32:23,False,0.08588,4.783e-05,10000.0,0.4783,0x6a...f73c,https://etherscan.io/tx/0x985e1269765e2db5abe704d0a0c28903f38cb222227891a69f4be9f38e0a174c
2023-03-30 02:31:11,True,0.08656,4.816e-05,2160.86,0.104,0xdc...4dd1,https://etherscan.io/tx/0x074d3453003263058c810a1316ce7cc6b3144da20f84a9f0efd22d00bf5defd6
2023-03-30 02:28:47,True,0.08653,4.813e-05,3516.06,0.1692,0x2e...6502,https://etherscan.io/tx/0xf2b98ce9b321b07c40e032e7e42ac9e6d70e9bbfc5617d7dc9e8c3765e9a0bc6
2023-03-30 02:27:11,True,0.08649,4.811e-05,927.1,0.0446,0x66...9e6f,https://etherscan.io/tx/0xcc91b3dca4c0ff497b0f49bff1738aa8b865356626ecccc3f6943ab7a56e9282
2023-03-30 02:24:23,False,0.08596,4.782e-05,1400.0,0.0669,0x17...9b6c,https://etherscan.io/tx/0x29809b0f3215ab4009a1496d8752e485f7eabd56ab3072bd9cf0233aaa159ebe
2023-03-30 02:21:59,True,0.08648,4.811e-05,2008.75,0.0966,0x04...f68f,https://etherscan.io/tx/0x87393061c0e8b4495259eef97ffca020dbf4ddb0f53aa81747dba226a0078e54
2023-03-30 02:17:47,True,0.08635,4.808e-05,3591.7,0.1727,0x91...dc25,https://etherscan.io/tx/0x5f67745d986c05bb610d717c0ba54dddb2f10ae68726b5199fb080c98354a95b
2023-03-30 02:15:11,True,0.08618,4.803e-05,4909.93,0.2358,0x4a...fec6,https://etherscan.io/tx/0xaa395f218d40283461971474ef3f699cb91b78b9a14b618bb103f4e4811b81ff
2023-03-30 02:10:47,True,0.0861,4.801e-05,412.92,0.0198,0x4e...e63d,https://etherscan.io/tx/0x9d6027f09be109380c01928605476b413f6d4ae3e2b87aab22fcf7ab3384da1c
2023-03-30 02:10:35,True,0.08605,4.798e-05,4544.56,0.218,0xe4...174c,https://etherscan.io/tx/0x24292c5b1376e5831d24878a94ef0a2c8f5ed227275dd410417e8e6867cc04c8
2023-03-30 02:09:59,True,0.08592,4.791e-05,9099.93,0.436,0x3e...6c30,https://etherscan.io/tx/0x29adf96e244dbce80f5ae1191bac4e288cebf9ab41083e9242b6e7c97543af1e
2023-03-30 02:08:35,False,0.08528,4.758e-05,1222.24,0.0581,0x46...74a4,https://etherscan.io/tx/0x3ca40cd58400cb2f993865f237ff9277facb3d336a1331488d69fef2d3cf6251
2023-03-30 02:07:23,False,0.08526,4.761e-05,3965.0,0.1887,0xad...5be0,https://etherscan.io/tx/0x3eaf8ef9ef548d919ae240c59d8f8bf921af73fe37f2bcd1440daeda3deb0de2
2023-03-30 02:07:11,True,0.08581,4.792e-05,219.506,0.0105,0x3c...8ea9,https://etherscan.io/tx/0xe0dfd70f45a896ef4527bc20a47a11f98f0bd4e9bc8c2d5c84414ab686b8a492
2023-03-30 02:07:11,True,0.0858,4.791e-05,1084.71,0.0519,0x55...2af1,https://etherscan.io/tx/0x1958eabe7083413e75cc9a42d79a99c62309eb0826c5d80d5e33f10dca4d5593
2023-03-30 02:05:11,False,0.08541,4.765e-05,6938.75,0.3306,0xad...5be0,https://etherscan.io/tx/0x1a9e334ed6e41b7800dbb05a4d64ef292a03e1fe1f4f4baf6e712a1b5d7b8b2d
2023-03-30 02:03:59,True,0.08592,4.794e-05,7700.0,0.3691,0x08...be12,https://etherscan.io/tx/0x05c8fdaf368e823f2c091e7cb616c1f5f28294cf3eede71d97040b4ded384c93
2023-03-30 02:02:35,False,0.08535,4.762e-05,2000.0,0.0952,0x1e...ed05,https://etherscan.io/tx/0x8464e8294b75f84c3c98d8d8ed19070594e4f87d588ca6c51528f9237ca81bed
2023-03-30 02:01:59,False,0.08539,4.764e-05,2075.45,0.0988,0x1b...e188,https://etherscan.io/tx/0x28e26c026b28d28fa6382a4072a237c5ed569c2a67a5345208ab6b243fb6a98f
2023-03-30 01:56:23,False,0.08543,4.767e-05,2973.75,0.1417,0xad...5be0,https://etherscan.io/tx/0xcc2b2d281586c2d064c69de27fcd0344496ba0b44f6a5552ae20d7b567506506
2023-03-30 01:56:23,False,0.08555,4.773e-05,9497.62,0.4533,0x1b...ea67,https://etherscan.io/tx/0x60ecb345c4599fba2f3b966e8bfc72bb9b56a7854e3d59a518338cf55e6a6e92
2023-03-30 01:54:35,True,0.08607,4.8e-05,13344.4,0.6405,0xc2...ad5e,https://etherscan.io/tx/0x48c66373f797b57747e8508c53dc69b210ad5764251608537177234ecd58cecd
2023-03-30 01:53:59,False,0.08545,4.766e-05,3139.64,0.1496,0xc7...be9e,https://etherscan.io/tx/0xb27201eb0fb82dcabcedd29953552a694fe1709e8e85e11f83e63787d48ac00f
2023-03-30 01:47:35,True,0.08596,4.795e-05,1839.24,0.0882,0xd0...e5c8,https://etherscan.io/tx/0x1f4434ae4c3737cc9a97139c6ad5b9779b1f68cabc7002a095c11c0fa67e93f4
2023-03-30 01:43:23,True,0.08599,4.794e-05,517.419,0.0248,0xd1...1b98,https://etherscan.io/tx/0x91292e15b857437325db2ec7e9674d4b0320e9ec8e5a2151bea43e07f8493c9c
2023-03-30 01:42:35,False,0.08559,4.771e-05,12617.1,0.602,0xbf...7090,https://etherscan.io/tx/0x4818412b795e4ea9806df0ed1811bf7072545d70a14a1550e02d14b7fc5bb842
2023-03-30 01:39:59,True,0.08627,4.806e-05,1856.2,0.0892,0x4e...6be2,https://etherscan.io/tx/0x4ede5b8987bf386db3bb644781a0923d7b9f9e5011bd35c5c44460b625d045bc
2023-03-30 01:38:59,True,0.08625,4.805e-05,412.591,0.0198,0x8d...2505,https://etherscan.io/tx/0x047dab06ecdf7a4a401fe622807d2b72c7d41cd30d5e1b3fea5aee016644c697
2023-03-30 01:24:47,True,0.08624,4.803e-05,2116.78,0.1016,0x78...44d3,https://etherscan.io/tx/0xfd79d0790fb9d4edd3c17a9e48cef712f889ba0aeb2410a920c18e42e9b80c8e
2023-03-30 01:22:59,True,0.08627,4.802e-05,536.67,0.0257,0x05...af3f,https://etherscan.io/tx/0x7ce0cd1ba8409fc63c930941d35844809be6bc67e000924c7c609fd649cdbade
2023-03-30 01:21:11,True,0.08624,4.8e-05,3233.11,0.1552,0x05...af3f,https://etherscan.io/tx/0x2592f7aef3ac7f321553385a18318d7c0f8a48b75800cf08e3445f2b5767d222
2023-03-30 01:18:23,True,0.0862,4.798e-05,1142.46,0.0548,0x5b...54e1,https://etherscan.io/tx/0x58787590b52c972ddadf2fe82f24985268862bc1396438d38ec7cd777d4c4b32
2023-03-30 01:15:47,True,0.08615,4.795e-05,3503.18,0.168,0x9d...7eb4,https://etherscan.io/tx/0x56732571c6b1c13019f34db09028bc85e8a32344bf8b415ada1d0bd4db2c534d
2023-03-30 01:13:47,True,0.08606,4.793e-05,599.69,0.0287,0x82...c90f,https://etherscan.io/tx/0x400223c74b94d1341e8486bf9d8f1017f07673d59c66bb3b5541068e1841a4d7
2023-03-30 01:12:11,True,0.08599,4.792e-05,517.037,0.0247,0xd8...002b,https://etherscan.io/tx/0x5900a92b31df83cf1a80bfed4e4749def80f90e5b38c03294c5637f5df2e4200
2023-03-30 01:11:59,True,0.08592,4.788e-05,7244.61,0.3469,0xbb...a891,https://etherscan.io/tx/0x34d6411b98db076f314e7c121e3f8b082661ca879952b275e9585ddadf88ed9c
2023-03-30 01:08:23,False,0.08544,4.761e-05,9953.6,0.4739,0x76...7d5e,https://etherscan.io/tx/0x86735dbb0f92f41018adc600adb19d5e0dd0945316e28229b937fa857b9059b0
2023-03-30 01:05:47,True,0.08592,4.795e-05,302.38,0.0145,0x1a...4a30,https://etherscan.io/tx/0x15d1171b4abac385bd55aaccfc882aec2f82564f23e47c3e3947b281367648f9
2023-03-30 01:01:11,False,0.08542,4.769e-05,5000.0,0.2384,0xa4...1d29,https://etherscan.io/tx/0xd5b6dccb93526792af73ae389aff4f0218569f7d337bce446ebdbe5893954a5e
2023-03-30 01:00:59,True,0.08592,4.798e-05,3660.24,0.1756,0xee...8509,https://etherscan.io/tx/0x6efe79409854642f2a69d80bdc68ef165e329d8de150a20acb54a86226b1fc46
2023-03-30 00:56:35,True,0.08579,4.793e-05,5766.25,0.2764,0xfe...b146,https://etherscan.io/tx/0xa32c5025513a18c9a02c9a929fe68e15119a830e6354d078c298749d95fcb07f
2023-03-30 00:54:35,False,0.08529,4.765e-05,6164.14,0.2937,0x53...837f,https://etherscan.io/tx/0xfa75a7bbf4e71aa7faae6081cd2147870e5c256f5d75b590ddf6b51b05f0cc12
2023-03-30 00:52:59,True,0.08582,4.796e-05,1240.03,0.0594,0xe3...e460,https://etherscan.io/tx/0xdd157712b18f039897dba942c2d7325c5c3bc3b07c87508e410e71f355b4695b
2023-03-30 00:50:59,True,0.08582,4.795e-05,370.808,0.0177,0xdb...d332,https://etherscan.io/tx/0xbe5af85fb97d18c94897a9558a531da5031106f7c80d75a86fe2cf5600b1b471
2023-03-30 00:44:11,False,0.08534,4.767e-05,1000.0,0.0476,0xaf...afbc,https://etherscan.io/tx/0x4e9c8696c29033bc2be6626ffd88dc4b06b6a8037909a5713ca2e3adfc78022b
2023-03-30 00:41:11,True,0.08584,4.795e-05,1612.32,0.0773,0xce...46a6,https://etherscan.io/tx/0x4f9e5a98da21f256a3d14a50bd36bb3793ec35daa4627de010215cf31403b938
2023-03-30 00:40:59,True,0.08584,4.794e-05,1005.41,0.0482,0xf9...7531,https://etherscan.io/tx/0xe622620dad8f7ff29584193795a452bef061574997d92e1f67a87ae78bb793d8
2023-03-30 00:37:47,False,0.08539,4.766e-05,4000.0,0.1906,0xff...d62a,https://etherscan.io/tx/0x813309452e509991d66d7c44f9865921093a3d42c053d100ac9e6e0b624829a7
2023-03-30 00:30:59,True,0.08597,4.797e-05,1239.19,0.0594,0x9f...1fbd,https://etherscan.io/tx/0xaebf67003c2b9e91bdef9e6be629bfa1c49ba514fdd1f8a472875c10d149e1f5
2023-03-30 00:30:11,True,0.0859,4.794e-05,3928.31,0.1883,0x38...cd87,https://etherscan.io/tx/0x8ce47bdc01fb677c1fae9333be3380c3e817015a53dbf654b9c64a189cf1215a
2023-03-30 00:25:59,True,0.08582,4.792e-05,724.001,0.0346,0x2b...bd2a,https://etherscan.io/tx/0xb581b697316910d6bd610205a295b830f17e914ae73a2d75f64348674ef1bdb0
2023-03-30 00:25:59,False,0.08531,4.763e-05,960.299,0.0457,0xd6...e822,https://etherscan.io/tx/0xb5b7d2986c786507dd0c533062dfd649068ff59e8fa45b89e60caa5322ef86d0
2023-03-30 00:22:59,False,0.08529,4.764e-05,2085.15,0.0993,0x86...b5f1,https://etherscan.io/tx/0xbeeab00e46536c555d5125b70f8443b63eb719dea7909fb2bde73bde2b98a05a
2023-03-30 00:17:47,False,0.08525,4.767e-05,2000.0,0.0953,0x6d...c04e,https://etherscan.io/tx/0x43ba050b246e88a8062212307349a94422eb6ef38881d051a8fad30028fc4594
2023-03-30 00:17:23,True,0.08576,4.795e-05,2066.94,0.0991,0xfb...fcd1,https://etherscan.io/tx/0xe5312db3c2f4e4943d4e236008033a7ebd197e5d5a01a6ceab2a2451c4943e49
2023-03-30 00:15:59,True,0.08573,4.794e-05,186.07,0.0089,0x8d...0566,https://etherscan.io/tx/0x27d1f1bc2c8fc75e849ad020374766c71c8674a967c77faeba0b37c03c76ee3a
2023-03-30 00:11:23,True,0.08563,4.793e-05,2274.8,0.109,0x89...1b52,https://etherscan.io/tx/0x09bcc47bf320f93e5be61c296e930b4e76fd4b23821c15f2ec8d131bfa9d4192
2023-03-30 00:07:47,False,0.08506,4.763e-05,445.0,0.0212,0xcf...116f,https://etherscan.io/tx/0xaa11dd6d644137591919a4f5699967bda2a2ebbeae9958b8119f94605cb53156
2023-03-30 00:06:23,False,0.08507,4.766e-05,4753.15,0.2265,0xa0...ef13,https://etherscan.io/tx/0x93018d625c7bea9bdbb236ef688ff8e7cda55c447991296d88f8d77b88ddcf81
2023-03-30 00:03:35,False,0.0854,4.776e-05,14495.0,0.6923,0x0f...b949,https://etherscan.io/tx/0xad4937c0d20916290c9b11736e322dda71aaf0419de5f43656028be36fa5f7d1
2023-03-30 00:02:59,True,0.08611,4.812e-05,576.758,0.0277,0xf0...d703,https://etherscan.io/tx/0xe60d71ee8c74f534bfddf5280eb49b38554ce3ffc95e1d530beff96c9e79cb1f
2023-03-29 23:56:11,True,0.08659,4.811e-05,1065.3,0.0512,0x89...9944,https://etherscan.io/tx/0x33a58b50559065de6bcd5ef772735a44e6f91550efd0b3f695c842f9c8825ac5
2023-03-29 23:55:35,False,0.08607,4.782e-05,1000.0,0.0478,0x06...2bec,https://etherscan.io/tx/0xa5b437d4376f4dbc32469a99ce50eaf330da455294f5ce893adeb94937c28e0e
2023-03-29 23:47:23,False,0.08622,4.788e-05,9912.5,0.4746,0x4b...a4fc,https://etherscan.io/tx/0xb55712c23d72b39b8882861146b9ebae48151e456a3b75110625f4b5303a46b8
2023-03-29 23:42:35,True,0.08686,4.821e-05,1906.16,0.0919,0x78...44d3,https://etherscan.io/tx/0xbd82ea01739fdd98feb8d019833d27a9387aa8a3ff1249cd4883eba56fdc6939
2023-03-29 23:40:59,True,0.08691,4.819e-05,1851.17,0.0892,0xc1...2a68,https://etherscan.io/tx/0x8cd1f85390370d26d3e4725d43d170b1678901a5d7eb86055ca4e1da6cc5a123
2023-03-29 23:40:59,False,0.08692,4.819e-05,57211.2,2.75719,0x76...7d5e,https://etherscan.io/tx/0xbb32f3bf260d2d650d1e505720914fde250bcafdcb31535a902323bf580be969
2023-03-29 23:38:11,True,0.08798,4.877e-05,2460.41,0.12,0x2e...f345,https://etherscan.io/tx/0x019878882dd4a171f76203fdb76437848cd4fef2ee03ec16f2a03072a64d0ee7
2023-03-29 23:36:11,True,0.08797,4.874e-05,3050.44,0.1486,0xa4...66f8,https://etherscan.io/tx/0x0b1c5b5c2889a3c139a26955c694a101f49ae907c7fa0530fac7a647bbade71e
2023-03-29 23:34:11,False,0.08747,4.846e-05,5997.86,0.2907,0x97...4b03,https://etherscan.io/tx/0x19b792174a192364c5c109397d3b0f5e0d976f2112e607184c83ad4ddc7d89e0
2023-03-29 23:34:11,False,0.08758,4.852e-05,5411.73,0.2626,0xfd...455a,https://etherscan.io/tx/0x3d3437caa43ee0f16287345b6250be87756a0ccf05d7bbbad7de9b0e8b21c309
2023-03-29 23:31:23,True,0.08797,4.874e-05,19761.7,0.9632,0xda...6500,https://etherscan.io/tx/0x257efe5774426597851bea0493b02fa5b60103d55e5a4ee196a4d56bf8db3ff5
2023-03-29 23:31:11,False,0.08726,4.835e-05,1206.45,0.0583,0xfd...455a,https://etherscan.io/tx/0xdbd31d88792684e2808a70935120d827a743e56230f1d2f3a81814b58d757179
2023-03-29 23:30:35,False,0.08732,4.838e-05,5800.0,0.2806,0x2e...f345,https://etherscan.io/tx/0xcde4dd0625575cfb64c960726e6ae3d091ee839c5dfa04f42e831253f79d7e22
2023-03-29 23:20:23,True,0.08773,4.868e-05,5640.23,0.2745,0xac...bfe4,https://etherscan.io/tx/0x13bf7263046977584bcb1be214af6cf6a1f5afaf96fa896141d14276063f9011
2023-03-29 23:19:59,True,0.08766,4.864e-05,1418.04,0.0689,0x91...dc25,https://etherscan.io/tx/0xb2ae8a14fdafd0a9a99f6aeadc821579be3b6386c12eb17b0fa3beb39824f5e3
2023-03-29 23:17:59,False,0.08713,4.837e-05,5800.0,0.2805,0x2e...f345,https://etherscan.io/tx/0xc4dc85625ca89c3e8b95f819635357b9db0c47934da549c5590d97fb78763f60
2023-03-29 23:17:23,True,0.08771,4.869e-05,249.539,0.0121,0xe5...8e1c,https://etherscan.io/tx/0xdb599dec8ff0834cfcb58748e026cb9b14037b8ebef52572eea629d84de5ee77
2023-03-29 23:11:35,False,0.08712,4.841e-05,2000.0,0.0968,0x1c...a1f7,https://etherscan.io/tx/0x06a0ba929509d48dd598e35269f296011e5ede6ae29afca2e9764473813f3c5b
2023-03-29 23:10:47,True,0.08766,4.871e-05,112.716,0.0054,0x91...6baa,https://etherscan.io/tx/0xae2d421b6c30efe8af9af025b7c8bc6bd4e7a7abf5d0ba2ff5477ca2b3794d1f
2023-03-29 23:08:59,True,0.08761,4.868e-05,6162.34,0.3,0x65...f78f,https://etherscan.io/tx/0x80de19e6262e2b53ede93191f8f4d3cee17bad031b6997551eb71a6c0badfd61
2023-03-29 23:08:59,True,0.08751,4.862e-05,4076.84,0.1982,0x76...acc2,https://etherscan.io/tx/0xc7e0b0dfef39855773bcdf41862a331b3dff64a229c778fe0678cc2450446803
2023-03-29 23:08:11,False,0.08699,4.834e-05,5166.31,0.2497,0x62...3aa4,https://etherscan.io/tx/0x9921e3fc491c8c5b62ea6eee5514c36a05f03330e0237a80b27e2814ce32d70e
2023-03-29 23:06:59,False,0.08707,4.837e-05,520.0,0.0251,0xf1...ae30,https://etherscan.io/tx/0x9d7d2c4864aaa3d84cdc657d47761700d22454b7c779c7e4189052a164462565
2023-03-29 23:05:35,True,0.08759,4.866e-05,1222.24,0.0594,0x46...74a4,https://etherscan.io/tx/0x921846f71705a64feddd8f460e0ec2cf7793d3ba98b45c16b3045c132f4ad9bb
2023-03-29 23:05:35,True,0.08758,4.865e-05,407.487,0.0198,0x01...a3e5,https://etherscan.io/tx/0xb32ade00ae4b11a73167e224090e814a95056d13e47ddc7202edf05551556116
2023-03-29 23:05:11,True,0.08762,4.864e-05,103.771,0.005,0x42...cf69,https://etherscan.io/tx/0x8201e57abe7bb1c2ce9936a14357b6ff3ca9278ff8e42400a886e4501ea9ee67
2023-03-29 23:04:23,True,0.08766,4.863e-05,3057.38,0.1486,0x01...a3e5,https://etherscan.io/tx/0x3f85be95a2a4fe728fa34f9f761ca9a8295ab4978920f53cbd6f2e39fedc7fb7
2023-03-29 23:01:35,True,0.08766,4.861e-05,567.101,0.0275,0x5a...b721,https://etherscan.io/tx/0x2f414ebd9d4a9f3e2c4d4f6fc5c960a7fe1f7b2581bf31f35db38d30471687a2
2023-03-29 23:01:23,True,0.08766,4.86e-05,203.923,0.0099,0xff...8345,https://etherscan.io/tx/0x7f5d407ba74d771aca89ce4d4e824c401c11e4f248df708b322c7e4beceffb4a
2023-03-29 22:59:23,False,0.0872,4.835e-05,6406.63,0.3097,0x5b...80c9,https://etherscan.io/tx/0x71f6ca4238bc9848f5aec9db1ed8e77dc6249c708ab3bd5d429517d58eec1bd4
2023-03-29 22:57:35,True,0.08778,4.866e-05,2240.63,0.109,0x89...1b52,https://etherscan.io/tx/0x6fa3f37a6346977ef014fabf61ac6e862e7019f73d727497aeba357caaf39252
2023-03-29 22:53:59,True,0.08774,4.864e-05,1201.87,0.0584,0xda...7573,https://etherscan.io/tx/0x128f4d0291d6a90df82f9cf298e97686c1da571eb00eab74d241f0abcad7d2d5
2023-03-29 22:51:47,True,0.08768,4.86e-05,5705.25,0.2773,0xea...cb5a,https://etherscan.io/tx/0x0263049eaa9040d2c845cd16607ebdf8abd7d577b2c7e6472ca682aabb5afbc2
2023-03-29 22:50:59,False,0.08726,4.837e-05,16302.7,0.7886,0x65...3acf,https://etherscan.io/tx/0x82009bf0fc4155eb56d563576dacb2afc1ebc705882892d70f8642dc3150e396
2023-03-29 22:46:23,False,0.08741,4.846e-05,1485.94,0.072,0xfc...9c92,https://etherscan.io/tx/0x77cda94b1f0b33ac698ae51b0d3561da3763f6f750ce1ac5f89860e946a873e8
2023-03-29 22:43:11,False,0.08758,4.855e-05,15000.0,0.7283,0x63...809f,https://etherscan.io/tx/0xfab46935624aaac794590056bb28f50483352d80df41216f8fe17c0d6c959ce0
2023-03-29 22:40:47,True,0.08833,4.891e-05,2264.83,0.1107,0x39...df11,https://etherscan.io/tx/0x823935b52d7b9598a5564a2f69fc8e88ed3d1ebbaa5d946894d9d3f0a28c9919
2023-03-29 22:39:59,True,0.08829,4.887e-05,5402.3,0.264,0xe4...74a5,https://etherscan.io/tx/0x883260e7b9740bce7561e067846527bc41946e15014e45e302951502f43a7018
2023-03-29 22:39:35,False,0.08775,4.857e-05,4300.0,0.2088,0x89...894c,https://etherscan.io/tx/0xbea32a93c7a20dc58ad3bf14b4b70b8a30bc441aa6508e2130b84171a928b76d
2023-03-29 22:36:59,False,0.0879,4.862e-05,5000.0,0.2431,0x63...809f,https://etherscan.io/tx/0xe67af629e40b40d274d2a17f3e69502b4c97551ef0da78f98a9eade42e9d025e
2023-03-29 22:34:47,False,0.08809,4.868e-05,5750.0,0.2799,0x92...f2fe,https://etherscan.io/tx/0x768d20749f25caab5e4c9a3ac8dcfd9afebab300553c30f2899d4b0e8d7dea93
2023-03-29 22:32:35,False,0.08846,4.888e-05,32909.8,1.6089,0xa7...ea36,https://etherscan.io/tx/0xc03847e84f46e40e7243be6edf70dc38eaffb992485ec2c4f8b3541c63fade42
2023-03-29 22:25:35,False,0.08864,4.907e-05,2592.21,0.1272,0xa8...c363,https://etherscan.io/tx/0xb3c24a7a77ed1cc0c50694b079a959716785f400747d860d2a468e576d23f165
2023-03-29 22:24:47,True,0.08914,4.934e-05,8236.45,0.4064,0x4e...ac21,https://etherscan.io/tx/0x5080f85261a48b7a31bb32f319afe27be8aaa97f04bcff089d359f00a02ebad8
2023-03-29 22:24:35,True,0.08893,4.922e-05,13559.8,0.6674,0x6b...c25f,https://etherscan.io/tx/0x04fdd4f1703d288bc639b19d25d960ee2739efcda3c1e548be00090d524caae4
2023-03-29 22:24:35,True,0.08874,4.912e-05,5246.45,0.2577,0xf2...b630,https://etherscan.io/tx/0x7f5c13ad544f4f3209607ff6ea249c14286a26dd93139a44ddbc0c0a616cc10e
2023-03-29 22:23:47,True,0.08862,4.905e-05,7152.97,0.3509,0x5f...92c7,https://etherscan.io/tx/0x8d765d006292c722e462ca8e728866dce019f6b082f4eb94c3f6e20297769049
2023-03-29 22:23:47,True,0.0884,4.893e-05,16266.1,0.7959,0x76...7d5e,https://etherscan.io/tx/0xdedf452eddab639d88a2c7473cab4e9051dac68bb4a0ed4c1b39fdf50b49325f
2023-03-29 22:23:23,False,0.08866,4.908e-05,100000.0,4.90877,0xf5...b6bf,https://etherscan.io/tx/0x8780ba71fd09970c46c86e2bb99f5dabdcd651dc6178474572b47de89e49a6e8
2023-03-29 22:22:47,True,0.09013,4.99e-05,4548.84,0.227,0xa3...54a9,https://etherscan.io/tx/0xe56abead247945201aa2f85f5fe19ae2ef50e95e20323cccd7ba93ab47fe5f2e
2023-03-29 22:21:11,False,0.08979,4.966e-05,15900.0,0.7896,0x5a...e2c1,https://etherscan.io/tx/0x0b9066a00b17e4e308b49a9ad4d0721dc310a7a46e4c53bfc98935707a89756e
2023-03-29 22:19:11,True,0.09046,5.002e-05,4953.8,0.2478,0x1a...3871,https://etherscan.io/tx/0x1eb3247cdfd1cf4a77501f7527386d0a90490b249a9a95cf5412c9e72cdcd279
2023-03-29 22:17:47,False,0.08988,4.974e-05,8529.92,0.4243,0x33...bef9,https://etherscan.io/tx/0xc88c70014c028862339c209765b8f2fb8a16a652afdf3eea5d90953b972a2087
2023-03-29 22:14:47,True,0.0904,5.004e-05,9270.66,0.4639,0xc4...11f3,https://etherscan.io/tx/0x481a4eda274f8d2e7091f3ae84868c7ea2a410c8800a406627d682af2fb138af
2023-03-29 22:12:11,True,0.09016,4.992e-05,11953.8,0.5967,0xc5...eef8,https://etherscan.io/tx/0x949b7c646e81819e8bc133d5107ddec0d9fac37e5acd58cfaaa0c34ccd9bc6ad
2023-03-29 22:08:47,True,0.08999,4.982e-05,5486.81,0.2733,0xae...1e27,https://etherscan.io/tx/0x9f29e12561a431733c72b716e3e79da1cc1402946ef8c50d6b2e7d6ac248f24f
2023-03-29 22:08:35,True,0.08989,4.977e-05,4175.65,0.2078,0x52...c650,https://etherscan.io/tx/0x3e6bef949c38542ee23d9a3100ec00b3300d0ab87d87ed8a8d2fca5a4a5a898d
2023-03-29 22:07:23,True,0.08992,4.973e-05,2915.88,0.145,0x32...091d,https://etherscan.io/tx/0x0646a10138f3014419fb124b42a761169818c14c187e085ecefae93f67fdcd8f
2023-03-29 22:07:11,False,0.08937,4.942e-05,1412.5,0.0698,0x3d...adfd,https://etherscan.io/tx/0xc6a44f3ed305bd2c8e0566668a4f82ddd4abc05904195e01bbb7552f9947d43b
2023-03-29 22:05:59,False,0.08946,4.946e-05,4850.0,0.2398,0x72...c1e2,https://etherscan.io/tx/0x98a76f2eaa139e5791dd0c2330208b48da57a40d0d0b9523d9016036b8cbf3e1
2023-03-29 22:05:23,True,0.08995,4.976e-05,4018.88,0.2,0xe1...90dc,https://etherscan.io/tx/0xd7571e0bef4e0d69a99436e906f8855d3ea34377a98fca466ad552b910a21338
2023-03-29 22:04:11,True,0.08976,4.968e-05,11413.4,0.567,0xff...d62a,https://etherscan.io/tx/0xd8f552c6cdc33cba33aa8f1df9df4819e6528b407d53cd57a310e16181667d21
2023-03-29 22:02:11,False,0.08945,4.946e-05,25860.0,1.27907,0xff...e833,https://etherscan.io/tx/0xd7b9ec8ec36b76a09f72dc70de96642f993631ae56a80b7f75d31d2b9379180e
2023-03-29 22:01:47,True,0.09024,4.988e-05,2185.6,0.109,0x6c...dacc,https://etherscan.io/tx/0x97ad71251933a5ff9127aa9332cad15c3a6044d24e332935ec9a0e4d6c33ecfd
2023-03-29 22:01:11,False,0.08989,4.969e-05,22030.5,1.09489,0xff...e833,https://etherscan.io/tx/0xa95878e8fb20e44c073b310541622fe62056f9d806d444d913d1bc373e5547df
2023-03-29 22:00:47,True,0.09058,5.007e-05,7560.41,0.3786,0x83...9741,https://etherscan.io/tx/0xa8483855fb099ceed9bf7498d1462eb32eeb33a0b1aa2791e0f74a5aa927697b
2023-03-29 22:00:35,True,0.0905,5.003e-05,594.358,0.0297,0x8e...42be,https://etherscan.io/tx/0x18d14949fa27468317ce46747ef3b698310c6fd5e7a9113e6e4f9b0559a66f42
2023-03-29 22:00:11,True,0.09043,4.999e-05,5551.12,0.2775,0x96...70b2,https://etherscan.io/tx/0xdb1de6b7559ea8932301aae83fde95980660245f9f9b5151314ebac51cac1d68
2023-03-29 22:00:11,True,0.09035,4.995e-05,2982.88,0.149,0xba...a4ae,https://etherscan.io/tx/0xf30b603ec680657ec3cfd91e2619c910cf18dd8123c0844fe8b237174a4a16f1
2023-03-29 21:58:11,False,0.08989,4.963e-05,568.881,0.0282,0xe0...d742,https://etherscan.io/tx/0xed4b50ed9d54d3828eeb7d2cf68f5398bd713e7a0fa148428cef95fe9a40eb8e
2023-03-29 21:57:35,False,0.08995,4.966e-05,4933.85,0.245,0x7f...18eb,https://etherscan.io/tx/0xc0783015464096684eebbbdd58bcc8fd3b54a0d44a7d32eb046ed9c0740c7194
2023-03-29 21:57:23,False,0.09002,4.973e-05,7463.7,0.3712,0x74...8301,https://etherscan.io/tx/0x12b68acdf7480ba38e5a9b8d786364dc0b43471808831ab2479957f267b6d1e3
2023-03-29 21:57:11,True,0.08936,4.937e-05,128514.0,6.34532,0xb3...3279,https://etherscan.io/tx/0xda738b7ba49135ff535cd22c605ada1b5336542ef9580f7c77112860a90dbb34
2023-03-29 21:55:59,False,0.08762,4.842e-05,5698.54,0.2759,0xeb...b4ba,https://etherscan.io/tx/0x52df31e58baf38d0126fe01003e5a7fca38a97326d639afd362354e475a3207c
2023-03-29 21:54:59,True,0.08817,4.873e-05,2440.99,0.1189,0x36...d01c,https://etherscan.io/tx/0xa76fb4249efcad40abb9933b1691836dcbb4dc9bf98d18833ec5bf045c955a24
2023-03-29 21:54:59,True,0.08812,4.87e-05,2945.53,0.1434,0xc5...2f8d,https://etherscan.io/tx/0xf2df5d6dc5b8e62d1310798ca38d86edb5441adb52becfccd223f317b7f731ca
2023-03-29 21:54:11,True,0.08803,4.865e-05,6392.41,0.311,0x43...6d1e,https://etherscan.io/tx/0xc71a9704229b701eac745c317901a0fa5fef92568fd2a22766a89ecb42e02399
2023-03-29 21:52:47,True,0.08793,4.861e-05,464.991,0.0226,0xd8...209d,https://etherscan.io/tx/0xae0a2400d57214479095dc855b2b8925ffae229a8194f757bead2e119088ba64
2023-03-29 21:49:35,True,0.0877,4.856e-05,8235.65,0.4,0xc0...93ff,https://etherscan.io/tx/0xcc753fb329d7bfd42c59eb9597372c718b487cf36be9fa026a2e6ba9091dc3c1
2023-03-29 21:46:11,True,0.08758,4.851e-05,2104.49,0.1021,0xd0...0dc9,https://etherscan.io/tx/0x4e6e559df90a221cd2fd1713b16c4037b06c37a284943885d28445faed5b28a1
2023-03-29 21:42:59,True,0.08746,4.847e-05,5112.01,0.2478,0x46...542b,https://etherscan.io/tx/0xd90d7208d4d1695eca0b087a95658209c5256af98f9cabbc181be2b38437facc
2023-03-29 21:42:11,False,0.08687,4.816e-05,908.31,0.0437,0x3d...04e4,https://etherscan.io/tx/0xcefcb55bd5a8d2b16815c58c789c45cc4be12ad6e66e337538c7ae28d469c02e
2023-03-29 21:41:35,True,0.08727,4.836e-05,17574.2,0.85,0xbf...fda9,https://etherscan.io/tx/0x3e378354dfbcece7d10e78f00c4b9a186d91f2d8cb1f896af50374e46a4c7ad7
2023-03-29 21:41:23,False,0.08662,4.8e-05,4000.0,0.192,0xcf...116f,https://etherscan.io/tx/0xdb9019b9bef0e5d4515d3ab5f6e4d05b2bb26c6ce28f65d8201f986e52ba3902
2023-03-29 21:38:47,True,0.08711,4.828e-05,5131.86,0.2478,0xda...6ea5,https://etherscan.io/tx/0x342425a62a679d470ca6c38f5f0f08af17ef3c978c42df13cc7c0fb3d8902eef
2023-03-29 21:38:23,False,0.08657,4.798e-05,3150.33,0.1511,0x76...7d5e,https://etherscan.io/tx/0xf6ae957cb7fe38a344b6fff0a55412e96fdb9e7acc1b271b7289fc4da8838800
2023-03-29 21:38:11,True,0.08699,4.822e-05,13653.6,0.6584,0x8c...d96f,https://etherscan.io/tx/0x423130852e2c585b0fb3224f4ef750a400e1adb6b61ff1cc50bde36020395ae1
2023-03-29 21:33:35,False,0.08648,4.792e-05,11900.0,0.5703,0xd1...8f64,https://etherscan.io/tx/0xf4a571e714c940cb77829c200bddcab2268c066e876960d3c2978c4eb44a4008
2023-03-29 21:33:11,False,0.0866,4.799e-05,500.0,0.0239,0x12...ce24,https://etherscan.io/tx/0xb172dbedb5f86d6366d1f1ca5986c42921b18aaa4867de7d8129ecefd015fefa
2023-03-29 21:27:23,True,0.08714,4.827e-05,1642.74,0.0793,0x0e...fb4b,https://etherscan.io/tx/0x7f16a2a21e227af3c026f9c7155ea7fa93a3252958cf723b3124fe95e9c2e945
2023-03-29 21:25:35,True,0.08709,4.824e-05,3595.55,0.1734,0x85...290a,https://etherscan.io/tx/0x4d14947079219f9152ee8d428b9839af88530b6b190844b1146e20c3e11668d5
2023-03-29 21:25:23,True,0.08683,4.81e-05,23428.7,1.12701,0xe1...b525,https://etherscan.io/tx/0xcece253fa1026a962a301f774c94d83cbb94ff7f6e4f5a795da8a47adada81eb
2023-03-29 21:24:47,True,0.08653,4.795e-05,5167.61,0.2478,0x75...a69f,https://etherscan.io/tx/0xc7c33695e1d5b41634cb2520a6b02c562b4cbf0a4cf9a123710de7dcba07c4ab
2023-03-29 21:24:35,True,0.08648,4.792e-05,228.893,0.0109,0x1d...5c74,https://etherscan.io/tx/0xcdef689f426fa507e7ad761dff848e3ff96f50b4848438a75cdcc740ba00424e
2023-03-29 21:19:47,True,0.08645,4.791e-05,1448.04,0.0693,0x77...1bd5,https://etherscan.io/tx/0xa66ccb4acc69e4daaad4bfde754a377572111e734fdd77eb9ba94dbc1b8a73b0
2023-03-29 21:19:23,True,0.08642,4.79e-05,1145.5,0.0548,0xc8...0b44,https://etherscan.io/tx/0x76d089d1da1aaace49df6e452e51de9f73c4a01050e44b34f03d8723cf8feb5f
2023-03-29 21:18:11,True,0.0864,4.789e-05,692.217,0.0331,0x42...cf69,https://etherscan.io/tx/0xc7487a0d7fb21e5f0a3fde03430e2bf2b4064479572468f6db8281b5469f98c3
2023-03-29 21:14:11,True,0.08634,4.788e-05,2088.52,0.1,0x42...cf69,https://etherscan.io/tx/0x3b17b987613ec01bc3a7c869c7ccc1c52e1d695f3c45162ca03bbc46e7868d91
2023-03-29 21:10:59,True,0.08608,4.775e-05,1050.5,0.0501,0x5d...d2e7,https://etherscan.io/tx/0xec90a307b78d727bf722717c90fc7d6d6fad9ab3b51f6983001d6831485030ca
2023-03-29 21:09:47,False,0.08575,4.756e-05,19825.0,0.943,0x22...775e,https://etherscan.io/tx/0xf99bf0460dec0903bf28054886ec98ef3258031b01ab3056664a8d0678197062
2023-03-29 21:08:23,True,0.0864,4.792e-05,5170.42,0.2478,0x81...e77d,https://etherscan.io/tx/0x7531a8f2c392b5706b309d08d531d3a772ece40cb3a8aadc84390a99bf95d8f4
2023-03-29 21:05:59,True,0.08635,4.787e-05,4796.38,0.2296,0x66...f2ea,https://etherscan.io/tx/0x9432c632dbc2c4e66bd273597f2834c2afcf78cd4918af1f344186825f9a7d2e
2023-03-29 21:04:47,True,0.08629,4.783e-05,2508.4,0.12,0xc6...fed0,https://etherscan.io/tx/0xb8970b377e04bc9c6d9810afc63da05d35bab424bd364d5a7a2955e8f01fd1ed
2023-03-29 21:00:11,True,0.08629,4.782e-05,547.482,0.0261,0x2e...f345,https://etherscan.io/tx/0x9d5ae223f814cae420f8bd20a46f2ea89fc28db3abbc9b7c31131da88072b14c
2023-03-29 20:58:11,True,0.08605,4.769e-05,24279.2,1.158,0x6b...eab0,https://etherscan.io/tx/0x0a1ccda2131f552361128eb15dc4c74db3385caa7f972ef8472aa00ea7035bc8
2023-03-29 20:53:47,True,0.08556,4.743e-05,27085.8,1.28472,0x2a...593c,https://etherscan.io/tx/0x0bfe6feb94be95a16289630b2632fd8778bdca0fea6fbd2f05514601f288ff39
2023-03-29 20:52:59,True,0.08521,4.724e-05,10491.6,0.4956,0x2c...c218,https://etherscan.io/tx/0x0987e64974566739ef0cac5502952e7b5e79146f0f8b638e90939b1ede391cd3
2023-03-29 20:52:23,True,0.08509,4.717e-05,2520.46,0.1189,0x82...2536,https://etherscan.io/tx/0xc62757c0e0ee35490e9ab0404b7dd144d817c698d7af9f6315a00096cf9e049a
2023-03-29 20:50:35,True,0.08497,4.71e-05,11813.4,0.5564,0xbe...179b,https://etherscan.io/tx/0xcd9084a2bce0063b2c57b27f5eee4dc51e3d7ef43cb78912e8c2ced62544c577
2023-03-29 20:50:11,True,0.08471,4.697e-05,13716.8,0.6443,0x1c...0eda,https://etherscan.io/tx/0x8f4a52d5fb1328c8ea7b67b816edd132aeed129a9dcddf4af1532f93655e36c1
2023-03-29 20:47:47,True,0.08427,4.674e-05,30790.5,1.43942,0x76...7d5e,https://etherscan.io/tx/0xb0ef1c0c0a40e8a12eef825a28bdd5fd9a54b0c0af5ad451e31119c606ee7a29
2023-03-29 20:47:11,True,0.08399,4.659e-05,595.593,0.0277,0x2e...f345,https://etherscan.io/tx/0xc7de60182768e00dc972df4a5064b4be5c3ed72aafef0cdb7f6ab011ce746fa1
2023-03-29 20:41:47,False,0.08349,4.634e-05,6473.56,0.3,0x3c...9651,https://etherscan.io/tx/0x7bb49b07d09acac9706e6d70a601d67172698f4d55e07f6ce6f8912951c46ee0
2023-03-29 20:34:35,False,0.08359,4.638e-05,1278.22,0.0592,0x9a...b6be,https://etherscan.io/tx/0x533169a52b9b9664d2c19910aa03c06b6fc21850206ec5bac0b05b029ea93a1c
2023-03-29 20:34:35,True,0.0841,4.666e-05,218.319,0.0101,0x34...cf77,https://etherscan.io/tx/0x880a1e562bfc27c28ac870b7f5e4d6a045a5c2e5cc52cea3c6e9890efcf42fb9
2023-03-29 20:28:47,True,0.08398,4.665e-05,2503.0,0.1167,0x72...0f0e,https://etherscan.io/tx/0xea96cb48c187fcb0f78c411986c183313c63041f6f8d70ad8a4a1277be1ebac8
2023-03-29 20:28:35,True,0.08393,4.662e-05,2551.12,0.1189,0xb6...ff4b,https://etherscan.io/tx/0x1dd6babd42ba3228970156ed15a143e73abec433bb98cfa433b087dad15c8c8e
2023-03-29 20:28:23,True,0.08389,4.66e-05,2363.15,0.1101,0x68...0a31,https://etherscan.io/tx/0x592152dfa393b3a3553d5b83808f14eddf45684dde6b33b02fae0d69fa9fc534
2023-03-29 20:27:59,False,0.08338,4.632e-05,2080.3,0.0963,0x54...cd6f,https://etherscan.io/tx/0x4581a1cbc661f4867cb6db4e23b134eadb500d41a95ce083a27e5c133fda52a9
2023-03-29 20:23:47,True,0.08382,4.66e-05,2127.13,0.0991,0xb6...ff4b,https://etherscan.io/tx/0x5535de747c2ace7385af36b772d09a718e746aea0165072398bfa8430179a3de
2023-03-29 20:20:47,False,0.08325,4.632e-05,1970.0,0.0912,0xdb...2b44,https://etherscan.io/tx/0x2e4df4a4f132bb2f2fad4f07726906734be0937a6473b117bea129507c1b37ab
2023-03-29 20:17:35,True,0.0838,4.659e-05,2008.99,0.0936,0x2e...950d,https://etherscan.io/tx/0x1e974a591737ba53e0434d5ac05aa94bd79da20ce0788c0ae1c7cbab895228aa
2023-03-29 20:17:35,True,0.08376,4.657e-05,2340.98,0.109,0x94...8e96,https://etherscan.io/tx/0x1e40535cf33cc9aefd73295a2d27d285f696e0174d10cb99a3e40cb430e87557
2023-03-29 20:12:35,True,0.0837,4.656e-05,1064.47,0.0495,0xcb...0ef1,https://etherscan.io/tx/0xe35839a21181acb63b5f354b133aea60ca5724ac8c4dab0fe70652410d96ef20
2023-03-29 20:03:11,False,0.08333,4.634e-05,13594.9,0.63,0x52...7836,https://etherscan.io/tx/0xfaad7b553494aad1b598e37cb34fdff1c5406b83d7b2635154eca4e0159a8b67
2023-03-29 19:54:59,True,0.08391,4.668e-05,235.95,0.011,0x0c...853c,https://etherscan.io/tx/0x7ca53be44870590dcbea2373a7f31b6d38a277e0f4d569a1af6f7158d0fccf01
2023-03-29 19:53:11,True,0.0838,4.662e-05,11798.2,0.5501,0x0b...e43d,https://etherscan.io/tx/0xfe798a0ecd659c3620a83fa94befe43cc74316308fd4c9b0c48f202d3f716ce3
2023-03-29 19:50:35,False,0.08329,4.635e-05,13000.0,0.6026,0xf3...9aa6,https://etherscan.io/tx/0x6e1a664c11b78532d4dcaac655219b00650e32e39f511f0e17f30dd3df2bd823
2023-03-29 19:48:23,False,0.08342,4.643e-05,2000.0,0.0928,0x6f...b62f,https://etherscan.io/tx/0xea20d4e41af908ce4e0d276a7febfc8537be929da9da3d41614b46ad9557929a
2023-03-29 19:40:59,True,0.084,4.67e-05,2622.87,0.1225,0x7b...d706,https://etherscan.io/tx/0x5aca23e368966ef8e94021eaa984141070e20517bf0c9c469b0420ed2f7395aa
2023-03-29 19:40:47,False,0.08351,4.643e-05,4741.36,0.2201,0xa2...fb83,https://etherscan.io/tx/0xa268f1815438017fa9a31393c037ba4476d278b38bf18c1bc4c0385451105010
2023-03-29 19:31:47,False,0.08375,4.649e-05,6200.0,0.2882,0x2c...0544,https://etherscan.io/tx/0x2874aaebce199024b849b0cc99410a02e113d6dd1e39e4c16a60b03d8fdc4c32
2023-03-29 19:30:47,True,0.08438,4.679e-05,747.88,0.035,0x55...dc8d,https://etherscan.io/tx/0x25b8d4e17e7d277cd209a6494ece0f94c7877c818f6c766f392770bd0bff7c40
2023-03-29 19:30:35,False,0.0839,4.653e-05,3762.9,0.1751,0xa2...fb83,https://etherscan.io/tx/0xdce8f2505d77ceb4518769a1c80afb6a63fd1eccc1a6d1d10c709e3b450b898d
2023-03-29 19:29:59,True,0.08443,4.683e-05,246.387,0.0115,0xbe...cc24,https://etherscan.io/tx/0x6bd784bd8f703343178d27ac5b49d61f54953b83ebf32430ab1710479a833560
2023-03-29 19:24:59,True,0.08433,4.681e-05,2426.05,0.1135,0x81...441c,https://etherscan.io/tx/0x66617e8b12c7c4484846cd61e5872fce4d3accf7e1b6377dc7ec9e54efa103ef
2023-03-29 19:19:59,False,0.08398,4.663e-05,21576.8,1.00619,0x45...5700,https://etherscan.io/tx/0xc2f73e094fcdb183e6e809d2edfe1b7b44ce4e431fa210a58012eef4e8e7bdae
2023-03-29 19:18:35,True,0.08464,4.699e-05,5273.08,0.2478,0xed...57ed,https://etherscan.io/tx/0x92bd88cd861301ed2b7e81633ac97faf2467aa475042f3dfe2ef2aafcb57889c
2023-03-29 19:16:59,True,0.08457,4.696e-05,637.482,0.0299,0x65...8db9,https://etherscan.io/tx/0x18624b0a5e59db138a8840b9b979b88d35edbe4917e826eea1ffe5bd99df321f
2023-03-29 19:14:47,True,0.08453,4.696e-05,654.848,0.0307,0x65...8db9,https://etherscan.io/tx/0x1f1723d70ac3990968d03ab0955f0ee7ad8bdc23807c503b5325448d396660e9
2023-03-29 19:07:59,True,0.08436,4.695e-05,844.48,0.0396,0x00...7fd9,https://etherscan.io/tx/0x58829937e7fc59714adb2bba061451ea1f84b10b379a5a3bd1e2a36eeccb6368
2023-03-29 19:06:59,True,0.08431,4.691e-05,5622.23,0.2637,0x75...6180,https://etherscan.io/tx/0x97a1e7e2cc14215c09523fac5d4feca397bd177b743ae0009752837d51f7df1c
2023-03-29 19:05:35,True,0.08422,4.686e-05,4522.5,0.2119,0xce...be76,https://etherscan.io/tx/0xc0b638a825e737104e0c98aa95d20def4d7a8f838acd14eeb43d23d77288e713
2023-03-29 19:04:11,True,0.0841,4.683e-05,2133.32,0.0999,0xd3...a007,https://etherscan.io/tx/0x717e9f9f85ffb13b29c3913a5a10ef57ccd936f6ca709a69725400fbfcb1e3fb
2023-03-29 19:03:35,False,0.0837,4.66e-05,13160.4,0.6134,0x69...a94d,https://etherscan.io/tx/0x6f842b07f98b4fb55ac19e2f20a533bf54e1c239cc7bcb19e053a76022c1e0c1
2023-03-29 19:01:23,True,0.08404,4.688e-05,14290.5,0.67,0x92...9f04,https://etherscan.io/tx/0xec3328718578f0d2cd5ebfdc7ce8a713f8ddb673664019fc5e2b940b037ad01b
2023-03-29 18:59:11,False,0.08349,4.655e-05,3742.15,0.1742,0xb5...baf8,https://etherscan.io/tx/0x1c326edc39d5b6b501b1525f0cb4561197acb220229bfeef991bd6c095d95996
2023-03-29 18:58:47,False,0.08358,4.66e-05,6100.0,0.2842,0xc3...172c,https://etherscan.io/tx/0x0ee3708d0c4bb41f3d158a7eabb255c7f9ad6ae70dbcad7b6f8e7c8f6545ce26
2023-03-29 18:53:23,True,0.08436,4.688e-05,5000.0,0.2344,0xa3...34a8,https://etherscan.io/tx/0xfd86caca67e4a93684de99f45f953fbd62398ce3948765a359112c3c049f2d2d
2023-03-29 18:52:59,True,0.08413,4.677e-05,17522.3,0.8195,0x00...67b7,https://etherscan.io/tx/0x67e5af1a51ff6ff2b47e39cc7e5b403000d79541ea4d0e860f494c22e238c25b
2023-03-29 18:52:59,True,0.08397,4.668e-05,472.031,0.022,0x02...3476,https://etherscan.io/tx/0x7eed05de61bfe3f5b20650e992a294d9a0a3f3f7117b5e09980a7004bf7da886
2023-03-29 18:52:47,True,0.08386,4.662e-05,12226.6,0.57,0xf9...37e2,https://etherscan.io/tx/0xc5fd43aba07d844fe2188cb90d14a287759f7f5edf30b82436b4643aa309d41c
2023-03-29 18:49:47,True,0.08367,4.655e-05,1767.42,0.0822,0xc9...cb55,https://etherscan.io/tx/0xc76c05ce481cff10395e10bf800f2b1a5acd86a52cb48131a7136b2c9dcb4d55
2023-03-29 18:49:47,True,0.08365,4.653e-05,521.512,0.0242,0x34...9c3f,https://etherscan.io/tx/0x16c7d1b4538b7a24eb3f3d90f82ac24c5539814fc37c64ca1cfe1b896aa525ea
2023-03-29 18:48:35,True,0.08364,4.653e-05,644.705,0.03,0x2e...f345,https://etherscan.io/tx/0x97114d69e0f31963daf3007eec9010be1301fdc3af1ed8299efe68fb899b2c42
2023-03-29 18:46:47,False,0.08322,4.627e-05,4100.28,0.1897,0x07...8c56,https://etherscan.io/tx/0xa608b0a7a90e29703236f4846c55ee77774d11d53087840a463756fd41f37581
2023-03-29 18:45:59,True,0.08358,4.646e-05,21522.3,1.0,0xdd...c6df,https://etherscan.io/tx/0x1568b14c4af1a28ed24aaad349461aab21237a6b78fca30e2b84fe2c75809a21
2023-03-29 18:44:59,True,0.08328,4.629e-05,11879.5,0.55,0xce...be76,https://etherscan.io/tx/0x45df76172b936084dafe878dfda041562e87e1df861864d25b2156fe1e7fe76c
2023-03-29 18:40:35,True,0.08332,4.623e-05,831.658,0.0384,0x7c...8d12,https://etherscan.io/tx/0x8608bdb849f97599e7fd7561ef88a2f8df2b74a3b92f949bd1a62807cbd185f5
2023-03-29 18:33:47,True,0.08334,4.622e-05,2144.58,0.0991,0xf5...907d,https://etherscan.io/tx/0xd5831434cf08e21b656077f0a7dd31b06a45687e303685e53f0c0b62aa7d6859
2023-03-29 18:31:23,True,0.08327,4.619e-05,2319.96,0.1071,0xe7...5210,https://etherscan.io/tx/0x1ff6819d2f02ba1005c8b432bdfa9250e206bf8de8d904a2f2eaa7454b7f1618
2023-03-29 18:30:47,True,0.08323,4.618e-05,1287.86,0.0594,0x6b...3f02,https://etherscan.io/tx/0x902c9855295f286ac6d53cba43f3e3de739d01af525fa40e797c5d4add418c2a
2023-03-29 18:30:35,True,0.08319,4.616e-05,1488.13,0.0687,0x0e...c6ec,https://etherscan.io/tx/0xefc8a730a5a047ffb5bcda45f2de6ee93c8b3729a4266394769acb37e4c851fe
2023-03-29 18:30:11,True,0.08307,4.61e-05,12256.1,0.565,0xe0...876d,https://etherscan.io/tx/0x4d2389cebb6e23b43d9dbe89c7283b65ad48369d89ce351b2a46b2e9d520f3f1
2023-03-29 18:25:23,False,0.08243,4.579e-05,5200.0,0.2381,0xfa...c0c5,https://etherscan.io/tx/0x2050496e353c3bca9630944815557152369bf2947614adf486b60c5fa5daead9
2023-03-29 18:23:35,True,0.08297,4.608e-05,357.604,0.0164,0x98...b17d,https://etherscan.io/tx/0x2f6ce78f8fdb9c8fa5ea34662f1eda424b0689ef16de8041f5020947dae00c43
2023-03-29 18:18:23,True,0.08291,4.604e-05,8611.05,0.3965,0x64...f5de,https://etherscan.io/tx/0xbe2205d107a234c61dfb68ed60d5ea9ec54bd97f4f1b10502f1a040b3c85628c
2023-03-29 18:16:23,False,0.08252,4.577e-05,10000.0,0.4577,0xca...5d60,https://etherscan.io/tx/0x4ca7baa5b1cffe1232961c55fea57f9ccec0964c5a8a42030403c1409d945f98
2023-03-29 18:14:11,False,0.08288,4.599e-05,34877.8,1.6042,0xa7...ea36,https://etherscan.io/tx/0x1e3142d478900188851af0ad55be441adbcf862ca1415ebd558324fde03a9e75
2023-03-29 18:04:11,True,0.08381,4.638e-05,11352.0,0.5265,0x42...cf69,https://etherscan.io/tx/0x33f219926b2e6a7308a8078c1def5d6298873c148566ce1a0baa24cb8cb370ca
2023-03-29 18:00:11,False,0.08336,4.611e-05,12837.8,0.592,0x5a...3ee3,https://etherscan.io/tx/0x7d5e762b571871459798206fddf1b62ced37bf5024cb5d13d5ddf71011ea50e3
2023-03-29 17:56:47,True,0.08394,4.645e-05,548.38,0.0254,0xe9...ba74,https://etherscan.io/tx/0x97603c38cd12e1c82d5bacde488f1958cc46400df64b2098b60cca1f02d427ac
2023-03-29 17:54:23,True,0.08386,4.642e-05,4696.94,0.218,0xee...0319,https://etherscan.io/tx/0x0d28bce3c426399e6abcbf15d3b554bf4290722ebb39609ba60d49e54ce38e7a
2023-03-29 17:52:35,False,0.08341,4.614e-05,3930.0,0.1813,0x6f...b62f,https://etherscan.io/tx/0xc9fc9b3c37b0f46bbb079aaf1d603357b1db5f2b41b05954c8e540f676cb3975
2023-03-29 17:52:23,False,0.08345,4.617e-05,1000.0,0.0461,0x5e...8469,https://etherscan.io/tx/0x5c20eff62e5e22cc2a95159b67d2ed5fe053ff893990625c1b989fb8c375c9b5
2023-03-29 17:50:35,False,0.08348,4.618e-05,2000.0,0.0923,0xc6...fed0,https://etherscan.io/tx/0xc9b31025534a0fe279a736c8814bbd92d7ea96b8a463cc638d4cd82289b024dc
2023-03-29 17:49:59,True,0.084,4.645e-05,3633.73,0.1688,0x0b...91de,https://etherscan.io/tx/0x426b9dac803f180df2c497bd8ac65fb4440bd0b95dc3928e67f3f596c21cd145
2023-03-29 17:45:47,True,0.0839,4.642e-05,3446.69,0.16,0x40...e43f,https://etherscan.io/tx/0x8fb82053690a89384355b464d889aedfa9a9b4560aeaa6f0739e509a8d0fae9a
2023-03-29 17:44:47,False,0.08343,4.615e-05,6625.06,0.3058,0x2e...f345,https://etherscan.io/tx/0xdf416228ca096cc35ef3d6ef16ef2105c53ddcdef0c048318cf20f44cc770458
2023-03-29 17:42:47,True,0.08399,4.646e-05,277.312,0.0128,0x4e...56cc,https://etherscan.io/tx/0xab28fa4b88e5df767b45b021c8e2ce8306e616dbd0c05202a49835b55fb87c17
2023-03-29 17:40:11,True,0.08399,4.645e-05,1920.31,0.0892,0xa7...fc8e,https://etherscan.io/tx/0x01096319c5b30a3fe4a7c9880c18f924614226e17d2809d4812230f2ecd5bff8
2023-03-29 17:39:47,True,0.08395,4.643e-05,2775.17,0.1288,0x1d...7354,https://etherscan.io/tx/0x36f504ba4ac35de96e3942c3825a418004beee98bb4a3be997baba8dc05047ff
2023-03-29 17:31:47,True,0.08373,4.641e-05,300.243,0.0139,0xd2...fa9b,https://etherscan.io/tx/0x4a16dfe08fb49966636bcbbf3269f6bd1b41698d99fdb6010ba86d5f44970d6b
2023-03-29 17:17:59,True,0.08333,4.632e-05,19259.1,0.8921,0xae...ada2,https://etherscan.io/tx/0x35c507718a60f8b93fa92b367f0ec2f462e02ac866f12498d915cc2cfe3b4e01
2023-03-29 17:16:59,True,0.08303,4.613e-05,17989.1,0.83,0x40...e43f,https://etherscan.io/tx/0x9aa321aca6481807057521fe91941b76b64e2747c8d1c88406f50b6e8bf45f3c
2023-03-29 17:16:11,False,0.0824,4.579e-05,3000.0,0.1373,0xc6...fed0,https://etherscan.io/tx/0x8ab1f4eb3a56e38f3f86b79ec1dd4f0b60c2b1292cbee42f198bc52353bc6149
2023-03-29 17:08:11,True,0.08292,4.607e-05,860.535,0.0396,0x88...a46b,https://etherscan.io/tx/0x7e0882dc1f958d060dabe7144a5ac4762eb64b11150e5e4974ed42bda732d0df
2023-03-29 17:08:11,False,0.08271,4.595e-05,32691.3,1.50233,0x1b...ea67,https://etherscan.io/tx/0x2428e74c0bc607322eba0279249ab532c939fef8403bb99592980d3b60146898
2023-03-29 17:06:47,True,0.08349,4.639e-05,475.451,0.022,0x6b...f4ce,https://etherscan.io/tx/0x1797e4f292fd158478caac3ce52d910a7865624c72d1b94845e9fc97e4c54e03
2023-03-29 17:04:59,False,0.08283,4.611e-05,1952.13,0.09,0xa6...1fd2,https://etherscan.io/tx/0xbb493550ce46a9593f1d3181e3399062436cea95f52a31ba2b3a71182ddeefe0
2023-03-29 17:04:59,False,0.083,4.621e-05,17482.0,0.8079,0xb7...91c9,https://etherscan.io/tx/0x1121429b69d0a7c2498cfdbf4f43e4c817c2f8c393c2c9c4773c9f421702d8f1
2023-03-29 17:04:35,True,0.08326,4.635e-05,44797.0,2.07669,0xc6...fed0,https://etherscan.io/tx/0xfb4e81e5a4d9fff013faf168a57c5d9cb5831ec10f9bf41370a3b524d97cf423
2023-03-29 17:03:47,True,0.08271,4.607e-05,13683.5,0.6304,0x45...06ba,https://etherscan.io/tx/0x31c04220b174bb063c9b0b8a66cf36d23fcd882ed31d364bb4d4a2a884a46f11
2023-03-29 17:02:11,True,0.08261,4.599e-05,960.03,0.0441,0xed...85ae,https://etherscan.io/tx/0x8ede1b5e3158a2fb7dc32ec78fdb1be4ab62506abeccb5efc7792bebfbe64190
2023-03-29 17:00:35,False,0.08222,4.577e-05,12470.3,0.5708,0xca...19b3,https://etherscan.io/tx/0x90da38790fb311bc8437e594da77a8a5e49cedfc8b25f1ddb7fbbd57e783ba9e
2023-03-29 16:59:47,False,0.08237,4.586e-05,5000.0,0.2293,0xde...3be8,https://etherscan.io/tx/0xb7ffff8334d7473d9be778c84d5e68f268189a9859ae62cd62ace4bed62dd72f
