datetime,buy_order,price_USD,price_native,amount_token,total_native,maker,etherscan_url
2023-03-25 19:01:11,True,0.08983,5.148e-05,5775.69,0.2973,0xa3...86f8,https://etherscan.io/tx/0xda278dbca09250d88ea96bd5ef278221a19febea22ea7bfb6f7764dda05787de
2023-03-25 19:00:47,True,0.08977,5.145e-05,530.412,0.0272,0xc7...012b,https://etherscan.io/tx/0x0b9695b6eac3efd7257c2e1a54c7a5fd2f3b832235b49fae176ca8ff1b6678bf
2023-03-25 19:00:23,True,0.08974,5.142e-05,3084.76,0.1586,0x45...12ed,https://etherscan.io/tx/0x5304a5890dceec683f535f22489f15aafaadaf8a0c1c075b7e5142920512514a
2023-03-25 18:56:23,False,0.08919,5.111e-05,1380.1,0.0705,0x39...2f3f,https://etherscan.io/tx/0xbd2d211295f524f26bb887a8d37106d98d60dd0770f6f92f588d1d3facfa8985
2023-03-25 18:55:11,True,0.08975,5.141e-05,2699.3,0.1387,0x89...b192,https://etherscan.io/tx/0x4b36014ec3113a1d0f83ca1203043dce7d490a9566ca4742e2add17b73be176a
2023-03-25 18:54:47,True,0.08969,5.137e-05,2990.45,0.1536,0xb8...210c,https://etherscan.io/tx/0xe7584736b3d66bdeedbdae9be1c78b17dcb9e4fffc17dcea214346a91d62a46e
2023-03-25 18:51:23,True,0.08966,5.135e-05,632.258,0.0324,0xc7...012b,https://etherscan.io/tx/0xaff79921f66440846cf983def9ed27dfda30285aa2754830b05794bd7f070d5b
2023-03-25 18:50:47,True,0.08965,5.135e-05,579.116,0.0297,0xb8...210c,https://etherscan.io/tx/0x0608320170ca7d2cbf6983d474c1d8681b4ef0bb484395279b091f9f2deb7932
2023-03-25 18:49:59,True,0.08965,5.134e-05,579.273,0.0297,0xc7...012b,https://etherscan.io/tx/0xbecee4624864ed3fe8305601de37970c537aa0babe07be2a92d7a9896463550c
2023-03-25 18:44:47,True,0.08959,5.133e-05,770.367,0.0395,0xc7...012b,https://etherscan.io/tx/0xf26cee24618de09205c86f7b28f0e59bc589f46f4c932f52f3d58486334e6b36
2023-03-25 18:43:23,True,0.08957,5.132e-05,957.002,0.0491,0xc7...012b,https://etherscan.io/tx/0x9f715e3433e28d9c2d621fceecf6e52c904c8e840e220a94a995ef6500089efc
2023-03-25 18:43:11,True,0.08946,5.126e-05,10049.9,0.5151,0x6b...9f91,https://etherscan.io/tx/0x25a2a7bfdd2905948383c21b5966f4be8f423a208db9d4825f450898e4ecb463
2023-03-25 18:39:11,True,0.08927,5.119e-05,1261.27,0.0645,0xc7...012b,https://etherscan.io/tx/0x8bbe5d58cb281f1ef3242dfa098a88c7206f595607c7c30c424a8dd480ca575a
2023-03-25 18:39:11,True,0.08925,5.118e-05,619.725,0.0317,0xe4...174c,https://etherscan.io/tx/0x669d240ca2b801a6315b49e298b02c83a3a746255cc42310f54886653ad0cf48
2023-03-25 18:37:59,True,0.08925,5.117e-05,508.175,0.026,0xc7...012b,https://etherscan.io/tx/0x587a9e451242273c57e81679088e92cc24203ff8ed2ac9bb8daf12cd6c4e1062
2023-03-25 18:36:35,True,0.08921,5.117e-05,640.375,0.0327,0xc7...012b,https://etherscan.io/tx/0x450be3d5d38796ae9ea5c35f346204cd9f01add7b6b851de2e1857106d352f54
2023-03-25 18:31:47,True,0.08924,5.116e-05,1075.04,0.055,0xc6...fed0,https://etherscan.io/tx/0xc75403cd5d8c474a2ba0036c32b37b0c5a9d8cde6030c8d250236f9e17f9a0e3
2023-03-25 18:31:23,False,0.08873,5.086e-05,3395.33,0.1727,0x0c...b743,https://etherscan.io/tx/0xc2aca15736dd72cc43954db88c7b1e932374bfcbac549d6a8cb7150d7c5696dd
2023-03-25 18:29:59,True,0.08933,5.119e-05,487.45,0.0249,0x58...302d,https://etherscan.io/tx/0x21afe785a83ec322e91b7b74e37278b540f73e2c066add1183ebb49a73d18bd0
2023-03-25 18:28:59,True,0.08931,5.117e-05,1856.81,0.095,0xb2...3036,https://etherscan.io/tx/0x092d953fe268055c08151cb14ffc6b70efd5ae3eeb951f89ef9d391285eb4d8d
2023-03-25 18:28:59,False,0.08884,5.09e-05,8112.84,0.413,0x79...d9ed,https://etherscan.io/tx/0x7bd37c6c3c9e50e6099f535f283f2a19e676ee1aae6147d25d8abf00d441870e
2023-03-25 18:28:59,False,0.08895,5.097e-05,3101.79,0.1581,0xa9...3172,https://etherscan.io/tx/0x87e7da882eac8affc25fcee1eea5ee0652740fada87292a23ff765ec204ce333
2023-03-25 18:24:23,True,0.08963,5.127e-05,3354.31,0.172,0xee...8509,https://etherscan.io/tx/0x2b8542b6d9db6def3b387af7e3631f6c64954d6e0f9cce8b227857cf296916cf
2023-03-25 18:22:47,True,0.08958,5.124e-05,2224.62,0.114,0xc6...fed0,https://etherscan.io/tx/0x5102f8dc9a93a5c23db2e10e5241cccd3061cea73d2be77dfb9830a219720d77
2023-03-25 18:17:23,True,0.08977,5.122e-05,817.543,0.0418,0xf8...70cb,https://etherscan.io/tx/0x878e40387cff55b11b57e04e05498bc3c239bd46fd92887bba38de9ac7d6ad6a
2023-03-25 18:16:59,False,0.08928,5.094e-05,5030.56,0.2562,0xfb...cbf4,https://etherscan.io/tx/0x19ee6b9ef687a4adcf8ac6baa2c1e907e633f9821e60c23cfab150f1edf14610
2023-03-25 18:15:59,True,0.08989,5.127e-05,286.007,0.0146,0x04...905e,https://etherscan.io/tx/0x595f0b1c3552ec7a96c90479dc375a99c039bb1ac40681efc8bad18c17fe6bc6
2023-03-25 18:13:23,True,0.08988,5.126e-05,1763.35,0.0904,0x63...52cf,https://etherscan.io/tx/0xf451a91190506f27be43d08045ae2ec06b8a83740ecf2c773ab25ca3a0e500d7
2023-03-25 18:10:47,True,0.08983,5.123e-05,3095.31,0.1586,0x20...e038,https://etherscan.io/tx/0xddc2e41528a3c09f8d42b6680e5ccd5aa566a6251d4aeddf7fb3bf52e82c8108
2023-03-25 17:59:35,True,0.08982,5.121e-05,1161.3,0.0594,0x72...0f0e,https://etherscan.io/tx/0xde05dcfa6adfce6e54335f9a25501a143b613f6adc38899f2114e578234ee01d
2023-03-25 17:58:23,True,0.08981,5.12e-05,387.169,0.0198,0x58...f81d,https://etherscan.io/tx/0xd7969a096cca419728082db7f215eeb32f3d08c47354709c2b2bc7d2f0aaa912
2023-03-25 17:56:11,True,0.08979,5.119e-05,1191.05,0.0609,0x5b...3438,https://etherscan.io/tx/0x8968c57e3598d65355fc1d59c0830f048675aebb2e6f29c3228a900df9139e5e
2023-03-25 17:55:23,True,0.08976,5.118e-05,832.755,0.0426,0xe0...6989,https://etherscan.io/tx/0x3b4a1329520559cd93f68b48bbdbab82ad62c2a98eaab01ce80e2f345b378326
2023-03-25 17:55:11,True,0.08975,5.117e-05,661.857,0.0338,0x5b...7d71,https://etherscan.io/tx/0x22341e7388d3c2e854f168accaa3287eeebc6b3a96bf8a6bb25d09bdcc0f4cb0
2023-03-25 17:51:59,True,0.08969,5.116e-05,1663.68,0.0851,0xa7...228a,https://etherscan.io/tx/0x423773b8ca09f996c4019e78e9a33e534e6b7783e440709b3802a1fbb1a55f79
2023-03-25 17:51:47,True,0.08959,5.11e-05,7564.11,0.3865,0xfd...0f5b,https://etherscan.io/tx/0x232a8c4eb657953588f64d3ef324b91570d4b1248bbb5061d699d367e35f17f6
2023-03-25 17:51:35,True,0.08946,5.103e-05,5254.23,0.2681,0x9d...390f,https://etherscan.io/tx/0x60d91d4a5347b9abade5801e76fdf3b14d64c735bff89617306a7734166abff4
2023-03-25 17:47:35,False,0.08898,5.069e-05,157.689,0.0079,0xbe...c6e4,https://etherscan.io/tx/0xbec33db1df4c67a22c38d1dc389e393a93f34ee5b2fde9e69df4e53f665593dd
2023-03-25 17:45:23,True,0.08956,5.1e-05,388.702,0.0198,0xd1...808a,https://etherscan.io/tx/0x8499bae43247f54131d42907121387d4aa6c5e483fd0aadcf972523a0f7c05ed
2023-03-25 17:43:35,True,0.08955,5.1e-05,194.364,0.0099,0x0d...c933,https://etherscan.io/tx/0x5303fb1ccdf871b935b6870fefa55aa2dfdb3123677c50ac0f3393225df97e6b
2023-03-25 17:41:59,True,0.08952,5.099e-05,1270.55,0.0647,0x21...7a57,https://etherscan.io/tx/0x091e4e2db0c1d1f724108aefbb56b54d0c2f64d1fd08f8c8763fe37f7bb178fd
2023-03-25 17:38:11,True,0.08947,5.098e-05,583.312,0.0297,0x89...dcaa,https://etherscan.io/tx/0x95c7d624749b3776001145dff1a2143b7b3da950d5758a46a59f0f71df04ea15
2023-03-25 17:36:47,True,0.08945,5.097e-05,972.358,0.0495,0xaf...0707,https://etherscan.io/tx/0xd91a08009a0d6cba65637d96e74cd9cb96eb6ea66bcf07614cbf11f028ca5264
2023-03-25 17:36:23,True,0.08942,5.095e-05,1750.79,0.0892,0xe2...fed1,https://etherscan.io/tx/0xed68fac607bb2409755e6e6d0dafcf95d867ea67cfd319df264fbad8144cf1ac
2023-03-25 17:36:23,True,0.0894,5.094e-05,836.732,0.0426,0x3c...f511,https://etherscan.io/tx/0xc04fd4298825676bec368f2ebf2b58301aae03bac5de06d2bacbf58da9078bae
2023-03-25 17:35:59,False,0.08889,5.065e-05,3400.0,0.1722,0xf0...2272,https://etherscan.io/tx/0x437d13f88139599cd5d019f54b2e70533d7cbae99a073281808c531f43765ea2
2023-03-25 17:35:23,False,0.08893,5.067e-05,1108.56,0.0561,0x31...e201,https://etherscan.io/tx/0xf4096fb9141fad262c54caa4efc83c7e1ca8b55d510b963d80eacc4cea9ee979
2023-03-25 17:31:35,True,0.08953,5.098e-05,132.728,0.0067,0x6c...ae51,https://etherscan.io/tx/0x265aa8aa92c75100cc3bd2871be162aa6db6164ac15db4527a27e3cd7c8ee9ee
2023-03-25 17:30:35,True,0.08945,5.097e-05,2723.37,0.1388,0x3a...be1e,https://etherscan.io/tx/0xc66042e6723a6f07206ccba13cde9191ce027f73ef9c9a345706ab3efaf6064b
2023-03-25 17:28:11,True,0.08939,5.093e-05,3889.42,0.1981,0x7b...1be5,https://etherscan.io/tx/0xe51e1f688d2f4f386dd680c3de3a26e2b7cf804aa63ce0cb194c6ec66c3367a0
2023-03-25 17:27:47,False,0.08885,5.062e-05,3377.58,0.1709,0xc9...f6d4,https://etherscan.io/tx/0x108447cb9c81ec108a2f282df4e55785378baea5c5c6dabf2b22ba7a54b883ed
2023-03-25 17:26:35,False,0.08885,5.065e-05,2390.0,0.121,0x65...21ff,https://etherscan.io/tx/0xa8750e5069451b910ecea5cc7eb218e9034ec79d4448f43372234f2b6f34e93a
2023-03-25 17:25:11,True,0.08939,5.096e-05,1793.14,0.0913,0xf0...f30d,https://etherscan.io/tx/0x232e45be8956554d3fd436f41c2bd8fea4edcbbae3167b5e579bd250acded1cb
2023-03-25 17:23:11,True,0.08937,5.095e-05,376.419,0.0191,0xe4...3e1c,https://etherscan.io/tx/0x01d8b1d470eed731b50c01373c288968c24319b1f254d24bb55ef3cfcac1b2a4
2023-03-25 17:19:11,True,0.08935,5.094e-05,603.142,0.0307,0xbb...db6e,https://etherscan.io/tx/0x9d9070e46d7b93dfa47bded40d298a8c6bb7b02ac9159bc1ccc9fc3084ecdbe4
2023-03-25 17:18:23,True,0.08929,5.09e-05,6951.97,0.3538,0x2b...164e,https://etherscan.io/tx/0xc3faf20050bf9eb690e1929cfdd9cb420495bcc6cd91e0994e71f08981866374
2023-03-25 17:13:23,True,0.08924,5.084e-05,2924.2,0.1486,0xcc...dc49,https://etherscan.io/tx/0xc79d5f5f81d0983b9afcd0358ab5a5cfe87e7c3df120d82134340d5bdf78d1fe
2023-03-25 17:12:11,True,0.08919,5.081e-05,1950.54,0.0991,0xb5...0445,https://etherscan.io/tx/0x22cdb645155d1bf4a6e80205e0c11f234913e9f01feb2c7233adad851920ef89
2023-03-25 17:10:47,True,0.08913,5.078e-05,4876.44,0.2476,0x44...f0e8,https://etherscan.io/tx/0x32d14320fed7e8d4a0084f0b001d6574bc797193ca19faca599b891a3a04aa5b
2023-03-25 17:01:11,True,0.08907,5.072e-05,5110.28,0.2592,0x0e...e85b,https://etherscan.io/tx/0x7d75edb448f490834f0662dcbb585319d946321d9207ef511d129b41369e5a02
2023-03-25 16:59:11,True,0.08901,5.069e-05,293.318,0.0148,0xd0...52ed,https://etherscan.io/tx/0x3a45d371dd851702f04c19486ae60358f802585ed1e17e1df08b515579eac474
2023-03-25 16:57:11,True,0.08917,5.068e-05,215.113,0.0109,0xd0...52ed,https://etherscan.io/tx/0x0ca2fe9e84dc68dc242ed0e895974bd8710302d354579d4ac7bde24027da8e21
2023-03-25 16:56:11,True,0.08915,5.068e-05,288.325,0.0146,0x16...9b3f,https://etherscan.io/tx/0x9ab7a08e1d4d7ff728bb69719eb68f9e9b36d0c8f5da272f42652504afe35949
2023-03-25 16:50:11,False,0.08874,5.039e-05,2456.32,0.1237,0xcc...bfdd,https://etherscan.io/tx/0xfafed9d2c6137ee0476f9b0ca8cb689b7c955172d4abbfdca5e3e2f0d85518b1
2023-03-25 16:45:23,False,0.08841,5.041e-05,1500.0,0.0756,0x5a...4d5f,https://etherscan.io/tx/0x292f836587ccebc01805c7c20b0da5926f70f9a268a1e4d947289c6f4551dd01
2023-03-25 16:41:35,True,0.08891,5.072e-05,644.867,0.0327,0x9b...e16b,https://etherscan.io/tx/0xede4ab6dd315710ffeacadca35a619ac73d80b1b8a859fc5912939ed4b5faff2
2023-03-25 16:40:11,False,0.08829,5.042e-05,1350.0,0.068,0xcc...dfbf,https://etherscan.io/tx/0xc86a78b674e9405852e0a1254814e9a9af168b7c5d668643fd59be3d0695da16
2023-03-25 16:39:47,True,0.08882,5.073e-05,961.966,0.0488,0x3b...88e5,https://etherscan.io/tx/0xb1ace254a94e4b6ddb058eafc9cfa9b45d00e109665edf9b59124f57117d4ce3
2023-03-25 16:36:23,True,0.08877,5.071e-05,1935.0,0.0981,0xe9...0193,https://etherscan.io/tx/0xbcba66da52e77130caf430153f83a4fde642e6ce7cbd29de2849e09354c442c5
2023-03-25 16:34:35,True,0.08865,5.069e-05,1118.38,0.0567,0x14...0173,https://etherscan.io/tx/0x25eebd589197a62f8809740947326e8abd8a504e0896e7cad9ea2139a5454d77
2023-03-25 16:32:23,True,0.0886,5.068e-05,2009.97,0.1018,0xd1...20bc,https://etherscan.io/tx/0x029864cca7c449dc382317d676cfed053830df7c91799bd1bbf411d86347691f
2023-03-25 16:30:11,True,0.08857,5.065e-05,2054.65,0.104,0x8b...143f,https://etherscan.io/tx/0x9f8e8eda9326e9309296ed04fe545cc66c6293d2b18762bcf590d1cdcd38bd95
2023-03-25 16:29:23,False,0.08812,5.039e-05,9712.18,0.4894,0xf9...08a0,https://etherscan.io/tx/0x701fbd7c5ad781b9e11875aa80d6864e0c71560b7180eb0255637749c032ce88
2023-03-25 16:25:59,True,0.08854,5.069e-05,11013.9,0.5583,0x20...c484,https://etherscan.io/tx/0x74046a5dc6fa6e141aab3f6b244ee995ed4c4c48a021a3c88e420cf5e42cc1a5
2023-03-25 16:23:59,False,0.08791,5.032e-05,500.0,0.0251,0x91...dc25,https://etherscan.io/tx/0xedf160bcc5edf5f749246429930b1d41f27ad4278126520466d0c89bfe818a57
2023-03-25 16:23:47,True,0.08843,5.062e-05,1664.3,0.0842,0xa3...4cca,https://etherscan.io/tx/0x8c1ad2c2009217d1b4df40729b221d95a1fcdbc07273f168e9f579b3effe63f1
2023-03-25 16:23:11,True,0.08839,5.06e-05,1789.77,0.0905,0xc4...1738,https://etherscan.io/tx/0x422d2e7e5e0e02981de4eae422950e50e035737648ee0327d81c015e479ede4b
2023-03-25 16:21:23,True,0.08833,5.058e-05,2087.0,0.1055,0xf1...d378,https://etherscan.io/tx/0x9f1274a8cc6769c22b8f03b6a06239b23b1e29e5af9bc3d6706c8ca5c1db7170
2023-03-25 16:20:59,False,0.08786,5.031e-05,8000.0,0.4025,0xf8...5cfd,https://etherscan.io/tx/0x6275f92bd31e64b4b799690ac5497acad67f612cd750f3e32427519923a18630
2023-03-25 16:20:35,True,0.08869,5.078e-05,48.7931,0.0024,0x0d...6012,https://etherscan.io/tx/0x94d8891c8fc389464a1c72e8eda49075310a10408e5de3f37df0b1d1000874cf
2023-03-25 16:17:35,True,0.08867,5.076e-05,3545.56,0.18,0xa6...abe9,https://etherscan.io/tx/0x95d71c5315889afbc59428a561eeeda93478d3122b61d948a6901d6a82677161
2023-03-25 16:17:11,True,0.0886,5.073e-05,2989.56,0.1516,0x88...bf2d,https://etherscan.io/tx/0x7f2f18ce94807c9459edb52669eb464cd0a8b84cef99fffe9a9c1930a83daa2b
2023-03-25 16:16:47,True,0.08852,5.068e-05,5378.49,0.2725,0x2f...82b9,https://etherscan.io/tx/0x23e7219594be9db01bfad7c7d212bed0b5dd44610e997f884f7f32ae7d91d62c
2023-03-25 16:11:35,False,0.08801,5.036e-05,2796.94,0.1408,0xf2...18ae,https://etherscan.io/tx/0x9af5cce1b47736884dff32815ea2524936e515cf54f9288bcf10aec4ea9c9850
2023-03-25 16:08:59,False,0.08816,5.04e-05,3651.39,0.184,0xa1...0e5e,https://etherscan.io/tx/0xbb677c016d99c23999114b51e65fa571a3387e49683a108e0eda72e2b14b0c39
2023-03-25 15:55:11,True,0.08881,5.071e-05,2250.88,0.1141,0x2e...f345,https://etherscan.io/tx/0x0e4240777e510abd21c96a88dd0a1a340ec185ac1612bb79b1d5ca0acb6fa810
2023-03-25 15:51:47,True,0.0888,5.069e-05,428.624,0.0217,0x2b...a63e,https://etherscan.io/tx/0x74c4e0bdf26371908536641a6cd3797507a56a9f966129dd8e40aa048a53f6cb
2023-03-25 15:50:59,True,0.08878,5.068e-05,1567.65,0.0794,0x6f...0bfa,https://etherscan.io/tx/0x601d2c58945463e05fa248adbb5bd4672a819f976aaccd95171beae40284413e
2023-03-25 15:49:11,True,0.08876,5.067e-05,163.263,0.0082,0x8b...2b76,https://etherscan.io/tx/0x0389af9674289b9d5e1acbd4708e7000dc08c2922b8fdf1516f2178cadf64706
2023-03-25 15:44:47,False,0.08828,5.039e-05,3500.0,0.1763,0x60...0a1b,https://etherscan.io/tx/0xd763fed1174431d8dbbd57562c290f032741f984db213530e98853de39685986
2023-03-25 15:41:47,True,0.08884,5.069e-05,3140.0,0.1591,0xfb...fd64,https://etherscan.io/tx/0xcc5dcbe193d41d98a040010429284c38f6b48879d1e77fd7e25d913cecb460b2
2023-03-25 15:36:35,True,0.08882,5.067e-05,1173.73,0.0594,0xeb...51d0,https://etherscan.io/tx/0x9967c5f02f0519ea07304520f0707734eddf1569fb32ef865afc3ea3f30ce4cd
2023-03-25 15:32:23,False,0.08833,5.037e-05,2662.0,0.1341,0xcc...dfbf,https://etherscan.io/tx/0xae3a2fed81bc2c18887f5be68907a06713b6b28170bd54f7c703f5e9ef56223a
2023-03-25 15:22:35,True,0.08876,5.067e-05,2933.93,0.1486,0x1a...c795,https://etherscan.io/tx/0xa215bdde1e874111b2785612ec5a2b1f107d36f72a3802d6c2800ee9a85790d8
2023-03-25 15:19:11,True,0.08869,5.064e-05,3619.32,0.1832,0x48...defd,https://etherscan.io/tx/0xf7a67d6486f43329ba7a96984e4df5f299752f04f7bfb1a2f9fb8781db95390f
2023-03-25 15:18:11,True,0.08864,5.06e-05,2522.43,0.1276,0x8d...0b75,https://etherscan.io/tx/0xf497575586edc33339508c0979da8f3a99c6416bfae23b0611dd4e8a2fd19cb2
2023-03-25 15:17:11,True,0.08858,5.056e-05,3955.0,0.2,0xbd...d2b3,https://etherscan.io/tx/0x52e5b2090716aa5e7fbece880e1cbfb49c29958fd953daf4e92c24ca1ac0bd34
2023-03-25 15:16:23,True,0.08852,5.054e-05,1176.8,0.0594,0xaa...f804,https://etherscan.io/tx/0xe537df660e4b8172e3917802a40b3a04425a4aa158352204677743a0206764c4
2023-03-25 15:14:23,True,0.0885,5.052e-05,1569.55,0.0793,0x3f...a62d,https://etherscan.io/tx/0xdf056775c208e5b4a37ed5fd044efcd8073464f88224c95aa806da657f462c91
2023-03-25 15:13:59,False,0.08806,5.027e-05,11261.1,0.5661,0x3c...568c,https://etherscan.io/tx/0x32588ea6ba66d3dde486620463a2c5e528d2c3d66ea238b655e8c5ed7d5bf7f9
2023-03-25 15:13:35,True,0.0888,5.064e-05,645.574,0.0326,0x48...defd,https://etherscan.io/tx/0x39088e1ad9a6074c3d7c5e26be9fc473789ab0c2407c8cc480dfcc46328f9107
2023-03-25 15:11:23,True,0.08888,5.061e-05,3102.8,0.157,0x94...9379,https://etherscan.io/tx/0x921935a2eb922544b64fd9c051f3b85d4f5bfaa7c7e07c5fd411fbe84dad60ef
2023-03-25 15:08:59,True,0.08872,5.057e-05,5088.46,0.2573,0x81...441c,https://etherscan.io/tx/0xe210037bfdfd2601b51b6bac8b1370792ea1a00731f810fec3cd59b5029358f5
2023-03-25 15:07:47,True,0.08862,5.051e-05,5577.89,0.2817,0x5a...8488,https://etherscan.io/tx/0x4efe28d5a676bfe5043e96e98f9408c829f38319fa3b2355d46b47f6cf733288
2023-03-25 15:05:59,True,0.08851,5.045e-05,4877.1,0.246,0x0f...1cb4,https://etherscan.io/tx/0x6772f4762654d1ac734e77f982edbafa8aa4b0dcfc0ebe63a9a6c3905b7ea6b1
2023-03-25 15:05:35,True,0.08845,5.041e-05,1179.68,0.0594,0x0a...14a0,https://etherscan.io/tx/0x5805ed60b4865aacec5f468bb63309f5f00606f5b7504c290fdbfb4cfa384b65
2023-03-25 15:04:59,True,0.08844,5.04e-05,1179.99,0.0594,0x0a...38b6,https://etherscan.io/tx/0x6e96db2cd25e760d3b9475fe606071511e701419f76a286c297c0a2351acbc2f
2023-03-25 15:03:11,True,0.08842,5.039e-05,65.5601,0.0033,0x42...cf69,https://etherscan.io/tx/0x43da8996ba231269e6d766993831787b6eb07efea714f3be7ab7e61c78c269de
2023-03-25 14:51:35,True,0.08819,5.039e-05,671.736,0.0338,0xa1...d9d4,https://etherscan.io/tx/0x0984f923e7b3fafdd45575349abc4dd31888765a0f68799a6642e4f46bfa90d0
2023-03-25 14:49:11,True,0.08838,5.038e-05,278.412,0.014,0xe5...263d,https://etherscan.io/tx/0x3b97b9201b8cec61ac89717d38e87eca036c2e32da983906257c52fdf0b127f0
2023-03-25 14:48:11,True,0.08837,5.038e-05,698.469,0.0351,0x33...1353,https://etherscan.io/tx/0x0f07118850ba5803346496889121cf3b851a0278214c30fd49616065c5afc869
2023-03-25 14:44:47,True,0.08827,5.036e-05,2510.37,0.1264,0xce...86f4,https://etherscan.io/tx/0x6eb65b8bdee7261f532b215f9ca821c88661ee70058357475bd2901fc328876f
2023-03-25 14:41:59,True,0.0882,5.034e-05,590.675,0.0297,0x17...db0f,https://etherscan.io/tx/0x6eaaf49c514711e1d282f07b10588925801a724a9f93d8c80abb91a2c27e6d57
2023-03-25 14:38:23,True,0.08833,5.033e-05,1067.96,0.0537,0x6f...d297,https://etherscan.io/tx/0xd94c4a40759aa3ad01c4517a5c8f675707ac108694653d0a8811b668f292aada
2023-03-25 14:33:11,False,0.08784,5.025e-05,40224.6,2.02151,0xa0...44c1,https://etherscan.io/tx/0xc8ae209848bff8a61d728871b51c21710582c55ae10df4a9b63fc36a59635264
2023-03-25 14:32:11,True,0.08866,5.078e-05,390.63,0.0198,0xb1...641b,https://etherscan.io/tx/0xb6e7168aedc60b23bb9ed23e6371876342f56cfbd7659bbba93371d133957f84
2023-03-25 14:30:35,True,0.08859,5.078e-05,356.947,0.0181,0x6f...0c6f,https://etherscan.io/tx/0xdba314990e9a07009dab3b058b786480169eb6bee4618a616c5fffdaeded2ced
2023-03-25 14:29:11,False,0.08808,5.048e-05,1707.15,0.0861,0x42...cf69,https://etherscan.io/tx/0x8c1b121d3785809df6dfed334618d5b779e72a96bae26ee6bff739b19123d5bc
2023-03-25 14:28:59,False,0.08815,5.052e-05,5758.26,0.2909,0x6e...8b83,https://etherscan.io/tx/0x50e446287bc092c93659cc00b2c441d6d215c4121f8f3d3ab4ce70f693a200ca
2023-03-25 14:23:35,False,0.08821,5.062e-05,11484.8,0.5814,0x37...9195,https://etherscan.io/tx/0x5941a6264dff826e37b70fabc6703f61629126660c0afac58c043e93a852606a
2023-03-25 14:21:23,True,0.08863,5.087e-05,21622.9,1.1,0xbb...1ced,https://etherscan.io/tx/0x86b63dbc061326c81b69de2c9e7e174966ce29ff3226727296e9f1f976e7b56e
2023-03-25 14:17:59,True,0.08837,5.074e-05,1230.75,0.0624,0xc0...60aa,https://etherscan.io/tx/0xef30d9cd1dadbbaf9edc9e3167de417a99adf077e3298f14a96d8d0df0d53a06
2023-03-25 14:16:35,False,0.08827,5.066e-05,40729.0,2.06345,0x13...c8a2,https://etherscan.io/tx/0xd93d5e9aee11481aa7338c7dc6dcfc8f8f8537175bfc94ec287ac1d73440acd6
2023-03-25 14:16:11,False,0.08903,5.109e-05,34841.6,1.78036,0x30...83a4,https://etherscan.io/tx/0x722737b6f8eef9fd58c6702d55cb9bc90e8412359b7d16541540dfa46b5aa458
2023-03-25 14:14:11,True,0.0899,5.16e-05,940.263,0.0485,0x42...cf69,https://etherscan.io/tx/0x1e4dab18724f421222888ce4b4e7fbab97ec799a43b0074f3c8b7c85b8c4b1a7
2023-03-25 14:12:35,True,0.08987,5.158e-05,2498.1,0.1288,0x28...cc96,https://etherscan.io/tx/0xde34772d6c420982ab6d274f73c90d9119ddd009c86b0cdb7305fc9882c8eafa
2023-03-25 14:11:23,True,0.08984,5.156e-05,81.4813,0.0042,0x58...c36c,https://etherscan.io/tx/0x142f02f4be7ac363e52fdb7339dab5f375adbed2db32cf09a351fab609584fb4
2023-03-25 14:10:59,True,0.08979,5.153e-05,5000.56,0.2577,0x03...2c96,https://etherscan.io/tx/0xfc4ee853e87637a1cc505cc048f7e30e621c52ea080416d7bb068faea1c4a422
2023-03-25 14:10:23,True,0.08974,5.15e-05,299.368,0.0154,0x28...cc96,https://etherscan.io/tx/0xc3547435c019e9bba8d58d899669a9f1a4fa1e7c26943bd708524dc10042f5e2
2023-03-25 14:07:59,True,0.08952,5.141e-05,16389.0,0.8425,0x81...585b,https://etherscan.io/tx/0x047f218a9be720fff46db0805159e3db1ecf96326b072f7091b98ff3b2e235d8
2023-03-25 14:03:47,False,0.08902,5.105e-05,8820.01,0.4503,0xa1...5fee,https://etherscan.io/tx/0x15c10a74397a628de553c0470bab7f5cc46776024a259244a46c0018ba25812f
2023-03-25 13:59:11,False,0.08923,5.117e-05,10947.6,0.5602,0x4a...890a,https://etherscan.io/tx/0x7bb984e5f1c8b240417f6324ec5afe282a9f3bc4e63c872f7724988e3a3f65bc
2023-03-25 13:58:23,True,0.08988,5.154e-05,286.524,0.0147,0xaf...bf8c,https://etherscan.io/tx/0x5d1f2cc05cd6b46ea8e22974b660bd8c5647c360ed3021f4be5fc1234d7246db
2023-03-25 13:56:35,False,0.08931,5.123e-05,700.865,0.0359,0x25...3e9d,https://etherscan.io/tx/0x71057ff5757f58700ee00a73d3decca672b64e123c83504d70f41e0eae8fdf5d
2023-03-25 13:50:59,True,0.08981,5.152e-05,3844.54,0.1981,0x75...f662,https://etherscan.io/tx/0xd00dd5d626731ce5bdad0acae1c5efbae7657ceef0b5fc56b6131f400264b389
2023-03-25 13:50:47,True,0.08977,5.15e-05,407.746,0.021,0x91...dc25,https://etherscan.io/tx/0xe50c93ad519e81dc0d4581a23412d53f095157c1d0cd31758a31d9e827685dd7
2023-03-25 13:47:35,True,0.0898,5.148e-05,1925.17,0.0991,0xac...d382,https://etherscan.io/tx/0x3b37e8cdbc3244bb820968dd79114a15d3cedaf040bb278a6f26a9cd2cdd5cf5
2023-03-25 13:43:59,True,0.08969,5.146e-05,2207.28,0.1136,0x43...4ca0,https://etherscan.io/tx/0x2dc3e1b0d6f0f38f8ecdc84837106edfe35ccd76e7f00f531c73dc0f007f776d
2023-03-25 13:42:59,True,0.08959,5.14e-05,7635.84,0.3925,0xea...8380,https://etherscan.io/tx/0xf66f35f4077139dadc10055f7b835d285fed1457238718e4d6280d81e406e6dd
2023-03-25 13:41:23,False,0.08899,5.106e-05,1500.0,0.0765,0x40...e43f,https://etherscan.io/tx/0x4a967534b9ac6651f2e79bb8b693e49339b58c5481c67e6f7aa5d57976a200f4
2023-03-25 13:38:35,True,0.08951,5.137e-05,192.93,0.0099,0x2c...4b15,https://etherscan.io/tx/0x1a0014ecd0138b832c61765bfa0be8cae8e446dbc19efabaadc4960787518576
2023-03-25 13:34:47,False,0.08923,5.125e-05,32527.6,1.66734,0xa7...ea36,https://etherscan.io/tx/0xca02b75cf1695355a214481179cbd8f09207f85d1547c266c1a5ef761649b5d9
2023-03-25 13:28:23,True,0.09014,5.175e-05,1149.22,0.0594,0x9a...5732,https://etherscan.io/tx/0x95aea1f4c4c34a5dee80e0212138eb1338339b054f421664289438a11240a243
2023-03-25 13:27:35,True,0.09009,5.172e-05,4024.66,0.2081,0x07...5a61,https://etherscan.io/tx/0x00b09a2f55361f1707ac902c016750c9da54269aae5452074ae496cd7b6434b5
2023-03-25 13:27:11,True,0.09008,5.169e-05,701.13,0.0362,0x15...9172,https://etherscan.io/tx/0xa9632dd53bb2828881cd92dc43c790951c55318dc74902782006c789ba61fd7b
2023-03-25 13:25:35,True,0.09006,5.166e-05,4796.86,0.2478,0x40...1d92,https://etherscan.io/tx/0x2f21cbd78b8253b21ec85c66087533da39e74c3fb49669b240be0df35bbfd9c5
2023-03-25 13:20:47,True,0.0899,5.15e-05,21356.2,1.1,0xcd...a3ca,https://etherscan.io/tx/0x0bd67a840508a72e18134318dd95cf7911c1058857cb076462d19883bbde7903
2023-03-25 13:19:35,True,0.08954,5.131e-05,11574.9,0.5939,0xed...fffd,https://etherscan.io/tx/0xfeba5bfbc1e63ff1e18e936d20e68154e83db8b87ce6da12f891fb3902f5ffcb
2023-03-25 13:15:35,True,0.08939,5.123e-05,2744.04,0.1405,0x10...134f,https://etherscan.io/tx/0x9c28ba7f1f26b89d0df832590063d82c9216014830c31a251ff67f7367bc681e
2023-03-25 13:12:11,False,0.08877,5.092e-05,3000.0,0.1527,0x34...e12d,https://etherscan.io/tx/0x59e7ba6ae2e04ed53ad1717e817ee82988de52971d2e5f43dfff3ade6e48968d
2023-03-25 13:11:59,True,0.08895,5.102e-05,38295.0,1.95409,0xa2...e9b0,https://etherscan.io/tx/0x74b71466d43fd2d660ee54b9c68c0964ed7e7d6c4bf6a05afddf84d30aa0cb90
2023-03-25 13:11:23,True,0.08855,5.08e-05,390.226,0.0198,0xe6...e15b,https://etherscan.io/tx/0x38767e4f2de4cbfc8cc64992c728dc280f6d46978ba0b22dd3b3ea41388e3d77
2023-03-25 13:08:59,False,0.08806,5.05e-05,500.453,0.0252,0x76...26a8,https://etherscan.io/tx/0x37a90b0a23eb1c580819bdc4864ebec82446b5819c1f5d4f2b5d0f4b5549b6f4
2023-03-25 13:07:23,True,0.08861,5.079e-05,2465.51,0.1252,0x9c...dafd,https://etherscan.io/tx/0x6f13ffdf4a29d3fa78dabdaf914267b191f2aaaa0a2e26b9b42ac0fb30a919da
2023-03-25 13:05:59,True,0.08857,5.077e-05,524.618,0.0266,0x85...86c7,https://etherscan.io/tx/0x864ce5e363e8acbc74a4ad69da9df399ae80d3333c908cdda862bc4034643ea7
2023-03-25 13:02:11,False,0.0882,5.056e-05,16147.4,0.8164,0xeb...b4ba,https://etherscan.io/tx/0x44bc925218951f7fe6b64d827e86dd2484fca4ba0559a8d615c7d7209e79685c
2023-03-25 13:00:11,True,0.08889,5.095e-05,216.456,0.011,0xb2...fb43,https://etherscan.io/tx/0x5f9413a630b4f12d00ddfc997eb7216f292f7c0ce49f26efcb32fdcce01692c7
2023-03-25 12:59:11,True,0.0889,5.095e-05,197.845,0.01,0x58...c36c,https://etherscan.io/tx/0x6cbdf72bfd299198007ecfa53f6ba2123a0aeed80ed7a4973003d1e868503776
2023-03-25 12:56:59,True,0.08883,5.094e-05,2075.75,0.1057,0x94...fb97,https://etherscan.io/tx/0x350c0564f182e6d0602da706c6d46ad46fa78de5b9c09c31a57884e1d207bec2
2023-03-25 12:56:47,True,0.08878,5.091e-05,2336.18,0.1189,0x17...158d,https://etherscan.io/tx/0x27aa132e995943ba9fa911cba2e0c4c799c5f7913430048ce63382c756062843
2023-03-25 12:54:47,True,0.08876,5.089e-05,1178.87,0.06,0x18...2ff3,https://etherscan.io/tx/0xf191f6b3270bd18892b8c3002e97590ad8c511f4360df04912aacac0aa196859
2023-03-25 12:54:11,True,0.08869,5.086e-05,4189.88,0.2131,0x61...b2ec,https://etherscan.io/tx/0x53b8fe39a69996a1eaf4902c5591e701f4ca77877fe00582e0d6e7deede36920
2023-03-25 12:52:47,True,0.08861,5.083e-05,390.341,0.0198,0x90...f781,https://etherscan.io/tx/0x8792417b05e077811d98b58629269f76ae69f0d3c5091a91218781450d5d3139
2023-03-25 12:50:35,False,0.08851,5.075e-05,38336.7,1.94566,0x43...0f75,https://etherscan.io/tx/0xad7ac5e17ae834c3d22be5b21ad0438f957d540368e2f9a41e6cf9a01b325191
2023-03-25 12:48:23,True,0.08936,5.127e-05,289.963,0.0148,0x2c...4b15,https://etherscan.io/tx/0x7f9ab6b5cd401ebe7b7f411dac639e2415058b5e7a04bbd43ee00037ea2fbf95
2023-03-25 12:47:59,True,0.08935,5.127e-05,1150.07,0.0589,0xc0...50b0,https://etherscan.io/tx/0xdc7a6004a060aac741ac9e85cc8bb5b0362ac462664bd77cc2804d9fd5c8db2e
2023-03-25 12:47:23,True,0.08932,5.125e-05,1756.01,0.09,0xd7...52ba,https://etherscan.io/tx/0x695f3a31a70ccc937fb8d76e4306f74f889a546cd712e782e7fe50e7b8c22620
2023-03-25 12:42:11,True,0.08952,5.122e-05,3173.49,0.1625,0x0d...2ed9,https://etherscan.io/tx/0xf553f1ea800d48d2373b5eb2080f278eea9b9c296992c6d7be54fdde883de40a
2023-03-25 12:41:47,True,0.08952,5.119e-05,1665.13,0.0852,0x94...5a16,https://etherscan.io/tx/0xcf3e5e7f217d0e2573e6ee05f253be34545befe6a17bc278a7b1c415b359304e
2023-03-25 12:41:23,True,0.08949,5.117e-05,1547.68,0.0792,0x94...b496,https://etherscan.io/tx/0x8d865ce00385a8a8884eff07a0fa2e63802253ba15903ea6e9eadff41822e798
2023-03-25 12:38:23,True,0.08942,5.115e-05,3128.07,0.16,0x91...dc25,https://etherscan.io/tx/0xad1c9c18c74bc3e4dd46f39b29a7677dab3dfcc8c463977c1ee14ebf17a01134
2023-03-25 12:34:47,True,0.08936,5.112e-05,861.608,0.044,0xdf...f1f1,https://etherscan.io/tx/0xf35f2dbfaad72f5f5b9d3b1f8dd6a01219220ee01716657b3cdb9b54567faa41
2023-03-25 12:34:47,True,0.08934,5.111e-05,1004.32,0.0513,0x18...b309,https://etherscan.io/tx/0x58521e68e5f277e443b4db5f9ba58c5961c7160eeed0c0282e85a18253096f22
2023-03-25 12:34:47,True,0.08927,5.107e-05,5433.8,0.2775,0xd8...2285,https://etherscan.io/tx/0x97dc9d90fbd7a6848cca7158517f57a5ada9f10b220ac5f53862fa5e82f3b001
2023-03-25 12:33:59,True,0.08921,5.104e-05,971.027,0.0495,0x59...f9d3,https://etherscan.io/tx/0x2f8cf10cd7c5d64e8c24a04ea3ad026cf21047ffffb38d28b4603a3707733127
2023-03-25 12:32:11,True,0.08917,5.103e-05,1012.04,0.0516,0x6d...8eba,https://etherscan.io/tx/0x7ef04147c7de7c6c71e3dcfc0c0b31914a4067460e0c552e1a34a4a4a9b134f8
2023-03-25 12:31:47,True,0.08901,5.095e-05,11671.8,0.5947,0x59...f9d3,https://etherscan.io/tx/0xe5f68e114758e39df86cda630ceba4982c3b4f9bbaf7db753c16db08384f9ba4
2023-03-25 12:31:11,False,0.08836,5.059e-05,1000.0,0.0505,0x42...cf69,https://etherscan.io/tx/0xcb6acc6dab02c2b5934da51bdf4205ca6231935c22add25d6ce0924c32c02a8f
2023-03-25 12:29:47,True,0.08937,5.116e-05,33508.3,1.71444,0x06...f47f,https://etherscan.io/tx/0x1ce1be81454c5097313ce677b52ee547b2e4a5246d2fc009dde6967d5dca4462
2023-03-25 12:28:47,True,0.08822,5.05e-05,1819.16,0.0918,0xa6...498e,https://etherscan.io/tx/0x5fe98a8422161f851e6b53456bb76c39e2e8fc410308f22242bd3dc58be8635c
2023-03-25 12:27:23,True,0.08818,5.048e-05,1461.21,0.0737,0x59...f9d3,https://etherscan.io/tx/0x35554162876de872e54c462ff1edcb87321ab682803a41ca4744d1dd4ae584fb
2023-03-25 12:27:23,False,0.0877,5.021e-05,6276.95,0.3151,0xc5...70bc,https://etherscan.io/tx/0x02b6233c2b2bfe614abeb146f0d80ffede1ecc4c0681b5b0927c65786bcbb39e
2023-03-25 12:25:47,True,0.08829,5.054e-05,455.031,0.023,0x82...3698,https://etherscan.io/tx/0xdff716e5aa6415b927ee087bed5376dad8db5fc9325ca90d668cf09cd95663ca
2023-03-25 12:24:35,True,0.08826,5.053e-05,1082.51,0.0547,0xf1...8802,https://etherscan.io/tx/0xb3b22928cb2f574ba55f3fd5761f415528bc124b7b84dde727d0c634039a198a
2023-03-25 12:23:59,True,0.08823,5.051e-05,2727.56,0.1377,0x26...7ddd,https://etherscan.io/tx/0xf0901f1495173eb87c4ed5c24a9b55df79adb48f792a65a0a4a825c52c297efc
2023-03-25 12:23:11,True,0.08816,5.048e-05,3398.95,0.1715,0x85...9129,https://etherscan.io/tx/0x25e14f084c148952f32234d94dff8c6e5c547843cbf2a6415671455ad5311dcd
2023-03-25 12:22:59,False,0.08763,5.017e-05,3123.75,0.1567,0x6c...d689,https://etherscan.io/tx/0x042e8e791ca65557fcc358d1795236690fa1337fa87fc478ab4ef5fe516b3db5
2023-03-25 12:21:11,True,0.08813,5.046e-05,6398.78,0.3228,0xc4...7c60,https://etherscan.io/tx/0x3ace02d3fe3e95f4f62cab06d477037c2a48845dd2b7d186ddef97416e312e87
2023-03-25 12:20:47,True,0.08804,5.04e-05,2928.11,0.1476,0xd2...d1f6,https://etherscan.io/tx/0xdde83fd7849842d03269acdb12ffc075d366a3b062a69e01b9413e082fb502e6
2023-03-25 12:19:59,True,0.08798,5.037e-05,2382.05,0.12,0x17...aa2d,https://etherscan.io/tx/0xf32138e18b7768fcbb9f3bc9e5a1bc4f1c23bde75874e12165af8c13d343f965
2023-03-25 12:17:23,True,0.08788,5.032e-05,6349.57,0.3195,0x4f...7447,https://etherscan.io/tx/0x4e266fe276c6fbf400e063628b95265342ba677787d4717925b15b07cde78410
2023-03-25 12:16:11,True,0.08776,5.025e-05,5640.7,0.2835,0xf4...3f2d,https://etherscan.io/tx/0xcee9286631b68b29b0f41dd22d8b259cdfd7f9037f2b4f87aabcc9bebde7a837
2023-03-25 12:14:23,True,0.08769,5.021e-05,1593.04,0.08,0x35...28d1,https://etherscan.io/tx/0xa8e70e872eaa29545a72e2bdcfe5bdfdc3aa7516b43d6edca3871ce937a4c765
2023-03-25 12:14:23,True,0.08766,5.02e-05,1005.0,0.0504,0x41...061a,https://etherscan.io/tx/0x65361dc77e97279efb39fb1bbb30c520946fd54d8eae3446001a8f84efe32303
2023-03-25 12:10:23,True,0.08771,5.019e-05,236.968,0.0119,0xcc...df78,https://etherscan.io/tx/0x67fd77d4ee99504980f0279967a3245635aa7ad05d1d74d52a3dea181a938904
2023-03-25 12:09:23,True,0.08765,5.016e-05,5000.0,0.2508,0x69...1a1b,https://etherscan.io/tx/0x19401ecb1b1130a4a20299f4169a4644ca4de2ebdfb7addb47bdd468b9e95a3d
2023-03-25 12:09:11,True,0.08728,4.995e-05,32515.6,1.62434,0xa7...ea36,https://etherscan.io/tx/0x384bf000fda7b4d74ba54ed0e5ac8898fc72f68746503e4d38227731ac75fd13
2023-03-25 12:08:11,True,0.08695,4.977e-05,601.528,0.0299,0x3f...6d16,https://etherscan.io/tx/0xb5d134705d202a7ad3be3368e9d331da8b40e42510d5507ffc1491711b878012
2023-03-25 12:07:47,True,0.08651,4.951e-05,44931.5,2.22489,0x43...0f75,https://etherscan.io/tx/0x92289d47f62e8bd8f23c6f3ea7f70f6e62267d3a504b180f8694869dd65a4b51
2023-03-25 12:07:23,True,0.08605,4.925e-05,2862.72,0.141,0x4e...0522,https://etherscan.io/tx/0xbb3d94bfee7a53671cd0bad89d50ca4f4689bb0ccb64b2259318c1a44b25ac76
2023-03-25 12:07:23,True,0.08602,4.923e-05,327.658,0.0161,0xca...41e6,https://etherscan.io/tx/0x8d24df0c91941e5827b5d08b9cc0deb660467ce234a01939d813690fc23e26d7
2023-03-25 12:04:11,True,0.08603,4.923e-05,805.402,0.0396,0xe9...a664,https://etherscan.io/tx/0x51dc2d4bcc7a6e1b78c87973b8240325bfcfd7a439c1558add6cbe8cb2b16b0e
2023-03-25 11:59:47,True,0.08605,4.922e-05,574.618,0.0282,0xe1...69c6,https://etherscan.io/tx/0x7addd56a2d1173713712be72dcbfa7b2ce8d14f2700e1dec3adc4078dd325154
2023-03-25 11:56:59,False,0.08572,4.902e-05,19155.9,0.9392,0x5e...c1cd,https://etherscan.io/tx/0x94fa6c12e85fb9f1ddf11118708531417889cd72ac7a0efa9fe5a7e85d9f379d
2023-03-25 11:55:23,True,0.08643,4.942e-05,80.2157,0.0039,0x1e...0d39,https://etherscan.io/tx/0x91c0979820fd9c66fd9424a4e2037af6646988ea454823dec013663461cef168
2023-03-25 11:55:23,True,0.08643,4.942e-05,401.1,0.0198,0x41...0942,https://etherscan.io/tx/0xdf88bd1dc292806c56e4fe2013fc3e2ae0f5850afe8b8004556948cbc716a941
2023-03-25 11:54:11,False,0.08605,4.921e-05,15000.0,0.7381,0x75...a67e,https://etherscan.io/tx/0xa7ff938850b44ac89d1c41e718f56682009ab157274df5c7ef2920fac339addd
2023-03-25 11:46:23,True,0.08671,4.958e-05,1399.43,0.0693,0x71...936a,https://etherscan.io/tx/0x1fe38eb4f81b7ad69c31588fac042b164d2ce22c0ab3f8edd15e07f55a5d517a
2023-03-25 11:45:59,False,0.08636,4.94e-05,22654.1,1.11917,0xfd...94eb,https://etherscan.io/tx/0x91a0948c785e71a62d1db66a4d26a9cd356571ff34078bea08c8422587b581f9
2023-03-25 11:45:11,False,0.08707,4.98e-05,50000.0,2.49032,0xc1...dd5e,https://etherscan.io/tx/0xd04664d108bc25657747e21c7681073f2ab4a502f1b278fc4cab0dcdd9a405b5
2023-03-25 11:42:35,True,0.08792,5.037e-05,2203.1,0.1109,0x9b...4265,https://etherscan.io/tx/0x44c8c5c160b0bbf39061854732ef909de96a58e7fd76af8709976bb75c0fb3be
2023-03-25 11:40:23,True,0.08783,5.035e-05,2237.13,0.1126,0xad...dcbb,https://etherscan.io/tx/0xf6ca6c3fca9380bbb71869c98b081d5fe1a73c11d703171b8d634f3abde30094
2023-03-25 11:38:23,True,0.08779,5.033e-05,635.754,0.032,0x15...800a,https://etherscan.io/tx/0x6a11b34fd43069b7e9fcd3f123e4a1885bb953a9c45cc6cc18ea8a24c1be6de5
2023-03-25 11:36:47,True,0.08776,5.032e-05,1664.58,0.0837,0x93...55e0,https://etherscan.io/tx/0x7cd08269aaf09cb9ed5a1057c284feea318f7f6c21e566e159f7348fa2e54e51
2023-03-25 11:34:47,False,0.08717,5.002e-05,2000.0,0.1,0x7d...b8a7,https://etherscan.io/tx/0xc6313f3459048e8b97cf2f62f2d8c7dfaf90176e356ee102860b1f9c07dec8b0
2023-03-25 11:33:35,True,0.08735,5.012e-05,37132.0,1.8612,0xfd...94eb,https://etherscan.io/tx/0xc68fff628e8c932606994375c98ab19302016f0dc89590d32f6722f7cfe094d8
2023-03-25 11:33:23,True,0.08696,4.99e-05,2579.12,0.1287,0xb6...afdf,https://etherscan.io/tx/0x4f2eabf55f5264e67c75ce484c6dbf380a4cbdf9943056dc66f932fbc755e72d
2023-03-25 11:31:35,True,0.08691,4.987e-05,1354.62,0.0675,0x86...4d70,https://etherscan.io/tx/0x5459f909b03c88ae9f49db7eda6c1cf4ba575d69f63e5a2b4d9029f66a1fa310
2023-03-25 11:30:59,True,0.08687,4.985e-05,2808.12,0.14,0x6f...1bcb,https://etherscan.io/tx/0x6d0fcd93940102542476b7f10df8c5f1ac4f9873f62c79ee22765c5a9c5abd92
2023-03-25 11:28:23,False,0.0866,4.967e-05,24781.3,1.23111,0xa8...037f,https://etherscan.io/tx/0x56272e9acffef5cf8247c2dbf08a71fc9256b08bae08186313c050e0f1ce5a86
2023-03-25 11:25:35,True,0.08738,5.009e-05,4253.04,0.213,0x76...7d5e,https://etherscan.io/tx/0x9c23b760ce19544cc4b939fd687e5f5c1fcd9e5129efc5ce89433fe69d7bc562
2023-03-25 11:25:35,False,0.08715,4.995e-05,33396.6,1.66838,0xc9...37ee,https://etherscan.io/tx/0x143feab2c35ba9e4323b1d92fe146625f6e30d4d43ebeb4b79480f6c7d362960
2023-03-25 11:22:23,False,0.088,5.04e-05,45665.7,2.30171,0xd3...762d,https://etherscan.io/tx/0xc7b00b55be25f4c05d6fb8193f89562ef9b8d54dd56a4d11caeb4000c5d19d33
2023-03-25 11:21:11,True,0.08894,5.095e-05,2649.47,0.135,0xd8...4277,https://etherscan.io/tx/0x6ac695f9c57e36eddc790670ec962280f81c5bb030e66105511456091c2def8c
2023-03-25 11:19:59,True,0.0889,5.092e-05,1849.07,0.0941,0xbd...2fe3,https://etherscan.io/tx/0x7d6abe0448d8d0fb6738a42c081e561696d4dd8610ba1c7f1c515435e127d0af
2023-03-25 11:18:59,False,0.08836,5.061e-05,1000.0,0.0506,0x29...a1af,https://etherscan.io/tx/0xc77b1814ef46cebc289c119af864a5f8bef0c587319921dc558c8fd76055f69a
2023-03-25 11:18:11,True,0.08888,5.09e-05,3504.84,0.1784,0xc5...45b2,https://etherscan.io/tx/0xa8f0a8e6f0965674ff657459353b226713814c538169822f2295b4f6f369f77a
2023-03-25 11:17:35,True,0.08882,5.087e-05,1948.34,0.0991,0x4e...036e,https://etherscan.io/tx/0x09ba40d6ae77aad8fdfcd77a4686c791f04d95f16a78f36ca68b7a04fe9ab6c0
2023-03-25 11:16:35,False,0.08836,5.061e-05,9500.0,0.4808,0x47...5346,https://etherscan.io/tx/0xdd2712838f83b349dca9c13d4c5bd4dc302d7a02a637ec4b216ef7d419481d2e
2023-03-25 11:16:23,True,0.08904,5.097e-05,832.165,0.0424,0xa8...267b,https://etherscan.io/tx/0x5fcb1261b582fc6a421db43222924d33f4a1c2b725eba589e13456a7f7b81c9b
2023-03-25 11:14:11,True,0.08897,5.093e-05,5566.08,0.2835,0xee...6e26,https://etherscan.io/tx/0x2e6babf4678cb3e028be733d3f510703e422676cbd9b1be84e7a50bee405c82f
2023-03-25 11:12:59,False,0.08844,5.062e-05,5171.74,0.2618,0xf9...9513,https://etherscan.io/tx/0x81b846cd4814216fcebbd67d430034d30b820ff94c23c8542675fd2c10fa3425
2023-03-25 11:10:23,False,0.08858,5.067e-05,3500.0,0.1773,0xae...c93a,https://etherscan.io/tx/0xa458b790c77677ff775dbab46f56e9de3043bde1fac6c2668bedf2b5d8b36e42
2023-03-25 11:04:59,True,0.08914,5.098e-05,2527.4,0.1288,0x8e...3a77,https://etherscan.io/tx/0x75ce283e2582fff3a2e01fc57bf8791f09f00130ab5f9f09dbfe62dbd42572c8
2023-03-25 11:03:23,True,0.08911,5.096e-05,1177.21,0.06,0x7c...d3f2,https://etherscan.io/tx/0x35262221964bd77154971aa58266a31102a2bbd2714a20f92b3e47e912b9969b
2023-03-25 11:01:59,True,0.08911,5.095e-05,194.527,0.0099,0x0e...fb7d,https://etherscan.io/tx/0x4ccede3012e44b6058943db7e4ef6a234c89dbd3d48a1f82b1c6ce2ac8510528
2023-03-25 11:01:11,True,0.08911,5.095e-05,116.72,0.0059,0x36...5607,https://etherscan.io/tx/0xdc44fb668aec78cb90efa4f9af0678c600053030e2f68cbde62a2311daac9a69
2023-03-25 11:00:35,False,0.08858,5.065e-05,495.625,0.0251,0x8e...a924,https://etherscan.io/tx/0xe3e134268773a78abc89911beedc3aed86c9c0e7a15816b94d33cefaf51dc192
2023-03-25 11:00:23,True,0.0891,5.094e-05,1962.75,0.1,0xb9...24ea,https://etherscan.io/tx/0x7204428e17263e597f0fd6dfad83059cf386cde18fdae20420f02e3d9e05ea1f
2023-03-25 10:59:59,True,0.08907,5.093e-05,560.487,0.0285,0xf2...b6da,https://etherscan.io/tx/0x21fafdbb0f60d61380a2c9859728891c87979d48b7cec531222abb6ec1bc6e97
2023-03-25 10:59:47,False,0.08854,5.062e-05,495.625,0.025,0x8e...a924,https://etherscan.io/tx/0x1c2e37b2b1fdd0ec0e81ae4bc38e274a2f140c989fd62de72fc02aebd5dd165f
2023-03-25 10:58:47,False,0.08855,5.063e-05,495.625,0.0251,0x8e...a924,https://etherscan.io/tx/0xcbaf4bee94ec9332ea5797bbb5ed2c2f285cd92a52d0907d89e7ed9844b91bdb
2023-03-25 10:58:11,True,0.08903,5.092e-05,3317.61,0.1689,0x8f...a3ef,https://etherscan.io/tx/0xe8943c3001a57c7e4112969e6a4a67c85480979bd7c157ad81f480b60eff7aae
2023-03-25 10:56:35,True,0.08899,5.09e-05,584.225,0.0297,0x64...c924,https://etherscan.io/tx/0xe009c6d30a485f2ddac3683acd20f39cf5ef891ac4f73e680c2d05af5b67e545
2023-03-25 10:55:35,False,0.08849,5.069e-05,17086.5,0.8661,0xad...39f2,https://etherscan.io/tx/0x1fb981d12997c57a68d7e66b94291e1f206539fc93307e709c13dc6c0ab81fe8
2023-03-25 10:52:23,True,0.08916,5.109e-05,174.606,0.0089,0x36...5607,https://etherscan.io/tx/0xade85d62780deebd5f226ae000dd42fe4334539b74c4a9b1e065602df2aaf1dc
2023-03-25 10:49:11,True,0.0891,5.108e-05,2191.13,0.1119,0x76...7d5e,https://etherscan.io/tx/0x905225e88e2d7081a6b3fcd19b08bc48eca01ee2089577affb2fc6db20aa2115
2023-03-25 10:48:11,False,0.08912,5.109e-05,57644.7,2.94537,0xf8...8585,https://etherscan.io/tx/0xdeed0e5d49affe000398e35124691594f25fbc9c9ab21f21088fc19a1f6d9b7a
2023-03-25 10:38:23,False,0.09028,5.179e-05,11974.3,0.6202,0x1a...000e,https://etherscan.io/tx/0x7cd41dae7e0c25366e5a33085db0045bdd44c0ae43c345aaf8f2921612566e13
2023-03-25 10:38:11,False,0.09042,5.188e-05,2205.96,0.1144,0xab...8696,https://etherscan.io/tx/0xf5211a9b39cfc5da1528b701e6885478fec294d15ebc39ebc9d6e7ed5546e66b
2023-03-25 10:34:47,False,0.0905,5.19e-05,1537.19,0.0797,0xf1...7fd1,https://etherscan.io/tx/0x057c7c3ea9c20106adfc003a2d5a8f556b2986ff0ab746358ac900b70d199a02
2023-03-25 10:31:59,False,0.09067,5.204e-05,21683.7,1.12847,0xea...56b1,https://etherscan.io/tx/0xcc4703f0940e52444c49d03cee3fc4508c3596b6be63938c83d8e7e7e84f3a4b
2023-03-25 10:27:11,True,0.09137,5.246e-05,2928.11,0.1536,0x2e...f345,https://etherscan.io/tx/0x8f5fcb306999ed4232b1b86110600ce292a9518be588f20585f5ab631c8c5a51
2023-03-25 10:25:47,True,0.09136,5.244e-05,472.493,0.0247,0xc8...a250,https://etherscan.io/tx/0x7a94fd1105651f68387451504a6ae7f6c1c7e721c7a266177cfb75828961f6dd
2023-03-25 10:23:59,True,0.09134,5.243e-05,1701.4,0.0892,0xe1...f649,https://etherscan.io/tx/0x7649ed09cb2fb78204ca50766151f7c2c394a8f59c1972a0ceb1006e073dc4e7
2023-03-25 10:23:35,True,0.09115,5.232e-05,16101.8,0.8425,0x74...5e05,https://etherscan.io/tx/0x21c56dc8141137854d5b3307d6400297da97fd5cb3040ac718ca2c3f7b0ef8d0
2023-03-25 10:21:47,False,0.09056,5.198e-05,11226.5,0.5836,0x42...2585,https://etherscan.io/tx/0x16b685eb9618470fa26d0742609f45a99020dddf701340cfd8fbd91472e1d71d
2023-03-25 10:19:11,True,0.09123,5.236e-05,693.062,0.0362,0x40...4c6d,https://etherscan.io/tx/0x48c4d9048df636265bb5791cb0e398a016f419250a63e3f48f6677ad5ee15465
2023-03-25 10:19:11,False,0.09068,5.204e-05,500.0,0.026,0xad...a53f,https://etherscan.io/tx/0x154b7722283c0ea5eafb84d4819a9ed3917720843042bbe3a21e6d143d7af435
2023-03-25 10:17:59,False,0.09083,5.216e-05,19995.9,1.04317,0x39...38ef,https://etherscan.io/tx/0x05c6443e98b8d26e43a183d993ccb2da0949bd1b974588dd04a441d4fab4cb67
2023-03-25 10:13:59,True,0.09141,5.249e-05,17680.7,0.9281,0xb5...2845,https://etherscan.io/tx/0x8e234ba3b4599e23113a60b73d94464628bd6cfc870101c232a5f06bf7b6f0fd
2023-03-25 10:13:59,False,0.09145,5.251e-05,80054.7,4.20428,0xc9...27b6,https://etherscan.io/tx/0xc888050a42f4abc564b23c3307c94e176658b93e6221fc36c15cd2123b53b91e
2023-03-25 10:10:35,False,0.09286,5.328e-05,38852.7,2.07029,0x55...1919,https://etherscan.io/tx/0xcfabbf959b7a2732e141507800fdd09f010dc207e98bd4d968df0f3a65f718ae
2023-03-25 10:09:59,True,0.09383,5.384e-05,220.903,0.0119,0xaa...60e4,https://etherscan.io/tx/0x4d49ae1777fb8c330c3e78773aaa8099cd175c462058c10dcce7b12f7a3f2a2a
2023-03-25 10:08:59,True,0.09383,5.384e-05,18.4091,9.912e-05,0x30...237e,https://etherscan.io/tx/0xdf20f1e056fe79522cfed34ec4a4e9225990e752e5f72956c1fa4ee0fd1f5b70
2023-03-25 10:08:47,True,0.09377,5.381e-05,5526.3,0.2973,0x8b...4499,https://etherscan.io/tx/0x00f1a4e581ef7160befee7ba47d62ce13b537ff2ce5f0ccd4d52fe6deddf1fdf
2023-03-25 10:08:23,True,0.09366,5.375e-05,4081.62,0.2193,0x21...0bfe,https://etherscan.io/tx/0x2823bba62bf7dde581c8e54b32a3af329fe5b836c4e338eecf2d1a9a34a68a3a
2023-03-25 10:01:11,False,0.09333,5.35e-05,16812.8,0.8996,0x55...1919,https://etherscan.io/tx/0x1042f00808e6c6e3170ee9aaee419fca8da6ada8e2f4a0c9f358891fc2084227
2023-03-25 10:00:59,False,0.09352,5.361e-05,129.903,0.0069,0xcd...8b08,https://etherscan.io/tx/0x426511a583cfc5179d164f71c520ccc264a9464cd8c348b6552247ea6d316439
2023-03-25 09:52:11,True,0.09386,5.392e-05,2115.18,0.114,0xee...8509,https://etherscan.io/tx/0xcad0415e2fd0198bbd2f56b3d7083b14b303e6088df0d27e6af37f311f501605
2023-03-25 09:47:23,True,0.09384,5.39e-05,317.188,0.0171,0xc5...7a04,https://etherscan.io/tx/0xd955bae30247014c42aba78634e63d93ecc47a98eef2975f9601f67283e4dbdb
2023-03-25 09:47:11,False,0.09351,5.371e-05,21154.6,1.13634,0xc6...fed0,https://etherscan.io/tx/0xd64f597f62c666d9f7ca023aa3fe88823cc0da3cfab6ffb18175294faa479bd4
2023-03-25 09:46:23,True,0.09429,5.416e-05,1247.52,0.0675,0xc5...7a04,https://etherscan.io/tx/0xfec6fce4c76ef56916b6346999f014944874f40a260d901b371ce698a9c7da04
2023-03-25 09:44:47,False,0.09394,5.396e-05,21154.6,1.14163,0x17...272e,https://etherscan.io/tx/0x3408a0a6ff24db8fae6c18f0e60d698a7ea8f85d418adc92ff370c416155399c
2023-03-25 09:42:47,True,0.09469,5.442e-05,528.21,0.0287,0x89...e125,https://etherscan.io/tx/0x19aee8c5b1eab6e36a939bcf886213a3666d91455ec3991bd20c8714bb5f347f
2023-03-25 09:34:47,True,0.09491,5.441e-05,182.156,0.0099,0xc9...8b09,https://etherscan.io/tx/0x34869892212f8891c42827c48170531a958be300c0bbbfa9e447c60c27675b3c
2023-03-25 09:22:35,True,0.09499,5.439e-05,3598.04,0.1957,0x0b...f2a9,https://etherscan.io/tx/0x745785a3e7ce64890f8221e40f0cc7f946be8c514841239e85adf8c2b4a8d62e
2023-03-25 09:18:11,True,0.09504,5.436e-05,517.421,0.0281,0x42...cf69,https://etherscan.io/tx/0x3b0d6168690456c182bf7831c4344d9a11f34631b4ac2b07ed49d6b68c35cd93
2023-03-25 09:17:23,True,0.09503,5.435e-05,711.171,0.0386,0xb4...dfc5,https://etherscan.io/tx/0xf4e0e7c038baa72d24f9e18700a283f7fca5933d8b6dad1467048cb617a4809a
2023-03-25 09:16:59,False,0.09454,5.408e-05,8307.6,0.4492,0xdb...e81f,https://etherscan.io/tx/0xd57c03667ec46076327310afbdbfb78419ce198881b328113787da5c41200234
2023-03-25 09:16:11,True,0.09519,5.445e-05,940.053,0.0511,0xda...7573,https://etherscan.io/tx/0x0483bd4f20b4f0d998a9f6cb2c3b115229bd576727291ed4b3ffa5144c9ecb6f
2023-03-25 09:14:11,True,0.09506,5.438e-05,10572.2,0.5749,0x05...4d86,https://etherscan.io/tx/0x95ea4a6a9cf62f5c90e8391bc8aef5d474ca9b3ffc5773615e21720b49bfcd1a
2023-03-25 09:13:35,True,0.09491,5.429e-05,3007.72,0.1633,0x15...3db4,https://etherscan.io/tx/0x9e6271daf6952ede88dfff050878ddf88c3fc1d3e24668d8beacabfb159bb9bc
2023-03-25 09:11:59,True,0.09487,5.427e-05,182.637,0.0099,0xf8...27aa,https://etherscan.io/tx/0x2b1e5d1cc77f86f88c44e8cbcae67bc82cdacf1b9220251f389091b9ad831bc5
2023-03-25 09:11:23,False,0.09445,5.403e-05,13276.0,0.7173,0x00...bde7,https://etherscan.io/tx/0xd9ad44b69db4717bcb03d477df7b1cd672b9ca0de757f59602e58999714872d2
2023-03-25 09:11:11,True,0.09515,5.443e-05,1329.36,0.0723,0xfb...d405,https://etherscan.io/tx/0xbe958b5c4899ef29270390fb37bdf7f79a73d712419f0f3c11933ec76c1a8867
2023-03-25 09:04:11,True,0.09491,5.434e-05,12881.3,0.7,0xda...d60c,https://etherscan.io/tx/0x32af2806f7030650e08b5a7b842d3a49fe57028e25e9eeb9a4f0d5b3a030d88a
2023-03-25 09:02:23,True,0.09483,5.423e-05,3655.22,0.1982,0x16...cda2,https://etherscan.io/tx/0xa377940cbe5e891be10fab624a1fc6aeda6063dbe90d48c826f7601f5886c314
2023-03-25 08:57:23,True,0.09481,5.421e-05,54.8521,0.0029,0x44...807b,https://etherscan.io/tx/0x5d0a5d7fc0cc4b6b8ea26f6111fcdbf790d894d3c4a3be05bc0ca6a4366ca99d
2023-03-25 08:55:35,False,0.09429,5.389e-05,1000.0,0.0539,0xfe...bacc,https://etherscan.io/tx/0x9bad42c69caba4a004c3e22ff3058198b579d71e0e77c290f2b574f55bd5564c
2023-03-25 08:54:47,True,0.09486,5.422e-05,886.667,0.048,0xc6...3ad7,https://etherscan.io/tx/0x6e72ba33d60d2a1ed94f580b8da0d1fd3b9f94c62fa495fa1468e11c1cffe326
2023-03-25 08:53:35,True,0.09489,5.421e-05,461.152,0.025,0x26...ebee,https://etherscan.io/tx/0xfbece2cc0b6ec09920311dcbd33bd819a8258daec48564ccb4fc837be4ea1d18
2023-03-25 08:51:47,True,0.09485,5.419e-05,2301.86,0.1247,0x24...99f3,https://etherscan.io/tx/0xd57aef76a507595478c775cb4c08043db8118b533ba623deb5057e4321bc7e20
2023-03-25 08:47:59,True,0.09489,5.417e-05,1463.89,0.0793,0x0a...6a15,https://etherscan.io/tx/0x86511f7adf4410b83f6b40866506d746002cbf08df7049d5ca4574f1890dccbb
2023-03-25 08:46:59,True,0.09486,5.415e-05,1427.78,0.0773,0x50...6db6,https://etherscan.io/tx/0x57e050896fac9a435209a7eb9c34e6de26bf1a813a89c88204fa43d058b9297b
2023-03-25 08:45:23,True,0.09484,5.414e-05,461.763,0.025,0x91...dc25,https://etherscan.io/tx/0xf68443641cdeae8536b8f8a852d945d0162b48fef5bf6c0ac4f1921d21b8eed7
2023-03-25 08:45:11,True,0.09471,5.406e-05,11000.1,0.5947,0xbf...b320,https://etherscan.io/tx/0x598cd2a56f88c090d22cbdc44d63336a9f402122f98655672f38a02e500208fb
2023-03-25 08:44:59,True,0.09456,5.397e-05,3140.2,0.1695,0x00...da02,https://etherscan.io/tx/0x7cb236bb5f1513db77b5fa9c1498ee073407f4409a99edb74ef7589ff43319bd
2023-03-25 08:43:23,False,0.09402,5.367e-05,7000.0,0.3757,0x61...dc3f,https://etherscan.io/tx/0x7a24e978bdfe43b0d4cdb459e173048f6837b03badcf1b0c1cd93d3da248fd48
2023-03-25 08:42:47,True,0.09465,5.404e-05,1088.35,0.0588,0xe7...f96e,https://etherscan.io/tx/0x8fd51ae8d2e7ee78b6297ecf6a30199862555902ec6de9d26a9becf5d481e86e
2023-03-25 08:36:11,True,0.09457,5.401e-05,549.458,0.0296,0xa7...3575,https://etherscan.io/tx/0x7b9bd84bf61d7a41644e79c2959f5914d8bdd37b4443b50736bf86d914285327
2023-03-25 08:33:47,True,0.09458,5.401e-05,183.531,0.0099,0x1e...0d39,https://etherscan.io/tx/0x373fa337d46eab829ae98712688db4b7e7d6aba16334cb45717693f189eeb280
2023-03-25 08:25:23,True,0.09454,5.398e-05,4187.58,0.226,0x0b...f2a9,https://etherscan.io/tx/0xba15d142cc3cc4b7e6939772913269274abac90ed7b78fd2b67167da1b5a4d07
2023-03-25 08:23:59,False,0.09385,5.363e-05,525.232,0.0281,0x41...c309,https://etherscan.io/tx/0x050a7714e0c62bb96e377edde6c25794ddb1943008e5d7ba41ffdf08aac8e10a
2023-03-25 08:21:59,True,0.09434,5.393e-05,4635.35,0.25,0x91...33d1,https://etherscan.io/tx/0x3be62f08ec5936bcd7329739bc6c1c6a959430a26d8072be53e758b513af9171
2023-03-25 08:20:11,True,0.09425,5.388e-05,2947.52,0.1588,0xd9...ae97,https://etherscan.io/tx/0x50e82224462d06a71b03086890082a314118fbbc24d3fed3894cc93f9294e684
2023-03-25 08:19:23,True,0.09421,5.386e-05,920.187,0.0495,0x0c...e326,https://etherscan.io/tx/0x679a6ebc5efc692fdf809515bb2c860fc99d4f2eadd782d40b4f424dbde2919a
2023-03-25 08:17:47,True,0.09417,5.383e-05,2959.6,0.1593,0x2a...a7b4,https://etherscan.io/tx/0xce4736b506ddca83326801ff45d671f48201acf6d594dd097592219516cf3a67
2023-03-25 08:16:59,False,0.09358,5.35e-05,1000.0,0.0535,0x0c...e326,https://etherscan.io/tx/0xa17379cd5d1158110aaef172e9076d264419d72911dc08fc66a7b83f17c718ca
2023-03-25 08:15:35,False,0.0936,5.351e-05,1057.52,0.0565,0x0c...e326,https://etherscan.io/tx/0x5e7df83db25fab16d1cbddee4dab6f4026a1ac92dd272341ccf8763f05779f54
2023-03-25 08:09:23,True,0.09413,5.384e-05,651.75,0.035,0xd0...959b,https://etherscan.io/tx/0xa94a1917312fbd25ceab35d749d8a5870ece3483fcf11729d7106be98429a8fa
2023-03-25 08:05:35,False,0.09358,5.352e-05,1435.15,0.0768,0xa9...75ae,https://etherscan.io/tx/0xf001cd7b2d6e60632b2bea12e7dff562f7dbf04e1a97e3b06bcb1561773e0aee
2023-03-25 08:04:47,True,0.09415,5.384e-05,1049.29,0.0565,0x4a...5ed3,https://etherscan.io/tx/0x0111a0c738bb48dbff6e5495cc7b6877b4131a549b492a8ef69ffaa449b5f9ad
2023-03-25 08:04:23,True,0.09413,5.383e-05,1104.79,0.0594,0xc0...1010,https://etherscan.io/tx/0xf39edf54a6ecbc080ed110f29070d3731c4c3b9ff321c736dcab54d5cf24467c
2023-03-25 08:02:23,False,0.09355,5.35e-05,500.0,0.0267,0xfa...18e4,https://etherscan.io/tx/0xb9f590c87650c08d0ffc9d4a1711af66c27c7ee2348afc16d7b98fc72eefc4f7
2023-03-25 08:01:47,False,0.09357,5.351e-05,500.0,0.0267,0xfa...18e4,https://etherscan.io/tx/0x8648f743fb5f8a0ee9afdb3a6063a0b86b322c2f7313f41db7fd5a7209a5a559
2023-03-25 07:58:59,True,0.0941,5.379e-05,7041.53,0.3788,0x91...dc25,https://etherscan.io/tx/0x8d7540b45c9fb6203fcac9cf7cc58923b2680fae384995ab040d3237bff1dc4b
2023-03-25 07:57:23,True,0.09401,5.374e-05,1404.38,0.0754,0x2e...f345,https://etherscan.io/tx/0x82c40975d1a93f3dcbf60d68a5eb3266f54a9f7439128a649dcfef15bde81500
2023-03-25 07:55:11,True,0.09398,5.372e-05,1476.06,0.0793,0x96...60a6,https://etherscan.io/tx/0x9fb7d9e2c3c9512c577ad8b27aedc1d0948a969a1ced5f307ef2f7e169f3b38b
2023-03-25 07:54:59,False,0.09343,5.34e-05,2500.0,0.1335,0x5b...71f3,https://etherscan.io/tx/0x961e8095baf50228a7244725f18eee6342b1ea829bb644bd92ef60b3e4678d7e
2023-03-25 07:54:23,True,0.094,5.373e-05,2090.58,0.1123,0x84...1048,https://etherscan.io/tx/0xe0e3bedcceedbfb2b05bd35cb6429ecba7a0b2135ede507cd7dbdae6c16ebb2c
2023-03-25 07:54:11,True,0.09393,5.369e-05,3631.44,0.195,0xec...009a,https://etherscan.io/tx/0xb21bd5e198349b7f2b57e0df8c7c39571e1b6e090d9bec364e80a80dea48a4f8
2023-03-25 07:50:59,True,0.09391,5.365e-05,3000.0,0.1609,0x35...6c50,https://etherscan.io/tx/0xd811597c40ef78f91420d009e4b1f59a388b784e9942c8d85f20b8ec18b2d341
2023-03-25 07:50:47,True,0.09384,5.361e-05,3672.54,0.1969,0x4d...9531,https://etherscan.io/tx/0x51f80d20a6ad5095ce3410f6b70f0561acf41ced381f19154a19805171e1f48a
2023-03-25 07:47:47,True,0.09377,5.357e-05,3360.07,0.18,0x8d...ac9d,https://etherscan.io/tx/0x57342e4a627a01079321f22f2bda932af448e0768d7e76f37c99c3b64f21378e
2023-03-25 07:45:23,True,0.09369,5.354e-05,1120.61,0.06,0x05...5939,https://etherscan.io/tx/0xc4b37a5dd7099d4cc97005f316c1bcfce4e48e1c94aa09a99211909837adc8fb
2023-03-25 07:41:35,True,0.09363,5.353e-05,599.274,0.032,0x88...2ee4,https://etherscan.io/tx/0xabfcaa55977ea25479ed1f7449cf6f3cab3422ef1a6460bfe3485fdbe9db5998
2023-03-25 07:37:59,True,0.09335,5.343e-05,14409.1,0.77,0x4b...89ad,https://etherscan.io/tx/0xe63a20ec25922a01713b376f2c7e738e920281b35599a699739d63347f42d728
2023-03-25 07:34:23,True,0.09315,5.333e-05,2010.82,0.1072,0x8a...aea7,https://etherscan.io/tx/0x4f4d2eaf15206c509d17b7287f62df310cc57185b2056212c47ae8aa6d8a4b37
2023-03-25 07:33:23,True,0.09312,5.331e-05,984.951,0.0525,0x78...cb50,https://etherscan.io/tx/0xa35a59c6f417628ef6e966643032ff6eaf4faf177f13eeb41d111fc100f2cd48
2023-03-25 07:30:11,True,0.0931,5.33e-05,576.434,0.0307,0xcc...f108,https://etherscan.io/tx/0x8fbe5315724b6add7aef062e6ad20898abac58c20c2ab1b50d227b84a29728de
2023-03-25 07:24:59,True,0.09302,5.329e-05,1859.99,0.0991,0x3b...8b5a,https://etherscan.io/tx/0xb5ed3b3c71b423ce22151dc85460ebc2ca3bef046298a017dde5aabfed2a6c84
2023-03-25 07:20:47,False,0.09252,5.302e-05,9267.48,0.4913,0xd4...fd50,https://etherscan.io/tx/0x0715af12657f6f2c4989acc7d7988a4d5e25edebf76bdba8f70b66061a635d3c
2023-03-25 07:17:47,True,0.09301,5.328e-05,18392.6,0.98,0xbc...bd09,https://etherscan.io/tx/0xfad257abf92864ae9a6060e89906c5cee36dfd28bd16edd2de3d324ec9fb6a96
2023-03-25 07:17:35,True,0.09281,5.316e-05,84.3836,0.0044,0x28...abb1,https://etherscan.io/tx/0xeb3d604ecb82f5fcf2feadba3a5874a7267a20f9674c1b2cf22541f8dfeb269d
2023-03-25 07:17:23,True,0.09275,5.313e-05,5393.83,0.2866,0x86...3dca,https://etherscan.io/tx/0x7b5f3b804667c71d0e410140e888948b65aee7f5841b907ea489f627e9104b99
2023-03-25 07:14:35,True,0.09272,5.309e-05,373.359,0.0198,0x0e...fb7d,https://etherscan.io/tx/0x0c6fb2843a2d9188d1ee0ca9575c58da67ed0fc623ff1645c102df77aeb6ccdc
2023-03-25 07:10:59,True,0.09268,5.308e-05,1680.52,0.0892,0x0e...fb7d,https://etherscan.io/tx/0x868d3800f9435f971e8b3a476a30b09d602f29cc8d9620a7e9500e203a0687e1
2023-03-25 07:08:59,False,0.09212,5.275e-05,210.0,0.011,0x05...e6a7,https://etherscan.io/tx/0xa66665a2dc5242570060c55eef2b37b84a0273abaa94f7b8a36c0d8778d960aa
2023-03-25 07:08:11,True,0.09251,5.304e-05,5606.18,0.2973,0xab...cd7a,https://etherscan.io/tx/0x427f523d638f8a9d6115b7620af502249d2bdf32f75b94287eb0ea3b98bd015f
2023-03-25 07:07:23,True,0.09246,5.301e-05,21.3987,0.0011,0xb1...641b,https://etherscan.io/tx/0xd1cd659461ec18874548819aeecf2e685e6d24aa93a157bad13f639556e28dea
2023-03-25 07:06:47,True,0.09226,5.289e-05,18197.0,0.9625,0x2e...f345,https://etherscan.io/tx/0xbba7c4364db0b648e311a7645da8ce5cb8509fa3516366b4a5d1bd2c66c840e1
2023-03-25 07:04:47,True,0.09202,5.278e-05,580.918,0.0306,0x15...dc50,https://etherscan.io/tx/0x66ecbef5a8e8e366ec3f05a9278685ab6238f3690211e710e7fdd46fb1f7da61
2023-03-25 07:04:23,True,0.09195,5.274e-05,5017.39,0.2646,0xbc...a478,https://etherscan.io/tx/0xda83b7eeacff26f755ce524ec74b63837246efed16268d08bc1f44cc0663c9c8
2023-03-25 07:02:23,False,0.09142,5.244e-05,6754.87,0.3542,0x79...679a,https://etherscan.io/tx/0xe7839c89ab26c4cf65c3f953daa44833ceef3ce02074ba2de80d18cb4eb3724a
2023-03-25 07:01:11,True,0.09197,5.276e-05,6619.82,0.3492,0xd6...816d,https://etherscan.io/tx/0x31dfd1f81bbf751f0642ac7327a98542536bbc46e16393b740b670c2c266f4b4
2023-03-25 06:59:35,True,0.09189,5.271e-05,362.896,0.0191,0x40...fe89,https://etherscan.io/tx/0x7a7b59f9b7766772cc86d7b1e3d4c277b21cceca60e92bce7236ac71d8ccd67d
2023-03-25 06:56:47,True,0.09181,5.267e-05,7528.02,0.3965,0x8c...da1a,https://etherscan.io/tx/0xb545a4c402e3b06f26b04193ceabbed377a0b81585f01d256a7fa4230c8d3b2f
2023-03-25 06:55:11,True,0.09165,5.258e-05,6332.51,0.333,0x00...37c1,https://etherscan.io/tx/0xa90f3aad203cd5b4b43e070ef08f5e6f77327e424a3dcc34a7a24850be2a4f93
2023-03-25 06:49:47,True,0.09173,5.254e-05,333.764,0.0175,0xec...4c43,https://etherscan.io/tx/0x378db2d41dcd381d7bff5e45bd29ac928603a081491d228ea0a4deec3d35dc22
2023-03-25 06:47:23,True,0.09178,5.254e-05,504.205,0.0264,0x24...c44c,https://etherscan.io/tx/0x4eed145ab5545c34a7477b18acd4823638bf82024b9cf76bdfea80b5f87c559d
2023-03-25 06:44:11,False,0.09127,5.224e-05,3446.79,0.18,0xfd...0f3a,https://etherscan.io/tx/0x4802f0fdfc38b0d1b7b3048243f46756291e9bd41ea6b923cb75a6312f2c2f70
2023-03-25 06:43:59,True,0.09185,5.257e-05,773.025,0.0406,0xba...d1ae,https://etherscan.io/tx/0x955be9c95026b9a5e8e5e8ac1269db7aeeced432af50ae0c95e7a9f12f454482
2023-03-25 06:42:59,True,0.09184,5.256e-05,245.134,0.0128,0x94...72c3,https://etherscan.io/tx/0xb5d9a5a5e6224f21565e82c713d192a68200d500018c0bbdc79cb953c2893821
2023-03-25 06:42:59,True,0.0918,5.254e-05,3018.17,0.1586,0xfe...a1e8,https://etherscan.io/tx/0x8d353d29b6d90e8b21a5c664abd72a3dce07e6c6998d4265b33eafb496bfcda9
2023-03-25 06:42:59,False,0.09122,5.221e-05,101.0,0.0052,0x34...fd2f,https://etherscan.io/tx/0xc162721a37ce4297fdbb1dc639244f4f3b984f3d4973e3343d5f9631c90944b3
2023-03-25 06:39:59,True,0.09191,5.252e-05,651.054,0.0342,0xed...62a2,https://etherscan.io/tx/0xd7f93ec1a3ab27a2054938a476eaeb8777e0e8a1b802eaedda95d6fceceac688
2023-03-25 06:37:47,True,0.09201,5.251e-05,754.967,0.0396,0xac...324e,https://etherscan.io/tx/0x3bb71541838124642dce71f5398a27ef910594fdaae487297e8295d0cc0b3b50
2023-03-25 06:37:47,True,0.09192,5.247e-05,7331.81,0.3847,0x76...7d5e,https://etherscan.io/tx/0xc7d25f0049e9cce9c8fd54937176e651fdfb9d16f6e6d781916a1ff1deadecd5
2023-03-25 06:37:23,True,0.09182,5.241e-05,2522.17,0.1321,0x76...7d5e,https://etherscan.io/tx/0x839ba7a64f110b42f358e7bf5ca56268a97dfceabc2701d5cfd0de97ff3dc59a
2023-03-25 06:37:23,True,0.09169,5.233e-05,9432.55,0.4936,0x76...7d5e,https://etherscan.io/tx/0x839ba7a64f110b42f358e7bf5ca56268a97dfceabc2701d5cfd0de97ff3dc59a
2023-03-25 06:37:23,False,0.09171,5.235e-05,63543.9,3.32654,0x97...aa4a,https://etherscan.io/tx/0x6400e1937a61cf31fca0f4cb5d747e57f12f261953e008eb1d3b7f894832cce4
2023-03-25 06:34:35,True,0.09278,5.29e-05,23209.6,1.228,0x9d...5187,https://etherscan.io/tx/0x995fc5bc5e21ebfe43c12cc29606ec0b20d3d3bf249a9703a9908f4dba5dff2c
2023-03-25 06:33:35,True,0.09251,5.275e-05,1649.05,0.087,0xe6...9d69,https://etherscan.io/tx/0xb3bc4f49c5b3478146a710eb464a014d763db2f5f0e7ce66a6ca99feebef1959
2023-03-25 06:30:59,True,0.09249,5.274e-05,415.125,0.0219,0x82...fe09,https://etherscan.io/tx/0x10614659e3a94416f874752642646ad1b076d085c1d5c806aa85494c2c7c15c4
2023-03-25 06:30:23,True,0.09248,5.274e-05,365.117,0.0192,0xa7...cb48,https://etherscan.io/tx/0x4d3dac3fc8c987bd1590368217aa4aff5ee96458a323e97dcd08bb8690e1c09d
2023-03-25 06:29:11,True,0.09247,5.273e-05,939.89,0.0495,0xb8...fa84,https://etherscan.io/tx/0x8819a3f246939040ab1f120b9ea88e6ee48b6a300c54f31b3d340148b980751c
2023-03-25 06:24:11,True,0.09203,5.248e-05,40343.1,2.11728,0xc4...c224,https://etherscan.io/tx/0xd35da20394e32ba916492c421197019785d9baf2f3af536f0d8ab4f92a33efc3
2023-03-25 06:24:11,False,0.09172,5.23e-05,63095.1,3.30016,0x35...9071,https://etherscan.io/tx/0xe1a963d7e579d142abae0a5a36e9b8d4f5df0ef25a20f02f23db9c4cb04735ef
2023-03-25 06:23:59,True,0.09292,5.298e-05,2231.23,0.1182,0x76...7d5e,https://etherscan.io/tx/0x032322d08c0b7525e5ff93554270019e25fde1b2fdc77a638582447edc39456d
2023-03-25 06:23:59,True,0.09285,5.295e-05,3675.83,0.1946,0x76...7d5e,https://etherscan.io/tx/0x032322d08c0b7525e5ff93554270019e25fde1b2fdc77a638582447edc39456d
2023-03-25 06:23:47,False,0.0931,5.309e-05,78118.1,4.14742,0x9d...a17d,https://etherscan.io/tx/0x13e53b76b1db0bba4dab6af7263a598f22f09d12a4fd716fac1bfa588e54d87b
2023-03-25 06:23:23,True,0.0944,5.383e-05,9751.35,0.5249,0x7e...538a,https://etherscan.io/tx/0x22bec9b18978b20f05de29602e988386fd64b837326cfa577b7d1c5e1f9abe67
2023-03-25 06:18:23,True,0.09426,5.376e-05,964.5,0.0518,0x92...bb73,https://etherscan.io/tx/0x0085400cb8ce24ade7dc3033268d241bd0ab275d83ac8b866641c36aa852cc47
2023-03-25 06:18:11,False,0.0937,5.344e-05,1053.86,0.0563,0xf0...c583,https://etherscan.io/tx/0x050e2b22e805472e2a8244aef0eb2e5d50cea67a6a51fb009c055c6ac8b77073
2023-03-25 06:16:23,False,0.09377,5.349e-05,7162.88,0.3832,0x95...d617,https://etherscan.io/tx/0xe5944ba891703978c741222c031157faac7d313ce43123fa1bb66501be3d6943
2023-03-25 06:16:11,True,0.09439,5.385e-05,1068.59,0.0575,0xf2...22d4,https://etherscan.io/tx/0x7b1630aea9802e851c773150ec37c00b1d6a53249a2de73ec71b8b86a02d7a2f
2023-03-25 06:14:11,False,0.09389,5.357e-05,6974.43,0.3736,0x76...7d5e,https://etherscan.io/tx/0xe65d33578ff24057876c1e5ba6f9ec1e48c05828b5a10138232331096328b323
2023-03-25 06:07:47,True,0.09447,5.39e-05,6026.28,0.3248,0x91...dc25,https://etherscan.io/tx/0x77a38e4df85601e42571ff1b32dfffa55e660a3197f40b9f7251a3fac8aa2de4
2023-03-25 06:04:35,True,0.09437,5.385e-05,1656.61,0.0892,0xdf...f1f1,https://etherscan.io/tx/0xf0c6f5b2172cb414d97cff9de15f8c7e7ad527413f6bb11fdaa38c99c80225ff
2023-03-25 06:03:59,True,0.09432,5.382e-05,2424.08,0.1304,0x28...abb1,https://etherscan.io/tx/0xdce4b481381ee82d1508b723a0df93d4c62e54d503a397323eb2dac810b70120
2023-03-25 06:03:47,True,0.09429,5.381e-05,110.526,0.0059,0xd8...002b,https://etherscan.io/tx/0x6eeff24dc2f659662cdd0d6563527c092a40af7cd48924c26dcc98ab79327156
2023-03-25 06:02:59,True,0.09429,5.38e-05,371.692,0.02,0x5b...499a,https://etherscan.io/tx/0x7d6d1484688e96076197c0bad8c9d180e9e6921c62cf7cde1e928030c9498bb7
2023-03-25 06:02:11,True,0.09428,5.38e-05,94.3962,0.005,0xbf...e121,https://etherscan.io/tx/0xbcde3b7f3ae99c6a7736a8fd68e5933b947ddbd400d54ee80d268e476cc7e2f8
2023-03-25 05:59:59,True,0.09429,5.38e-05,210.03,0.0113,0xca...4118,https://etherscan.io/tx/0x2aa286bf11b493419d6df4e7d017b5e6778b5b1ec341c2af5fce1ce8de65fd5e
2023-03-25 05:57:23,True,0.09427,5.379e-05,960.607,0.0516,0x1d...ca38,https://etherscan.io/tx/0x783c08c25201af875f269aee61113e09765eb51f1a4b8c9bfffc9e199a9b845d
2023-03-25 05:54:11,False,0.09373,5.35e-05,6000.0,0.321,0xa8...c46d,https://etherscan.io/tx/0xbcab582f4bce2d1ccc7ecb181180fd33b39007fea94ab77b7cfbfb9ed2e48dd5
2023-03-25 05:51:59,True,0.09435,5.386e-05,460.088,0.0247,0x56...2553,https://etherscan.io/tx/0xa3db4e9a410ed1a2b75003ea8ddb17c918d36d8553bf5d5daffbdfa3e291bee4
2023-03-25 05:50:11,False,0.09385,5.357e-05,5589.11,0.2994,0xb8...e014,https://etherscan.io/tx/0x46c6e26118f60f1abfa7df1a5addad22343f11ad80d635302d2d9a63eaf53788
2023-03-25 05:49:47,False,0.09399,5.364e-05,6435.46,0.3452,0xfd...133a,https://etherscan.io/tx/0x53e7481813dadff2aa1b8b950b7606c69f1729be983e59e57511a2b8838ea2d1
2023-03-25 05:47:59,False,0.09424,5.379e-05,17147.4,0.9224,0xf6...68eb,https://etherscan.io/tx/0x03cd4e913c19ad15f4568de9327d73ba9c8865a34bff9f8f4ee018f2efb856ee
2023-03-25 05:47:35,True,0.09497,5.42e-05,3291.64,0.1784,0x69...1f19,https://etherscan.io/tx/0x5f8ffc98416cf8cd0cf5152b2990eada2bb396fbbd055d32eefe443bd679a71b
2023-03-25 05:47:23,True,0.09492,5.417e-05,1229.31,0.0666,0x0c...f794,https://etherscan.io/tx/0xc41cd4c4f8d02ef428a4d106db7eefbd18c4d281d79f4dbfccc32a83df8d8c78
2023-03-25 05:43:47,True,0.09511,5.416e-05,732.03,0.0396,0x49...0cd4,https://etherscan.io/tx/0xb85aca25a5b9d96aad3d3eb3ae23b45df3d25c6d2ec6033bd736b3b6ae8cd915
2023-03-25 05:41:35,False,0.09459,5.386e-05,5000.0,0.2693,0xce...232d,https://etherscan.io/tx/0x49f9e5e4f1ba4aabf0501be5e2ac61166c9ae21057ead5e8431c408ce62aa2e7
2023-03-25 05:40:11,True,0.09521,5.422e-05,394.887,0.0214,0xb9...88a7,https://etherscan.io/tx/0x1ff187d171c892e84ef8ecad0d77063e3bc850884b1977fa75fc379929d08f40
2023-03-25 05:39:35,True,0.09517,5.42e-05,2764.23,0.1498,0xa6...ab0a,https://etherscan.io/tx/0xdd7e7f11651f9912f43ea1ce6192d4ea381934f4583d93efa3d3401470e6783d
2023-03-25 05:38:47,True,0.0951,5.416e-05,3537.19,0.1915,0x3c...e141,https://etherscan.io/tx/0x41afe21ea8ffa8e9e7face62f7de7bc716438a6334e08335a4620020fecf5e3c
2023-03-25 05:28:47,True,0.09514,5.413e-05,1263.55,0.0684,0x85...c5b9,https://etherscan.io/tx/0x9010382a83b9c6909cd430baa22419bb013ed49efdbac3f36b283871bb7e5aef
2023-03-25 05:28:23,True,0.09511,5.411e-05,1097.21,0.0593,0x37...b432,https://etherscan.io/tx/0xf93c4227dd29bf00893919c10bb296daa764f06e939184e1204dca5e8e570a77
2023-03-25 05:23:59,True,0.09492,5.41e-05,549.628,0.0297,0x00...8eb3,https://etherscan.io/tx/0x623a6ff098d6eec7a6213cf7a4984bebd5e3b8dac0e80697cbece821d35eaad2
2023-03-25 05:23:47,False,0.09457,5.39e-05,19851.2,1.07002,0x71...2815,https://etherscan.io/tx/0x5e819fba8d497417b904aa497f90d5597a2da451655863a687076a5740cc0e20
2023-03-25 05:22:59,True,0.09534,5.432e-05,4853.91,0.2636,0x52...ef6e,https://etherscan.io/tx/0xa19d00a24e65931e55c7c6477a53c86fec2a46b14275070c7f0515f34425095c
2023-03-25 05:19:11,True,0.0951,5.418e-05,16495.0,0.8938,0xb0...5784,https://etherscan.io/tx/0xff1c13297658b6c3779cb2be141314bf3bcfeb700e19b75e1d08d589c8a7cf08
2023-03-25 05:13:47,True,0.09491,5.407e-05,1809.55,0.0978,0x8c...3d9b,https://etherscan.io/tx/0xdc6df9c7d8cbcb7c985eb7798c2e4225a6f8c7cddd8b4d3fc352ddaead5df025
2023-03-25 05:13:11,False,0.09433,5.374e-05,1300.0,0.0698,0x6e...0b52,https://etherscan.io/tx/0x6bb03fb8ff4e1f73fc3b6b4133533d4c4b59a37cb4f7f8309db89dd7f28ab574
2023-03-25 05:12:47,False,0.09445,5.377e-05,3207.56,0.1724,0x63...aa07,https://etherscan.io/tx/0x72542b12fe36027c9b3d2fedc27e2d7206066a5f01bdaa4bec766ae836eea041
2023-03-25 05:09:11,True,0.095,5.411e-05,242.831,0.0131,0x42...cf69,https://etherscan.io/tx/0x52e3d1ac08a4608d12b74672fc8af24a3e511cac88dd8d05a8b7afa285a80c8b
2023-03-25 05:08:11,False,0.09466,5.391e-05,19743.6,1.06443,0x81...c51c,https://etherscan.io/tx/0x00716b21b62dd402e950dfb1d326a9147e28930d2807703c8d24f413fdde8e34
2023-03-25 05:08:11,False,0.09491,5.405e-05,2891.64,0.1563,0x42...cf69,https://etherscan.io/tx/0x3c3189953d83288801ffc6d714cff6cc01ebc74e7d61b974fdffc45d76778570
2023-03-25 05:08:11,False,0.09495,5.407e-05,436.163,0.0235,0x74...d510,https://etherscan.io/tx/0xb9080b774360daeabf77f701f4ff86adc87fe4f3429c723a3719007b9cf4cf8b
2023-03-25 05:00:47,True,0.09549,5.439e-05,1824.55,0.0992,0x6e...ab18,https://etherscan.io/tx/0xeddd9e482ad766a238319dade70b1328644a91c423d08be5e5c9fdd3ec1104f2
2023-03-25 05:00:11,True,0.0954,5.433e-05,6667.77,0.3623,0xc9...27b6,https://etherscan.io/tx/0x0d8950977e7b93d953b4eea49d466922416457f2467c7c135f3d923fa0c50a27
2023-03-25 04:54:23,True,0.0953,5.429e-05,912.908,0.0495,0x20...f08f,https://etherscan.io/tx/0xc7ee9733eaa1f449bdfa4dd393f7dfd478761926a7f83b8bba8f8ae56ef7a15d
2023-03-25 04:53:47,True,0.09526,5.427e-05,2019.77,0.1096,0xb6...ab1a,https://etherscan.io/tx/0xd7704c076b8db56a337e09a866064edd3dd8527d3355f89d223aade9c5c341eb
2023-03-25 04:53:23,True,0.09522,5.425e-05,1364.44,0.074,0xcf...b7fd,https://etherscan.io/tx/0x37bb0b740eaf337cd70169bd201dafb1c218ffa9b887abffa34b0ba4d476c4c3
2023-03-25 04:51:11,True,0.09519,5.423e-05,921.895,0.05,0x04...6e03,https://etherscan.io/tx/0xf39b114928d5c817234848b5c3abb6dc5db2ec44b382fd95a8a523a42dcff14e
2023-03-25 04:49:59,True,0.09516,5.422e-05,1647.08,0.0893,0xb6...ab1a,https://etherscan.io/tx/0xbf02c9f3ee161ee750608682b27110d28c9cc339fcba7e309114188201fd097f
2023-03-25 04:49:59,True,0.09514,5.42e-05,103.83,0.0056,0x61...c593,https://etherscan.io/tx/0xac5d7f022a04ad56c5b78193bc71dc9f8c87b520d8518fc96c9cd635c12ff71c
2023-03-25 04:46:35,True,0.09519,5.419e-05,1798.52,0.0974,0xb6...ab1a,https://etherscan.io/tx/0xa83d149d00787efcdeca07aa73254e1af0b0a4e5a1726af9fc500e341a90629f
2023-03-25 04:46:35,True,0.09515,5.417e-05,1829.76,0.0991,0x34...0aaa,https://etherscan.io/tx/0x311da50c10e72d1139540b2c6b7b5830b75240c2f99913991891ef93fb7d2b72
2023-03-25 04:44:11,True,0.09507,5.413e-05,4657.86,0.2521,0x27...f817,https://etherscan.io/tx/0x84f62cc191b69df9beb90ef0c797cda4618122cb9a3bedc11ab263f703dadfd5
2023-03-25 04:41:35,True,0.09499,5.409e-05,1033.83,0.0559,0xb3...18b5,https://etherscan.io/tx/0xea4cd33499d1223be92710b38c82568f0e460cda2cd7dc17ad645ca735671991
2023-03-25 04:39:59,True,0.09493,5.405e-05,4989.57,0.2697,0x5f...b6cf,https://etherscan.io/tx/0x950bdbc20ad94e5a36e28f43fe05a3d594d0627cc674700139873553790ce4e4
2023-03-25 04:37:11,True,0.09489,5.402e-05,207.88,0.0112,0xea...bfb4,https://etherscan.io/tx/0x119efcde5766fa197dc8b062b31a511e6663afa7fd833f5c44185d4efd4bd9db
2023-03-25 04:35:35,False,0.09437,5.37e-05,1250.0,0.0671,0xcb...9380,https://etherscan.io/tx/0x756d3520d07d4e22b050818d907ef9fc372215fe120028224d79ddf338dd358d
2023-03-25 04:26:59,False,0.09441,5.372e-05,1255.32,0.0674,0x4d...b396,https://etherscan.io/tx/0xbbc765721a2b5152c49af473c5af767e4410df8c1dde556b1f9fb8dd8a41abb8
2023-03-25 04:25:47,True,0.09499,5.404e-05,1137.88,0.0615,0xa2...f8e6,https://etherscan.io/tx/0x2daf615ea533aefbe4467f611935251100d030ffe946d503df2c228d582bdcc5
2023-03-25 04:22:35,True,0.09496,5.403e-05,1093.37,0.059,0xe7...8b1c,https://etherscan.io/tx/0xee7cc662cceaabc3ea34b7d989f189c3f03648f560b19311b20f962bb44cad7d
2023-03-25 04:21:35,True,0.09491,5.401e-05,2385.79,0.1288,0x65...1bb6,https://etherscan.io/tx/0xf656d3e4aa1e36b77f4bdf689382f5cc3a35d579abcbe8b24bd339908e3f6102
2023-03-25 04:21:11,True,0.09488,5.399e-05,505.978,0.0273,0x42...cf69,https://etherscan.io/tx/0x767ed11051aa32768e35945f5e6d35db6c760d9d0e570930397a048d248385ac
2023-03-25 04:20:47,False,0.09434,5.368e-05,3471.87,0.1864,0x1f...292a,https://etherscan.io/tx/0xfbe7f8e5419f6f8b77a895527d4feede57f8ba3691b7d5bd5c0595cdd6d67004
2023-03-25 04:20:11,False,0.09447,5.374e-05,5400.0,0.2902,0x77...cc3b,https://etherscan.io/tx/0x87f30b719a785cc155192ccaf2c12556b95db85313534a6cd5be1661ce2b5224
2023-03-25 04:18:59,True,0.09508,5.409e-05,1832.55,0.0991,0xe7...8b1c,https://etherscan.io/tx/0xba83bd816bd5e2e858e822aba2d0a334e5fe3c603324de9609837d2938d580bb
2023-03-25 04:15:23,False,0.09465,5.385e-05,16329.6,0.8794,0xc6...fed0,https://etherscan.io/tx/0x3df50c4902ff0b0e2e3170094f229c31494648edfea3a37024c9a4c18ed0520a
2023-03-25 04:15:11,True,0.09534,5.425e-05,5162.24,0.28,0x2e...f345,https://etherscan.io/tx/0x248e4d6f8c05b3246e9ec2a7a58ebe29b7278ac5476a4a74f9c46e67c335f761
2023-03-25 04:13:23,False,0.09471,5.39e-05,1200.0,0.0646,0xc2...9366,https://etherscan.io/tx/0xf54633b367c86516f1217a11447c16fc2cb77b7068bd25de53375ae7e4f7de33
2023-03-25 04:12:59,True,0.09517,5.416e-05,11077.2,0.6,0x32...c492,https://etherscan.io/tx/0x004a86edd07a01b4697ec365e2501634a00a63e00063538831ea1d7675300e70
2023-03-25 04:12:47,False,0.09449,5.377e-05,1200.0,0.0645,0xc2...9366,https://etherscan.io/tx/0x8fb7fa5fc93c7d5be86a37abeaa46dbae945becf7077be478f1046bbe2b7a7eb
2023-03-25 04:12:35,True,0.09505,5.409e-05,2083.38,0.1127,0x46...3ba4,https://etherscan.io/tx/0x6dcea6b8221c6471a068b478aedb13df7f7e0e163cb0d35d95d5c0cfb8c5587f
2023-03-25 04:11:59,True,0.09506,5.408e-05,197.946,0.0107,0x58...39ee,https://etherscan.io/tx/0xa55c19c10a092143a9ccbebe60eb2734ea718680cf46408f90668bb8277747e5
2023-03-25 04:11:47,True,0.09505,5.407e-05,1046.02,0.0565,0x5b...499a,https://etherscan.io/tx/0x5745b3ee4c5b969116be4c8d1b7aa28673c96277dede6c35fd36a40433f10624
2023-03-25 04:10:59,True,0.09505,5.406e-05,156.077,0.0084,0x4f...5400,https://etherscan.io/tx/0x203ae35428b661a062ea941d92a1e81b96771004db7c3f4db36013f8abf388bb
2023-03-25 04:09:59,False,0.09451,5.377e-05,5000.0,0.2688,0x87...813d,https://etherscan.io/tx/0x05186c517678fe14541825b357b0878d4f43fb39470124b6a98193206442f266
2023-03-25 04:06:35,True,0.09514,5.41e-05,4529.97,0.245,0xa2...f8e6,https://etherscan.io/tx/0xa0864df5458f24822efcd68a8b135fef7bb032db097dde1a488120bcec97b729
2023-03-25 04:02:47,True,0.09508,5.406e-05,1118.4,0.0604,0xe7...f96e,https://etherscan.io/tx/0x2257491d26dfcc6674e1cf57d466a5ec308cc30ca3599873505172a8ccf8d955
2023-03-25 03:57:59,True,0.09507,5.405e-05,183.371,0.0099,0x3b...3635,https://etherscan.io/tx/0xdc463e4ef3dde3367a852adc9190f9d4826e9f4a3f7f235c5d39db6134fff187
2023-03-25 03:57:35,True,0.09507,5.405e-05,652.5,0.0352,0x8d...9417,https://etherscan.io/tx/0x2faf996011a1e6d38b7af97e44f041b499515ba0e77852a8029618c14c35b362
2023-03-25 03:57:11,True,0.095,5.401e-05,5027.83,0.2715,0x9a...ab71,https://etherscan.io/tx/0x5d5e8c8e506dffcf07d8c7fdba2a30518d34ab26d9a0a372700696879f88cda2
2023-03-25 03:55:23,True,0.09494,5.398e-05,481.651,0.026,0x29...da01,https://etherscan.io/tx/0x2b41bcc711e4c4bb294e8eb444981a14b21316c9c6dfa1cd0937306f3b3e02fb
2023-03-25 03:54:23,True,0.09492,5.396e-05,1442.98,0.0778,0x65...66f1,https://etherscan.io/tx/0x605bf1f264d20c6e0f9d37f45126a84410fc3c0bca53f6610dd832f4b8bdca1b
2023-03-25 03:49:35,True,0.09486,5.393e-05,3520.21,0.1898,0x44...9ad9,https://etherscan.io/tx/0xc85e85cf579ce1346451285a7cfd6c28ebd953759a63f6d08094c61ab3e87c71
2023-03-25 03:48:23,False,0.09437,5.365e-05,9912.5,0.5318,0x79...d3a9,https://etherscan.io/tx/0x67640cde4c87f8033687a3e7dca5dbd654beaaaf38fa8e54c4f899fbe2f28474
2023-03-25 03:48:11,False,0.0945,5.372e-05,2000.0,0.1074,0x63...46e5,https://etherscan.io/tx/0x627267cdc39d1012d645e64f29f1961d934be710622f60d958ccc35b4e97309e
2023-03-25 03:47:59,True,0.09507,5.405e-05,1562.37,0.0844,0x6a...81ab,https://etherscan.io/tx/0xf866c0ccf658f7ff025f0607b20cf82684a66823c4fd84cbab50b79333460ab8
2023-03-25 03:47:59,True,0.09504,5.404e-05,925.246,0.05,0xa7...cb48,https://etherscan.io/tx/0xcd91ecaa10a54c5c8a43de3fd40b339d380106c8b8183f32cca9054f11c5b21f
2023-03-25 03:46:47,False,0.09452,5.373e-05,4000.0,0.2149,0xd1...0954,https://etherscan.io/tx/0xcd6f8bb43f1bde3b3ce32da2299be27e33ae66ca2b6a5a191ef9b457b8469949
2023-03-25 03:43:47,True,0.09515,5.408e-05,447.957,0.0242,0x22...92e8,https://etherscan.io/tx/0x5f16db39381407b9e76fa96126fe13d6dc044fca69df05d5a02317a2fd10743e
2023-03-25 03:43:35,False,0.09461,5.377e-05,3434.87,0.1847,0x4d...854b,https://etherscan.io/tx/0x9bf15e85060df28c8dfd67dde64e0d123359e46b744a6128bf968e67c5f204c9
2023-03-25 03:36:35,True,0.09522,5.409e-05,4581.24,0.2478,0x0e...fb7d,https://etherscan.io/tx/0x1f93ee30d6161b95b71ab83768a8c3fd6ad51d0d02e7e2b13711d5429a3e4f33
2023-03-25 03:35:47,True,0.09515,5.405e-05,2200.74,0.1189,0x40...284d,https://etherscan.io/tx/0x79eb98af48b9052e00a21f419330c1fb99d3f8fd0b08bc9fcfb54ca63fefe371
2023-03-25 03:35:11,True,0.0951,5.402e-05,1834.81,0.0991,0x5f...eb97,https://etherscan.io/tx/0x96c8a977bf1df822a8e446d0ae991bc2e59e952df2c89f435b7f15ebbb7a0306
2023-03-25 03:34:35,True,0.09507,5.401e-05,184.612,0.0099,0xf4...b2d1,https://etherscan.io/tx/0x2b7b009b66e8022be12fdfe39cb1d6da67c3b1ab82237b83f5bdabd1ab61246f
2023-03-25 03:31:35,False,0.09453,5.37e-05,2500.0,0.1342,0x41...df7f,https://etherscan.io/tx/0xf9b2e626deafefc365f93e60b4cf1cc6ea4cd7bdfb13b75dcfb5e4d014118c6b
2023-03-25 03:29:23,True,0.09517,5.404e-05,330.172,0.0178,0xd5...1d55,https://etherscan.io/tx/0xa09ec28288794d7c4986f7e60ffd61476178f527e2d1b8e59c3e50d962ecacfe
2023-03-25 03:29:23,False,0.09465,5.374e-05,5345.97,0.2873,0xcf...116f,https://etherscan.io/tx/0xa7a7b85df63321633b99e952b5c796a4522b79be4e862f6462e7fca30be5bde8
2023-03-25 03:28:11,False,0.09473,5.378e-05,1088.0,0.0585,0xe2...9836,https://etherscan.io/tx/0x7b7b7c23406683c0fe4795356bd5db159d682107d37161a9c2f48262882b9f03
2023-03-25 03:27:59,True,0.09523,5.411e-05,1040.24,0.0562,0x90...ed6b,https://etherscan.io/tx/0xd4c342b71875df384e98b85f5313d90fd89ab85198a20d454b5946334dc55d93
2023-03-25 03:27:11,True,0.09513,5.409e-05,1384.33,0.0748,0x7b...55d7,https://etherscan.io/tx/0xe81d76898bbeaa869ce35796af1965087344619333291a90a995ead644d5e5bf
2023-03-25 03:16:23,False,0.09472,5.394e-05,28853.4,1.55652,0x30...c3cd,https://etherscan.io/tx/0xbe431253142bd3a8e326a03501ba6e7515ed1f7a763ba0bd6841e97fd3096c74
2023-03-25 03:15:11,True,0.09558,5.444e-05,1820.73,0.0991,0x82...5fac,https://etherscan.io/tx/0x57c6d3483aeb89e5b8a833b4e4fa40b74b3a44e84c5b5e8567855ad0cf58c49d
2023-03-25 03:12:11,True,0.0955,5.441e-05,2418.89,0.1316,0xb6...afdf,https://etherscan.io/tx/0x4594d5ed69de51b110593a931c991512b41a62ddc2117b7af21ef148582c0424
2023-03-25 03:11:47,True,0.09543,5.439e-05,1017.12,0.0553,0xd8...89d9,https://etherscan.io/tx/0x285e632827e9cef1aa5e9112738d57da4e221d2af582b4037a3e040d006172b2
2023-03-25 03:07:59,False,0.09481,5.407e-05,2007.62,0.1085,0xb9...4981,https://etherscan.io/tx/0x0e52180592e92c8ae2263bc0bc5751f6a53db01b843558c6aa87acf2bbbd9eb6
2023-03-25 03:07:35,True,0.0954,5.44e-05,728.755,0.0396,0xdd...7e98,https://etherscan.io/tx/0x1c680bb5ba2d137354ec286525f3b0d4cd02732e15d0ef968f8cc52b629072f9
2023-03-25 03:06:59,True,0.09531,5.436e-05,6746.9,0.3667,0x54...8d8a,https://etherscan.io/tx/0xa29e69cb6e7015ca23de4c29a23dfa934dcfb793ffb0cf211e0e6be37699cf38
2023-03-25 03:05:35,False,0.09468,5.399e-05,1079.78,0.0583,0x5b...0e12,https://etherscan.io/tx/0xa3fc6fc43919adef896c69c6da9952d1a3c06ce05dc1c4109a887bc49c654fec
2023-03-25 03:04:23,True,0.09524,5.432e-05,1435.06,0.0779,0xee...6065,https://etherscan.io/tx/0x3752f9df2614d627786f45c3cb3f9b40e01244f2709ebfd2d0222a426e40140c
2023-03-25 03:01:11,True,0.09517,5.43e-05,930.893,0.0505,0x5c...3075,https://etherscan.io/tx/0x97f6acf71cf5b3783ddaf4040d2521221a43013681c52d96b62a45547a8e4168
2023-03-25 02:57:23,True,0.09511,5.428e-05,3272.01,0.1776,0x7f...c070,https://etherscan.io/tx/0xb818b40cfccefb98a949e7e91801ac5332447ff56a84e96264b023aa9b77ada6
2023-03-25 02:57:11,True,0.09503,5.422e-05,4752.53,0.2577,0xa4...fed7,https://etherscan.io/tx/0xc4ff1dc168a5f2d71777f0337781568d13d33b122d49a1512553bdb2bb2e2e80
2023-03-25 02:52:47,True,0.09491,5.417e-05,3656.62,0.1981,0x55...d814,https://etherscan.io/tx/0x69b61de1f4d0af8d1c71a1423ac0a1a25fccdab30e12d9449e265a18291c960a
2023-03-25 02:50:11,True,0.09488,5.414e-05,549.179,0.0297,0xa4...f823,https://etherscan.io/tx/0x99ab052f1b278890773f2b4839a460d9e732a55cafc7b12ffb6b38a143c31d2f
2023-03-25 02:49:59,False,0.09432,5.382e-05,1005.99,0.0541,0xc9...20a0,https://etherscan.io/tx/0xdbdec5204286f9f474193245f2a309890e570b6d34dfb4844a3eb984e38c94c1
2023-03-25 02:48:47,True,0.09484,5.412e-05,5542.92,0.3,0x84...5c11,https://etherscan.io/tx/0xa563a6b61cca66e02f56f6ca4b7c04ce02c46e7eade62700ad89d2a824f7ed27
2023-03-25 02:48:11,True,0.09476,5.407e-05,1374.72,0.0743,0xa0...fbfd,https://etherscan.io/tx/0x0514837a4089839e12f32e66b28e23a802f6312821ce2dbcc9739e1809616f4d
2023-03-25 02:47:11,False,0.09415,5.375e-05,1500.0,0.0806,0x91...dc25,https://etherscan.io/tx/0x008dc20c5607e7b8c35944bf466021e12839a9de9c85263d12ae0d8d7b82692d
2023-03-25 02:43:35,True,0.09468,5.408e-05,1365.51,0.0738,0x6d...5f24,https://etherscan.io/tx/0x02ec293d602ec846ca68d2d280fa0ff54f03db53397312238e49b2d10e674876
2023-03-25 02:39:47,True,0.09478,5.406e-05,1191.74,0.0644,0xa2...b833,https://etherscan.io/tx/0xba76292be4dd4edd35bd50e01862f74f759d048b652807c1876df51a7d1853ec
2023-03-25 02:38:11,True,0.09477,5.405e-05,1100.36,0.0594,0xda...797f,https://etherscan.io/tx/0x5077de8557e175d823d896c2195cfcfe21f2312f1cbd4c25c47f5195307989de
2023-03-25 02:37:11,True,0.09471,5.401e-05,4361.53,0.2355,0x6b...2b4f,https://etherscan.io/tx/0x530f6746ebd8c3f8975974b9f3308dccfed5ac5f10c12d1b8be011c57f8bd9ef
2023-03-25 02:36:35,False,0.09418,5.371e-05,8006.54,0.43,0xe8...9abd,https://etherscan.io/tx/0xfd42a0d474ce3a7abc115933cf207af4ccadaa7efe4f69afb3accfaceeb287a5
2023-03-25 02:35:11,False,0.09429,5.378e-05,2313.35,0.1244,0x76...7d5e,https://etherscan.io/tx/0xfc4d6b6448556bd013ba44b8d49a5f0ca5c2705d10cc1134e1526c348990723f
2023-03-25 02:35:11,False,0.09433,5.38e-05,1033.85,0.0556,0x76...7d5e,https://etherscan.io/tx/0xfc4d6b6448556bd013ba44b8d49a5f0ca5c2705d10cc1134e1526c348990723f
2023-03-25 02:35:11,False,0.09458,5.394e-05,21226.8,1.14499,0x76...7d5e,https://etherscan.io/tx/0xfc4d6b6448556bd013ba44b8d49a5f0ca5c2705d10cc1134e1526c348990723f
2023-03-25 02:35:11,True,0.09537,5.439e-05,1103.08,0.06,0x42...cf69,https://etherscan.io/tx/0x93ae84523137059dd34d8965ebb96499bed7e553dbb09e8b2c3f12104b457fce
2023-03-25 02:34:59,True,0.0948,5.406e-05,50512.6,2.731,0x99...7a78,https://etherscan.io/tx/0x6c1f23eff987bbc7f167a72a56b7cd13f9bec7b04682626917b64dd5040c7b53
2023-03-25 02:34:35,True,0.09387,5.354e-05,32572.7,1.74408,0x98...e030,https://etherscan.io/tx/0x853bd28b9f12b135c370528ba9a04c6f245086b80e2724e6212c03e4c296c1f7
2023-03-25 02:34:35,True,0.0935,5.333e-05,1968.88,0.105,0x91...dc25,https://etherscan.io/tx/0x93b790ed503e6765834964e2f908bb2502b358f3ead9eab1b696b5a4ac21a4a6
2023-03-25 02:34:11,True,0.09344,5.329e-05,3650.0,0.1945,0xac...a84d,https://etherscan.io/tx/0x609f4a1c7bc9d7f779375bdeadab0865a5932bad148904ff5c8070919a6ed764
2023-03-25 02:32:35,True,0.0933,5.322e-05,8381.38,0.446,0xba...485a,https://etherscan.io/tx/0x9502d6528583317e09d5cfd68f8e1181b1018aa7e866530fdbaf2d22e61ae42f
2023-03-25 02:31:35,False,0.09278,5.291e-05,11200.0,0.5926,0x47...5346,https://etherscan.io/tx/0x2d0ea26bec3a828ce6704116ef3f0dc341ec448cfe2f034b100f717cf0b1095d
2023-03-25 02:30:59,True,0.09344,5.33e-05,1041.56,0.0555,0x26...567d,https://etherscan.io/tx/0x6e2d36372e1b4c44a1fb1d76e050a599e9f76d3c533b1bdb8dab44203a78a454
2023-03-25 02:28:23,False,0.09281,5.297e-05,570.0,0.0302,0xd8...62e3,https://etherscan.io/tx/0x981052294fe21e0f9081b489de5244514ee956d0770c8426e18637810a34389d
2023-03-25 02:25:47,True,0.09339,5.329e-05,441.983,0.0235,0x8f...fcff,https://etherscan.io/tx/0x7300f90c077f49c9670c72e4f4c705925a35e362124c5b6ca3181fb19cc1f249
2023-03-25 02:25:35,False,0.09284,5.298e-05,1000.0,0.0529,0xa4...f823,https://etherscan.io/tx/0x6218a3e9a9fa4f8c2cb3bb6be9596564942e3ac854375c5f66c133c08d16dee8
2023-03-25 02:23:59,False,0.0929,5.302e-05,6000.0,0.3181,0x55...6cc6,https://etherscan.io/tx/0x20498592422be00f4f4caf564871bbc0bd498880486d2159a1c4fb2900be0313
2023-03-25 02:22:35,False,0.09296,5.306e-05,201.0,0.0106,0x33...b56b,https://etherscan.io/tx/0x6f29f15566bacd2485eeb8e2c1589059b4f3d873b1c00e902bc6a3dcfcfdaee8
2023-03-25 02:21:23,False,0.09303,5.309e-05,5529.87,0.2936,0xc2...6919,https://etherscan.io/tx/0x07f07c6c15a62bb049c7dfbef723022bc10bd6f1b1e9bcb37d15bb4610842a35
2023-03-25 02:20:11,True,0.09364,5.344e-05,731.695,0.0391,0x40...b960,https://etherscan.io/tx/0x0e5ea10289793886b2c50bc35b1e35434c82ec1541d124781b257e09df6dadc1
2023-03-25 02:19:11,True,0.09361,5.343e-05,1855.15,0.0991,0x05...d3ef,https://etherscan.io/tx/0x1bd9fbb45116950cec370de3ec88456b000cdc9de0ba781b1416f5e6a23e50fb
2023-03-25 02:18:35,False,0.09305,5.311e-05,2000.0,0.1062,0x2e...f345,https://etherscan.io/tx/0xda8db689b44d74a590c98afc71cf6086442455f06dfb4346e390d9902abace6e
2023-03-25 02:13:35,True,0.09384,5.344e-05,790.627,0.0422,0x5f...91ab,https://etherscan.io/tx/0x5f6d8fc832b297e9f89e57494205ac3ab58c27a572806ccc64f676e86eb1ee00
2023-03-25 02:12:23,False,0.09332,5.314e-05,5000.0,0.2657,0x1d...05a2,https://etherscan.io/tx/0x911d3e3a018adfc394f1e1c894e40a405ec434635a01ac1ddadd03e14c052b4a
2023-03-25 02:12:23,True,0.09393,5.349e-05,1258.29,0.0673,0xca...5237,https://etherscan.io/tx/0xa8306c98e2c26de4f89db2b002c7f7a1c2ea51f1e614ecf5fe217356e980194e
2023-03-25 02:10:23,False,0.0934,5.319e-05,5463.0,0.2906,0x71...6d2c,https://etherscan.io/tx/0x06f2d7ad11c116d9b98fcb34894f67ef25e2ca517c2e5ca91c1b87f8eda1c601
2023-03-25 02:06:35,False,0.09349,5.324e-05,2850.0,0.1517,0x02...df1e,https://etherscan.io/tx/0x98572dea331face1487c6ef11eaf0e26d355f6bb0cd6a005d8996ae5a2d0a2f1
2023-03-25 02:05:11,False,0.09355,5.326e-05,403.977,0.0215,0x3d...9473,https://etherscan.io/tx/0x41d96ef93938cc23e4db9bca42dbceaf4301a9bdf70d39cbc7ef11178b993b70
2023-03-25 02:03:11,False,0.09356,5.327e-05,100.0,0.0053,0x0b...93c1,https://etherscan.io/tx/0x84bb759e1a6d83891d3079e9f43d58e7cec6b0b5c44fed11e56e5c3f5c951109
2023-03-25 02:00:59,True,0.09414,5.359e-05,192.816,0.0103,0x8c...4d99,https://etherscan.io/tx/0x9c9e817a9a2688e7405b835fd8f4051eef0fcaf8026d563079b44986db5bd363
2023-03-25 01:58:47,True,0.09414,5.358e-05,21.8723,0.0011,0x98...ba87,https://etherscan.io/tx/0xa316c8b826cbd8f6ed4dabd5d649ff911802e281300be8b0457bc3d15d3bb6de
2023-03-25 01:57:11,False,0.09356,5.328e-05,2328.0,0.124,0x42...cf69,https://etherscan.io/tx/0x749db860f3ecb1e41d8a7479826f41bfcecf18f6f5432a7434d2e7b3903ae2f8
2023-03-25 01:55:35,True,0.09412,5.361e-05,262.647,0.014,0x31...2ee8,https://etherscan.io/tx/0xd639ec7dcfcc2cc53b5fda9218eb10194c94d07fb7b9808ab0865c75f791b36c
2023-03-25 01:54:11,True,0.09411,5.36e-05,839.406,0.045,0x42...cf69,https://etherscan.io/tx/0x19b11a867cc5e0faa8658f17973ea7175304fb9129300b1552162a0247cdc1b5
2023-03-25 01:50:47,True,0.09413,5.36e-05,240.403,0.0128,0x49...4f80,https://etherscan.io/tx/0xf87c0a764462c754c9b969d2ad0d76c900337bdbc7049bd7bc313d0bef38e11d
2023-03-25 01:46:35,False,0.09358,5.328e-05,612.472,0.0326,0xd7...a3b2,https://etherscan.io/tx/0xce1c62b7968a14affa4ebf82cc974387a544a85bdef209c6107c592df9117e31
2023-03-25 01:42:59,True,0.09413,5.36e-05,808.725,0.0433,0xaf...3b17,https://etherscan.io/tx/0xafe7927f22d9697c296b8af7b4f62c9ebba6944d290518b10f60a1ceaf7f8663
2023-03-25 01:37:47,True,0.0941,5.358e-05,2219.85,0.1189,0x00...d4ea,https://etherscan.io/tx/0x80147a770f36ccf6250e128488258d4e28faad87094d60eab97c6f1b91c096f3
2023-03-25 01:36:35,True,0.09406,5.356e-05,1432.76,0.0767,0x06...17f2,https://etherscan.io/tx/0xc1d78e0812498a4c2a3d811e5edd4e14eebd14cb56d633104503fb43419b562a
2023-03-25 01:30:23,True,0.09383,5.353e-05,3170.03,0.1697,0x70...5654,https://etherscan.io/tx/0xe5b5aeaa989bb23a99ac8e92211b55590e343afdde9aaccd40d847333ff2bbc1
2023-03-25 01:30:23,False,0.09324,5.319e-05,56.1306,0.0029,0x90...5af0,https://etherscan.io/tx/0x580c9843465e37afaf34651512b57e4e906c6914f7654f89a5e01b1bc45f48c1
2023-03-25 01:29:35,False,0.09316,5.319e-05,250.0,0.0133,0x90...5af0,https://etherscan.io/tx/0x00c952b12d35a100ccc928973d6a5a2a7efe4e4c6603788efe79e3ed031d5b83
2023-03-25 01:28:23,True,0.09372,5.351e-05,1023.31,0.0547,0xe8...1eb9,https://etherscan.io/tx/0x2e86e1f9fe4f6b4c5dd4c20f01d1e59a75dca691f76455ae768199d42bccb902
2023-03-25 01:28:11,True,0.09371,5.35e-05,321.816,0.0172,0x7d...3d67,https://etherscan.io/tx/0xb2bbf9e6267aa1c4aa73d43f60ebeb6ac2ed807a0a2f471a219af5205ffd01c0
2023-03-25 01:27:59,True,0.09354,5.34e-05,14979.2,0.8,0x91...dc25,https://etherscan.io/tx/0x1d777e03c4a4938041922558f6535d20b26881ee9a59ec67a904c992245bf06b
2023-03-25 01:24:11,True,0.09337,5.331e-05,74.3703,0.0039,0xf6...bb16,https://etherscan.io/tx/0x824e59465981d1ab4327f0c6a95d81c38758646632bc34a1f0072f370d9496b9
2023-03-25 01:24:11,False,0.09281,5.299e-05,500.0,0.0265,0x42...cf69,https://etherscan.io/tx/0xbc7c07205f1ed25a931af72115ec31a1c036a20545564ccfaf1d2db4bf44e597
2023-03-25 01:21:35,True,0.0933,5.328e-05,5580.79,0.2973,0x5a...65f9,https://etherscan.io/tx/0xe046516c8d7e12e9477c6c40722a90b2de63cf4d2a58cad9d13ee09d7ba5bda3
2023-03-25 01:19:47,True,0.09322,5.324e-05,1055.38,0.0561,0x49...b9bc,https://etherscan.io/tx/0xce8d25a07d9cda1e54d26aeef8b9d4abd697f0b006375ef9a881526d044d25f6
2023-03-25 01:15:35,True,0.09321,5.323e-05,558.613,0.0297,0x62...4256,https://etherscan.io/tx/0x50819850ccfafd37f48fa8e98d1f1ec56cadeba5ff40d889e0f4d70a771e245c
2023-03-25 01:14:11,True,0.09306,5.319e-05,5590.12,0.2973,0xa6...7480,https://etherscan.io/tx/0xf677716c25c78362fa90e1934e96420f1d847a2160764d3d162482b79c952665
2023-03-25 01:14:11,True,0.09298,5.315e-05,1342.71,0.0713,0x05...d4bb,https://etherscan.io/tx/0x112b447cacf8d9f85cb1b68dc503d5e870b1fd89fc290f36561bce4b4f116801
2023-03-25 01:12:47,True,0.09284,5.313e-05,1268.5,0.0674,0xdd...cace,https://etherscan.io/tx/0xdcd630d9847c162654fe67a9d333d0d298f4ddac0f480675d981f458df362227
2023-03-25 01:12:35,True,0.09281,5.312e-05,746.348,0.0396,0xf4...00db,https://etherscan.io/tx/0xb36d127fa518c896dd5f71e533d3eee1f7cf487c1189f0f2913615aab083cb8a
2023-03-25 01:12:23,False,0.09226,5.281e-05,1150.0,0.0607,0x97...4131,https://etherscan.io/tx/0x1628a152d08c9a88a8fe71d78ffab961a5b309fe6ab1b91c6c6f82b148de0f35
2023-03-25 01:11:35,False,0.09235,5.281e-05,400.867,0.0211,0xc4...7cb7,https://etherscan.io/tx/0x34e40235a482aa2b694e8cfccb5aab1e62da597fa1bba59ca675eded0a5b57a2
2023-03-25 01:09:11,True,0.09286,5.307e-05,10084.8,0.5352,0x57...d3c8,https://etherscan.io/tx/0xb273b0c774df7d1510efb03e1f8ccf1508a469c61859e36a6ccae46f40ea936a
2023-03-25 01:08:23,True,0.09271,5.299e-05,3064.9,0.1624,0x1c...ea78,https://etherscan.io/tx/0x02f2656fc7c07169ecc29fd771bcc2286d8c35b0c8b522ca7e52188a80e42a78
2023-03-25 01:06:47,True,0.09268,5.297e-05,1148.92,0.0608,0x5f...eb97,https://etherscan.io/tx/0xc07c72f8e4cf95a3ef9887945331a81bfdcb12fe4e94badd6db8e25d8ed6acc6
2023-03-25 01:03:23,True,0.09265,5.295e-05,1510.72,0.08,0x40...03d0,https://etherscan.io/tx/0xb2201b09bcced8673a5e8944d28cdcbb2a1ae9d2257c96fcd825916ca2faadd8
2023-03-25 01:03:11,True,0.09259,5.292e-05,4222.23,0.2234,0xf3...5e6e,https://etherscan.io/tx/0xc64aedb439aaa5cc4e83e88cf4f2293f6f4e3ec4fe1a3b81d3b9ba859041614d
2023-03-25 01:03:11,True,0.09251,5.287e-05,3782.81,0.2,0x91...dc25,https://etherscan.io/tx/0x244879e3aa08e4db17b60092037a67e0eee8dbf6d04c48255cd236d6bb194f7a
2023-03-25 01:02:59,True,0.09241,5.281e-05,5490.96,0.29,0xbc...388e,https://etherscan.io/tx/0xd420964d3844e2b2060884e4966053b4b27223379a91162fd8fde0457b59c471
2023-03-25 01:00:35,True,0.09228,5.277e-05,1033.05,0.0545,0x4f...57a6,https://etherscan.io/tx/0x8ecd887c6243694f5fd6f6ad9fa9c7f2830e49d57115f653fa094cf3f6e7854e
2023-03-25 00:59:59,True,0.09227,5.275e-05,2885.19,0.1522,0xe5...7a31,https://etherscan.io/tx/0x0520ac27dcd61da211af7bdb3e8176a08bc59e16ea121d799652e6f794f735ba
2023-03-25 00:59:23,True,0.09224,5.273e-05,225.577,0.0119,0x62...4256,https://etherscan.io/tx/0x692295e985bae0f87daf451e6cdd66b26ce7a57feecf24ef18998cf6794bfe5a
2023-03-25 00:58:11,False,0.09165,5.243e-05,2548.56,0.1336,0x25...137d,https://etherscan.io/tx/0x494f7132686b155a79e8624be48442561544ee8154d7f26aaab99b263c04da43
2023-03-25 00:56:11,True,0.09215,5.273e-05,4887.51,0.2577,0x4c...cccf,https://etherscan.io/tx/0x64309cc05620b5a2802b74d0bc7da3efebb0957d7edbbaf02b5389338cf1c6e5
2023-03-25 00:55:35,True,0.09208,5.269e-05,1425.52,0.0751,0x13...ff31,https://etherscan.io/tx/0x18b96a4113702fad3c687ffe2719ada8a077bb94e983a5ff6625b4ecb3491d55
2023-03-25 00:54:59,False,0.09162,5.242e-05,9879.02,0.5179,0x76...7d5e,https://etherscan.io/tx/0x8c06028d771f6fe8a4cec76b2c18af86c1b158f9ee42c182742dc5dbb6deae1c
2023-03-25 00:53:35,True,0.1149,6.578e-05,25080.3,1.65,0xc4...7539,https://etherscan.io/tx/0xada9ff56a0f051990ec073a960ee0c43cdd08eddeb5a7d7120ad2efda7b2ed0a
2023-03-25 00:53:11,True,0.09167,5.245e-05,2074.82,0.1088,0xf3...7bc6,https://etherscan.io/tx/0xdb5c7525c9bd6dd3de27547b695186dc44fef6f1eeceafe99652de46accf2e88
2023-03-25 00:52:35,True,0.09164,5.244e-05,207.929,0.0109,0x00...f126,https://etherscan.io/tx/0xc9c0498681de33118b1241feb9297af9ebba711c2f19e4f9f137a38d9f296248
2023-03-25 00:51:11,True,0.09168,5.243e-05,238.185,0.0124,0x59...8e26,https://etherscan.io/tx/0x0f59d1be7840f37bebee8b651e11ddabc47a65f30b223ab85e2914ce31a46010
2023-03-25 00:49:35,True,0.09167,5.242e-05,1071.99,0.0562,0x6f...b9d9,https://etherscan.io/tx/0x3b4af50a076e45fb6595b02035d6a2316fff2b407eabe91aabe89cccfeb49781
2023-03-25 00:47:47,True,0.09142,5.228e-05,23042.5,1.20475,0xc6...fed0,https://etherscan.io/tx/0x5246856fdc78def82a62c6f673dadc3f987c8013169ba206c9a50689b0b3a884
2023-03-25 00:46:23,True,0.09107,5.208e-05,10417.5,0.5425,0x04...861a,https://etherscan.io/tx/0x6c1bba711e9ddbe11f56b78b1ff8cfe8cbcd256e235912a5187b1dbe160e8266
2023-03-25 00:43:11,True,0.09079,5.188e-05,22881.0,1.18717,0xd3...762d,https://etherscan.io/tx/0x8dddc7714fa48d27554e23429784d084fe3901004c25705406e8117129d4c034
2023-03-25 00:42:47,True,0.09047,5.172e-05,3640.95,0.1883,0xa9...31ee,https://etherscan.io/tx/0x9ca744ff0e2a90ee7a1f3f3f31663bb607f50958027ac4590e96e2f7f0c9944a
2023-03-25 00:38:11,True,0.09033,5.17e-05,866.317,0.0447,0x44...f79e,https://etherscan.io/tx/0x3e2ecc09e5711b292a2229815e42aa2f66c6fc5d41a9f3a28d20be206adfc965
2023-03-25 00:34:35,True,0.09046,5.167e-05,3032.82,0.1567,0xae...8326,https://etherscan.io/tx/0xec768686ad48b5241eac6527256901e3b77220c7ee161fbb78d32f090f6adfb0
2023-03-25 00:32:59,True,0.09028,5.16e-05,9461.31,0.4882,0xf8...5cfd,https://etherscan.io/tx/0x3ab5ffc729e42ca63048bc78a33c43dbf5da724cead3a971aebc5e4ab633cbe8
2023-03-25 00:32:59,True,0.09017,5.154e-05,1391.47,0.0717,0x59...b341,https://etherscan.io/tx/0x9de0f9c096cf547005327f2ee2417845a0cafb889015ed3799fb8d214cf8bfc3
2023-03-25 00:32:23,False,0.08967,5.123e-05,1100.0,0.0563,0x99...f250,https://etherscan.io/tx/0xf29d605898db2fdba38c36e64baaa167085ba9bef732b669558c72814463500f
2023-03-25 00:32:23,True,0.09014,5.149e-05,8465.75,0.4359,0x80...7d33,https://etherscan.io/tx/0xee9d9bb82ba039211e4bf023317005a3c8a88362e110cd80f658667b326b8a42
2023-03-25 00:31:23,False,0.08954,5.115e-05,3531.78,0.1806,0x26...220d,https://etherscan.io/tx/0xba47659b7e2c310d3631d87d16d9618dbeb9129044225bce47d7936c179e2a06
2023-03-25 00:31:11,False,0.08976,5.129e-05,19566.6,1.00362,0x13...44f0,https://etherscan.io/tx/0x454058da5816f030910987a2ece4ffe43a28faf9b970e652ecd45575541d944e
2023-03-25 00:27:59,False,0.09005,5.142e-05,2689.26,0.1382,0xbe...d233,https://etherscan.io/tx/0xe06ae4598e102599e753696fb33bc5fc5057d9c00dbb4e03548e9ce021760f7a
2023-03-25 00:26:47,False,0.09016,5.146e-05,3631.97,0.1869,0xd7...a3b2,https://etherscan.io/tx/0xdfe1c1f269d042d5ac852b82be6c7321ce1a15ac36c15e329fc31fd76d0d558b
2023-03-25 00:26:47,True,0.09064,5.172e-05,10478.7,0.542,0x3a...fb98,https://etherscan.io/tx/0xc2aad51def2fa314cb838d87f1b097ea37c2fc68a77359dadf717ae122037764
2023-03-25 00:26:23,True,0.09047,5.163e-05,5144.66,0.2656,0x62...5c39,https://etherscan.io/tx/0xf6e691524c96efdd7dbbe2d94a729def08da4edbc6f814d015aeaa1aa579396b
2023-03-25 00:25:59,False,0.09,5.135e-05,10479.2,0.5382,0x76...7d5e,https://etherscan.io/tx/0x4a2ee6b9605b3d5e0953de2729f8b1815b78b4de17c4afdd9ea166d0050fb34a
2023-03-25 00:24:59,True,0.09063,5.171e-05,1833.44,0.0948,0xe7...49aa,https://etherscan.io/tx/0x62de77cfb9b255714354c437f26104292632c37487e0a05434a432f5bc2ccbce
2023-03-25 00:23:47,True,0.09056,5.17e-05,958.604,0.0495,0xc7...4dab,https://etherscan.io/tx/0x63417956ba22822465335c1d37bdb9fb5293538861e16eecfc4c2c0dece5740c
2023-03-25 00:22:23,True,0.09049,5.169e-05,363.338,0.0187,0x5e...bba8,https://etherscan.io/tx/0xd6a7c35b8dccc1d96ac6389a91c23c6fde0a657be401925b373df2f7a99166c2
2023-03-25 00:21:23,False,0.08979,5.138e-05,101.0,0.0051,0x6d...751b,https://etherscan.io/tx/0x10a3ef818ff19e305214ea6d3bbb5dd82ce5163332fb5e2a36b6b22ec2413211
2023-03-25 00:20:47,True,0.09026,5.168e-05,767.606,0.0396,0x68...d31f,https://etherscan.io/tx/0x5a17f6a032938377c7e0eea8a65df1e8e62a1c9f05b3d3b265d349461ec5d384
2023-03-25 00:17:59,True,0.09024,5.168e-05,415.421,0.0214,0x59...c8ec,https://etherscan.io/tx/0x5a75c7614f759d5da20ad50aee0af9a24f44d70f696a175212c3d412ecd3a8e8
2023-03-25 00:17:23,True,0.09003,5.157e-05,18363.1,0.947,0xc6...fed0,https://etherscan.io/tx/0xa13aeb8520a2283c05631533053a52ec01544763091c0c360bcf4ad98edef80c
2023-03-25 00:16:59,True,0.08982,5.144e-05,2947.95,0.1516,0xb5...de1e,https://etherscan.io/tx/0x9a2c1db024efd148e26ead20dc13762b719709cd264674a6de9c692c69152491
2023-03-25 00:16:59,True,0.08976,5.141e-05,2139.39,0.11,0xfe...c32a,https://etherscan.io/tx/0xcf156e9bdf50531b8a0dc14a05b19e3ebbec482090989d1f70c9cef8f192723d
2023-03-25 00:14:59,True,0.08971,5.138e-05,2507.58,0.1288,0xa9...31ee,https://etherscan.io/tx/0xd89f0d796e05ec9640030585ba21488a1ad59bd874b0a126b2eee8ea30aa7d1f
2023-03-25 00:13:35,True,0.08963,5.135e-05,2920.7,0.15,0xae...9845,https://etherscan.io/tx/0x21ccd716e4a2b56c8dbbc040acb7126eeff027f9a4469493042124b6707fd408
2023-03-25 00:13:11,True,0.08941,5.123e-05,17844.0,0.9142,0xa0...cbe9,https://etherscan.io/tx/0xa022d9d63984ee194e7acb26e0392a14144bb931d379bc6900eac043624aeb16
2023-03-25 00:12:59,True,0.08922,5.112e-05,950.017,0.0485,0xcf...e965,https://etherscan.io/tx/0x8886fdadad2e8d226bea34338a07e5bbbda1c47445648fec2236ad92aa0010a2
2023-03-25 00:12:47,False,0.08868,5.081e-05,160.0,0.0081,0xad...8fef,https://etherscan.io/tx/0x02881b2f9240f1e1b0e830df096a523518772a072f3acd5bdeddfabb158b1a37
2023-03-25 00:10:59,True,0.08915,5.111e-05,1182.72,0.0604,0xf2...7c72,https://etherscan.io/tx/0x93658104518e2efa942553474ac4e085633cc7ac18a2ff6bc2fba634889e932d
2023-03-25 00:09:11,False,0.08868,5.081e-05,2000.0,0.1016,0x47...c5cc,https://etherscan.io/tx/0xca5de465c3693852f86080d1a36fd61946aa3f97d6451a4bebb149a0621be540
2023-03-25 00:08:35,True,0.08914,5.108e-05,7850.75,0.401,0x42...cf69,https://etherscan.io/tx/0x8e12729da65b41d1f2413441faddcf7a7ee8fe29ce8eac16ca3fa4389972cb1c
2023-03-25 00:08:11,True,0.08902,5.101e-05,4025.43,0.2053,0x48...71d3,https://etherscan.io/tx/0x19818cbd086f16079769ed50624ce9ad214a387c5ce25b56b2f6805c3d0e3168
2023-03-25 00:07:47,True,0.08892,5.096e-05,5886.91,0.3,0x72...c466,https://etherscan.io/tx/0x8ab489eb2ef7ab120d77a4a361f62c48be8439414baedff6cca87fdb7cd07762
2023-03-25 00:07:23,True,0.08875,5.086e-05,10328.2,0.5253,0xf3...02f0,https://etherscan.io/tx/0x0edc0168346881755932c8e1d3b756538b86271bfc4e34b55baf4a2a63f39137
2023-03-25 00:04:47,True,0.08857,5.078e-05,4822.81,0.2449,0x69...3710,https://etherscan.io/tx/0x35e7b6f9c01603ffd77586524469eec55dc1b12e3ef69fa1999ee2c3fe0929f9
2023-03-25 00:03:35,True,0.0885,5.074e-05,585.978,0.0297,0x99...1016,https://etherscan.io/tx/0xe0ea702a9ad5802b468c011b7bb1d62293cb89997f59f5bd4c02c1b4f453462a
2023-03-25 00:03:11,True,0.08848,5.073e-05,1379.66,0.07,0xfc...ee1a,https://etherscan.io/tx/0xbc480115e0624e8cbfdaf5e5ac4d0423c14c34b1110f58026ad620412579d2b5
2023-03-25 00:01:59,True,0.08844,5.071e-05,2627.94,0.1332,0xba...25d4,https://etherscan.io/tx/0x1d9155ceecf0f8a69a96ab91b372029c11f8490f20eb54fa385ec6df56e65233
2023-03-25 00:01:47,True,0.08839,5.068e-05,2151.21,0.109,0xed...3f34,https://etherscan.io/tx/0xe1832759f25acf9092759816d664c3b7c98a0d4faf8916e0324fd5d95e54ba1f
2023-03-24 23:59:23,False,0.08827,5.063e-05,45659.1,2.31182,0xd2...92ae,https://etherscan.io/tx/0x6a5978f04dbee64e75a0d2bc2d1c0477fddd13a3a0a2f5d924026f127150497a
2023-03-24 23:58:23,False,0.08898,5.103e-05,23503.4,1.19939,0xd3...762d,https://etherscan.io/tx/0xef2dcdac1c193f9cfaba22f18d4df3ad2949eaea555566030ada4b3ca1de6cbb
2023-03-24 23:55:35,True,0.08979,5.147e-05,635.525,0.0327,0x45...bdb1,https://etherscan.io/tx/0xbce3b5b84fac7655103e6296a189e5537e6eaa798541d63a1e4b4c9251748693
2023-03-24 23:53:47,True,0.08971,5.146e-05,55.0344,0.0028,0x47...067e,https://etherscan.io/tx/0xcf00fdf7d6a843694933f506d0bfa717094ee03e223533a677e71ac208a2e179
2023-03-24 23:50:23,False,0.08918,5.116e-05,500.0,0.0255,0xa5...f1f6,https://etherscan.io/tx/0xcb1987b348645015d1f69abd0fb47e42c1d62e40c6a16f78ce71b2959b443565
2023-03-24 23:48:11,True,0.08983,5.146e-05,1107.46,0.057,0x66...e29b,https://etherscan.io/tx/0x0e004c79a623933a4cd4daa18ea155bf59f78b3b3c4653e217f91d70a2f89d24
2023-03-24 23:46:23,True,0.08975,5.145e-05,1044.7,0.0537,0x80...5670,https://etherscan.io/tx/0xfd048a0bfa33e2ed7090d60b5307399644f799b7b875170a538f43fbb59f2ba5
2023-03-24 23:46:11,False,0.0892,5.116e-05,4560.39,0.2333,0x98...b088,https://etherscan.io/tx/0xdee0b64b8f452a5d1234c0fcdfcd14177e803be6a0e06b1f31e42e91b422cf8d
2023-03-24 23:45:35,True,0.08975,5.148e-05,2098.45,0.108,0xc7...633e,https://etherscan.io/tx/0x8e4917dbaad1a3d8f1d1d63e303e20273f668d13ee06de5418871a3558a31c33
2023-03-24 23:43:59,True,0.08988,5.146e-05,1926.07,0.0991,0x2f...7194,https://etherscan.io/tx/0xd61ca47d032780e8f3a386da25210d9ad51b2c04bd5e0dffca2932689cdaf27d
2023-03-24 23:42:11,True,0.08985,5.145e-05,637.574,0.0328,0x88...b175,https://etherscan.io/tx/0xa831b630f3cd0c22a5fce50197ca0504dcd629f2421ab7731b733f5a98241564
2023-03-24 23:41:35,True,0.08984,5.143e-05,1291.13,0.0664,0xf3...c201,https://etherscan.io/tx/0x9f9326472874175d336adba264d0f9bfb2f72893904cefac65a1e5af6ad53684
2023-03-24 23:39:11,False,0.08934,5.114e-05,2995.11,0.1531,0x0f...9ff3,https://etherscan.io/tx/0x797c5add013bc61507cbfb38bd1b9bbdd7c96a15dce36f4827f61862712ccf90
2023-03-24 23:39:11,True,0.08989,5.145e-05,1535.05,0.0789,0x67...eb0e,https://etherscan.io/tx/0x39bd49d5fcb324be55cadca63741add97782bc2bff6b90f508205e17793817ee
