datetime,buy_order,price_USD,price_native,amount_token,total_native,maker,etherscan_url
2023-03-27 07:19:35,True,0.08902,5.058e-05,783.851,0.0396,0xae...3c40,https://etherscan.io/tx/0xfd06d87f5a91d9fa6311efe23611f1aff27633102eb0a057474ab9b159bf1c85
2023-03-27 07:19:23,True,0.08899,5.056e-05,2156.3,0.109,0x73...5c8b,https://etherscan.io/tx/0x6594eda89cce4d99556739313ab623a8a97f691b8bf2a8a87ca81f17825acdfd
2023-03-27 07:18:11,True,0.08891,5.052e-05,5938.11,0.3,0x36...e723,https://etherscan.io/tx/0x3ab9569dd39019bffe0029f7fe55576b5ee566c138575312e0de1b6763fd01c1
2023-03-27 07:15:35,False,0.08845,5.02e-05,3856.39,0.1936,0x81...6ef1,https://etherscan.io/tx/0x6d02d1e399898272402ec2f84bc9d445035cce65ad9c1686aaa6157a09095913
2023-03-27 07:11:59,False,0.08884,5.032e-05,17750.9,0.8933,0xdc...0b19,https://etherscan.io/tx/0x4cc0657acf0514d6bcee1815c515eb549803b100f749cfc370f37cd64f3afc09
2023-03-27 07:09:59,False,0.08901,5.043e-05,731.992,0.0369,0xda...2f95,https://etherscan.io/tx/0x4ef465a9936bdc4d6c1ad033752085c7f8f5057292c2dab76df0c6f3869e0d75
2023-03-27 07:07:11,True,0.08955,5.073e-05,410.271,0.0208,0x8e...e4cc,https://etherscan.io/tx/0x4fee973b30a7dd5ce2549f0d8943e09c6e1747d1aaa6a4ff52918a9b9a445746
2023-03-27 07:06:59,True,0.08954,5.073e-05,488.467,0.0247,0x4c...3655,https://etherscan.io/tx/0x58e7dfda29b9c262dba64706a167cf6c63013f23aafe50dead21c063a30dfb38
2023-03-27 07:05:47,True,0.08951,5.071e-05,2345.39,0.1189,0x06...3978,https://etherscan.io/tx/0x0ee66525e386436c5fecfdd1aa06b7c554d842444d8f771d666a8c9f1dabfbca
2023-03-27 07:04:47,True,0.08948,5.069e-05,1036.27,0.0525,0x93...2f13,https://etherscan.io/tx/0xcf3ddb2d26cdce879614ab8c93bdd32bfd4675050dc6faeb2151498a6a755707
2023-03-27 07:02:11,True,0.08946,5.068e-05,586.676,0.0297,0xf6...39fe,https://etherscan.io/tx/0xc5831f8871923c065233a3e23d0d56d7dc81bc53e45e2b6f0697a9027c81f729
2023-03-27 06:59:23,True,0.08944,5.066e-05,3979.12,0.2015,0x8a...ad9a,https://etherscan.io/tx/0xdfd81e54f26eb363e7e013e7b7251fa4a91efb1c8e261c09406d46e11c53506d
2023-03-27 06:58:59,True,0.08936,5.061e-05,4386.87,0.222,0xfa...64cc,https://etherscan.io/tx/0x75631b9e16f1078a1ec740d44587e5ef923eb83fc8b2ee2f9e8a1e3864c171d8
2023-03-27 06:58:47,True,0.08925,5.055e-05,6161.59,0.3115,0xfe...8c32,https://etherscan.io/tx/0xd89c1f8d482822ef5e331cad150a0060a27e21093adfb28166253d5bbad56a51
2023-03-27 06:58:11,False,0.08889,5.035e-05,23750.4,1.19586,0xd7...f47b,https://etherscan.io/tx/0x874c899336637af8d70bb292d19c46da4d2166277d576d3f4ac8aa3e05ea727e
2023-03-27 06:56:47,True,0.08966,5.078e-05,994.913,0.0505,0xd4...a77c,https://etherscan.io/tx/0x7b454a1bdce1eb8a2565c8772e0746bb4b5869402247fbb06f4a10b830ac0fa2
2023-03-27 06:53:59,True,0.08965,5.077e-05,162.112,0.0082,0x7f...ee5c,https://etherscan.io/tx/0xbb0030afb5fc8275098cdb946f1706c50d7691b56122cea01bfc685dddc4d02e
2023-03-27 06:53:47,True,0.08963,5.076e-05,1366.76,0.0693,0xa9...d0ed,https://etherscan.io/tx/0x38f9786f74a41c9c1a281bded8670c4e00b133ecbbd944148a5bf2f3ec9ff35b
2023-03-27 06:53:47,False,0.08908,5.045e-05,369.0,0.0186,0x1b...ea67,https://etherscan.io/tx/0x9422bff1d99c1f5f6acf049c3f6b836f0a89539788cb5b1eec1c8cc668cb3979
2023-03-27 06:50:35,True,0.08962,5.076e-05,265.858,0.0135,0x53...4aee,https://etherscan.io/tx/0x3ef38da3b2409b4e82bf24df1ae36a36afcef7bae1d7b939daa5118cf31a1ef9
2023-03-27 06:47:47,True,0.08963,5.076e-05,106.477,0.0054,0x53...4aee,https://etherscan.io/tx/0x6ef7a403282ec199b565b3d9a38ef13c289b7547019f0faafd012a5adc0c5fb1
2023-03-27 06:44:11,False,0.0893,5.055e-05,18168.4,0.9185,0xc6...fed0,https://etherscan.io/tx/0x8548f22780a5d38991dd3c789d7cb9b3be4666adfb41687cf0caf5d0c88ca289
2023-03-27 06:42:23,True,0.09005,5.096e-05,153.855,0.0078,0x8c...8833,https://etherscan.io/tx/0x1783b337d857cf2e0eb03f7a4b8dcd8ef345cb495423f571ca473fad78234dc4
2023-03-27 06:38:11,True,0.09004,5.096e-05,972.582,0.0495,0x96...96b0,https://etherscan.io/tx/0xda16a3d684bff6581954fcfa3274c1e43a317bda0f41695550979ad4cafd00fd
2023-03-27 06:35:35,True,0.08999,5.093e-05,4214.42,0.2146,0x04...0f05,https://etherscan.io/tx/0xf6ab30cbbed541e85e433382db9b5a420c9ac035e99b6b9acee9ef0994985b91
2023-03-27 06:24:11,True,0.08991,5.089e-05,1168.49,0.0594,0xb7...2bce,https://etherscan.io/tx/0xaef5535e6c9dee1e06417881c11e5b81f6dc522dd473de74f22b6e8deeb85004
2023-03-27 06:20:11,True,0.08987,5.089e-05,370.084,0.0188,0x96...96b0,https://etherscan.io/tx/0x53cb1d15a1a5d4012dac08b63b25d7bb153dcb536ef1ecede89afd02a00ffcce
2023-03-27 06:18:23,True,0.08986,5.087e-05,1948.32,0.0991,0x0d...4370,https://etherscan.io/tx/0x00e6526fd3077a3931c6a6545046838230ca0bea4d6c735a2aea6d3a636e2f33
2023-03-27 06:17:47,True,0.08971,5.079e-05,12402.7,0.63,0x2e...f345,https://etherscan.io/tx/0x7bf03bc3091f04b6f2f1371482c40f57d9972d602e6a0f784d9bdc9710fa962a
2023-03-27 06:16:23,True,0.08959,5.072e-05,870.806,0.0441,0xcb...e9b5,https://etherscan.io/tx/0x43a98106d7e874cb3c033490e87bf3f0487b45a16b7a605d0052aefca7e48d1d
2023-03-27 06:16:11,True,0.08955,5.069e-05,3057.36,0.155,0x59...e982,https://etherscan.io/tx/0xd606cb4d5d59ad1e4c1e1f21061de59ba033bd01e646cc3c34ea3262640bab56
2023-03-27 06:09:11,True,0.08946,5.066e-05,2112.39,0.107,0x4d...854b,https://etherscan.io/tx/0x441360647215e233a8ed74ce6c6a3d07d521201f9986cccc884be09ae9805645
2023-03-27 06:06:23,False,0.0891,5.049e-05,24438.3,1.2339,0x9d...22e2,https://etherscan.io/tx/0x75142e87f10e76eb61666bb0f035fed48ed116a3feb0e8a834fa2a6ed345d49c
2023-03-27 05:59:11,False,0.08946,5.063e-05,1271.85,0.0644,0xb4...7aa3,https://etherscan.io/tx/0x74100a0ac25caa7adeaa049575493299acf2e91846511cb97179033cd26c596a
2023-03-27 05:58:47,True,0.08998,5.094e-05,564.26,0.0287,0x1d...aaec,https://etherscan.io/tx/0xc368182508cf6d49dbdb6653ecec59d6f6eae0816729944aadc617051db59110
2023-03-27 05:54:35,False,0.0895,5.064e-05,1269.22,0.0642,0x13...08d8,https://etherscan.io/tx/0x1447660d4e34b6ebd5da669bbd074758cfaf6e2757694ce954c90d9721744c87
2023-03-27 05:52:59,True,0.08982,5.084e-05,20091.1,1.02146,0x53...7dd8,https://etherscan.io/tx/0x6a2965271e249d2fc2236efcd17d26d287607dfb8eeb793c5b6174bb3f4b9dd0
2023-03-27 05:52:47,True,0.08959,5.071e-05,2556.29,0.1296,0x32...89c6,https://etherscan.io/tx/0xdd719db6779700ce81c8699b11b032516f32e6c85a5b208b6d194c49f79a6a2b
2023-03-27 05:52:47,True,0.08956,5.069e-05,1105.29,0.056,0xaf...d794,https://etherscan.io/tx/0x62a2932af8c948c9a496fdc1624a97c273391d6a0105d7ec5c632f38f76deb46
2023-03-27 05:51:59,True,0.08954,5.068e-05,977.954,0.0495,0xa2...8270,https://etherscan.io/tx/0x5bf0edbda8b5596cc89f4461c02dc8e85d881ebb37d96b63df2af29b74964bc4
2023-03-27 05:51:23,True,0.08955,5.067e-05,215.179,0.0109,0x96...96b0,https://etherscan.io/tx/0x8ee5256b6cdb470a87eb3e46fecf4577107e2e4a1272ee822c2f9260113725fb
2023-03-27 05:50:47,True,0.08949,5.064e-05,5524.92,0.2797,0x63...858c,https://etherscan.io/tx/0x6760a6344fa430d12a73322a0ea01fff8c38e2f5fc3bd87cc9feda8771193a8d
2023-03-27 05:50:23,True,0.08934,5.056e-05,7449.05,0.3766,0x96...96b0,https://etherscan.io/tx/0x382e8fe074c5e0d9132fb91439d08ff3789fda99d788263f7b7c2040d856c573
2023-03-27 05:49:23,True,0.08923,5.052e-05,210.699,0.0106,0x91...229c,https://etherscan.io/tx/0xa8ec8c052b9bd256dd3156a333f99fe114ba7c5b5d057561db7d80bd70169fd7
2023-03-27 05:47:47,False,0.08868,5.022e-05,486.109,0.0244,0x6a...f73c,https://etherscan.io/tx/0x121b3322d2ad1fcc26285d91665f0526184462dac7bdd53d2c54582f9a0f42bd
2023-03-27 05:47:23,True,0.08917,5.05e-05,3925.31,0.1982,0x8e...3a77,https://etherscan.io/tx/0xcf1a1b7e0a9e75eeb73628f15dd109e154f94cc1e551b98c5385dc98b0a36cc2
2023-03-27 05:46:47,True,0.08911,5.047e-05,1767.51,0.0892,0x73...5c8b,https://etherscan.io/tx/0xeeae21aa70ac22a79661c9b7b0d14b0791ae9c1423eb57ffa30defdef1c665a5
2023-03-27 05:46:35,True,0.08908,5.045e-05,927.251,0.0467,0x52...fdf6,https://etherscan.io/tx/0x850dabd752a5ec4cf95a124dfebf734f5bdd6149c98efdf0a4ba829f41be45dd
2023-03-27 05:45:35,False,0.08861,5.019e-05,7034.85,0.353,0x61...853e,https://etherscan.io/tx/0x53cc15e87246626d8f2f1107c024345cf150e56ba9cc059fe8f750c97d92fde9
2023-03-27 05:44:11,True,0.08916,5.049e-05,6603.27,0.3334,0xae...33a0,https://etherscan.io/tx/0x73647c5fa09ac9a15171919c288856c220fff75965206e890dc60c545a069b67
2023-03-27 05:43:11,True,0.08907,5.044e-05,1847.03,0.0931,0x51...2ffa,https://etherscan.io/tx/0xe45ce60576cf14f449dc5b9d23d39833d614cd0a9dc17193295840b796df1a3a
2023-03-27 05:41:59,True,0.08904,5.042e-05,1415.26,0.0713,0x66...ac43,https://etherscan.io/tx/0xe4f749b8ee9e7889bc9c445de9316c69586179e0c1b34ae537ff72b42e955c56
2023-03-27 05:41:35,True,0.08899,5.041e-05,1388.53,0.07,0x98...96f3,https://etherscan.io/tx/0x3191bf5ea801a41e7ee7cfd539c85be15fbf7561bd32420caf295bf44ddf2822
2023-03-27 05:40:35,False,0.08862,5.02e-05,18750.0,0.9414,0x2e...f345,https://etherscan.io/tx/0xfef6ab86d5df9e7331341ebd4ccb47c9cf1b5a0a6f25d933e10ba9e6eb8e89f1
2023-03-27 05:36:59,True,0.08926,5.061e-05,450.444,0.0228,0x86...b8e6,https://etherscan.io/tx/0x3c7d2ca75fc6d33590472d9dd23fdbd485dc78ee42f60abd1090297666bc1c92
2023-03-27 05:33:59,True,0.08923,5.06e-05,1958.98,0.0991,0x73...5c8b,https://etherscan.io/tx/0x86330eee4666e60e524073372a6d343d41e2a05b07c6088e2447a33a6612078c
2023-03-27 05:33:35,True,0.0892,5.058e-05,547.916,0.0277,0xb0...a016,https://etherscan.io/tx/0xf95e59d09cefb9e3cb0c167ac51c60f6e79db4d3230c0428f7fca5c9376fc521
2023-03-27 05:31:11,True,0.08921,5.057e-05,1371.97,0.0693,0x73...5c8b,https://etherscan.io/tx/0xf1abc56332264c77c8204c27beb8d76b8f3e987fa74ee94f2bf7855d6c80d0b7
2023-03-27 05:30:47,False,0.08867,5.026e-05,746.567,0.0375,0x19...7994,https://etherscan.io/tx/0x78f93b95be7e642c13478f3323b0551585263e96ef28c8275c077488b44fc4f0
2023-03-27 05:30:23,True,0.08915,5.054e-05,5883.65,0.2973,0x6a...1e58,https://etherscan.io/tx/0x1ad93e7ac76600b30e30ccb18bbe1147d4ba5a81766486e5bcdca16c804d71ff
2023-03-27 05:30:23,False,0.08876,5.032e-05,20188.4,1.01588,0x13...37eb,https://etherscan.io/tx/0x38b1cfc7f2491a7d240e93155f476cc8ed6790119c739e161211722bcbf0ad86
2023-03-27 05:27:35,True,0.08944,5.069e-05,6843.13,0.3469,0x39...916b,https://etherscan.io/tx/0x4c08d617adbe8244a8dd2f0a1b5f212f77f3c3dca4e37c33b85b38a0cfb7aa45
2023-03-27 05:27:23,True,0.08937,5.066e-05,19.5668,9.912e-05,0x6a...1e58,https://etherscan.io/tx/0x27dc3ab4e19ef879c940f82c9db7754e40a63a124d955c319c75ddc9ca1706b1
2023-03-27 05:24:23,True,0.08938,5.066e-05,11.5153,5.833e-05,0x6d...bc6a,https://etherscan.io/tx/0xbaf53a0d9d32fe10a8c770db7ef37930a773aad1dba9278eaed8aac2aedfd4bc
2023-03-27 05:23:11,True,0.08937,5.062e-05,5286.2,0.2676,0x6f...b9d9,https://etherscan.io/tx/0x1512ee9b073d8be87af182534289d64985f0909fc624c73336b93148b3f449ef
2023-03-27 05:21:11,True,0.08929,5.058e-05,1959.44,0.0991,0x8b...3fe8,https://etherscan.io/tx/0x96fcf4e2ebf66ed827223307fa5071019396ac77696142ee8efb489ba2c04a40
2023-03-27 05:19:59,True,0.08921,5.054e-05,5897.13,0.298,0xee...8676,https://etherscan.io/tx/0x8ec77edea1c62642fc57b1e0193ebd7a1d57121342d25d70ef1a2292806c6cb0
2023-03-27 05:17:59,True,0.08915,5.05e-05,785.053,0.0396,0xea...8129,https://etherscan.io/tx/0x2658348be7369de1d21442633f480e13b710094591a08fb8f3435fdba756eda1
2023-03-27 05:16:47,True,0.08915,5.049e-05,490.728,0.0247,0x75...c875,https://etherscan.io/tx/0x576bfc0866c39be62a57762b2c10d943d49fbf4d405181e7541ea10006b019b7
2023-03-27 05:16:47,True,0.08913,5.049e-05,981.618,0.0495,0x73...a489,https://etherscan.io/tx/0xc4236bb59ce1dde2a4bb67b7a0ede63148189ce0ac9d800d4c24356f1033dfbd
2023-03-27 05:15:59,True,0.08916,5.047e-05,1963.88,0.0991,0xa9...4adc,https://etherscan.io/tx/0xe3b779e07fdd4ed9501a2fa61a716ee5b772b84995caac291f7d41f72ce8de1c
2023-03-27 05:15:59,True,0.08905,5.042e-05,6614.06,0.3335,0x3b...2341,https://etherscan.io/tx/0x91b6812288b5020137736fd355bf41585c337417779142d5a2d4973c793fe340
2023-03-27 05:14:47,True,0.0884,5.005e-05,59654.0,2.98593,0x3c...af12,https://etherscan.io/tx/0x0989e10cff6aeb0c6d66c19b596c65051c226bba868a0d7f4c98a18f875261ef
2023-03-27 05:12:59,False,0.08722,4.943e-05,1200.0,0.0593,0xad...d064,https://etherscan.io/tx/0xa28d715af5fd2ae293a7c07968abec9559f2273b4a0c7aa844d63024281a6a72
2023-03-27 05:10:11,True,0.08774,4.972e-05,1395.32,0.0693,0x75...c875,https://etherscan.io/tx/0x018ac1d91fdaf4809b4549607a23026d77b228301162be58cd943fcfefbc0b56
2023-03-27 05:08:59,True,0.08772,4.971e-05,375.647,0.0186,0x8e...9224,https://etherscan.io/tx/0xcb207d076c542bd9b0da4a776e3e2b7f3f41b1beb79f455775f6e868bfaead35
2023-03-27 05:08:47,False,0.08724,4.944e-05,5150.0,0.2546,0xc5...eef8,https://etherscan.io/tx/0x846f5fee474dcf7d614d8bab99a5533f26ef21f0406d1fe0037ee7d8657a1aee
2023-03-27 05:06:23,True,0.08782,4.977e-05,219.073,0.0109,0x45...63fb,https://etherscan.io/tx/0xc582c333eeb5d3e230ebca9a384f89ab565af6e4c7b4a289dbc1e7e8b7bb67aa
2023-03-27 05:03:23,True,0.08779,4.975e-05,2318.69,0.1153,0x3b...2341,https://etherscan.io/tx/0x11d1b399826706ae8d6c0ca72367926b4f77d207b944fcd1591b8548121e2481
2023-03-27 05:02:35,True,0.08776,4.974e-05,622.948,0.0309,0xd9...67ea,https://etherscan.io/tx/0xcc8f773d766b30279c9327f749b1ebbeaff6ead6753bc099691538645350a9c4
2023-03-27 04:54:47,True,0.08768,4.972e-05,2392.14,0.1189,0x0a...38b6,https://etherscan.io/tx/0xba33d09693433dce0dc26cde39fd9ce5eee1bac4a3ea918dd4b1d22dd7db8ca8
2023-03-27 04:53:47,True,0.08766,4.97e-05,997.1,0.0495,0x33...c2da,https://etherscan.io/tx/0xc1bf79472ca4cb79737609965de03557fc4b30d4ee3941a9771fc636aed9ecee
2023-03-27 04:49:59,True,0.08765,4.969e-05,764.635,0.038,0x0c...d03b,https://etherscan.io/tx/0x11ed72bc1a9c449f1e672f2e670e6fcaea33d31f345b3e3bc7fd8d2c30c73ce2
2023-03-27 04:43:11,True,0.08759,4.967e-05,4029.22,0.2001,0x15...7da0,https://etherscan.io/tx/0x5b3689c42fbacb377e6db88bc12997fd6ee4252383ec6a293d4a0bf723c089b2
2023-03-27 04:42:23,False,0.08732,4.951e-05,29407.2,1.45602,0x62...3d69,https://etherscan.io/tx/0x03258265fad6afb551b6683659bb14554354ec4cdee488953d4d756414a89c2f
2023-03-27 04:41:11,True,0.08807,4.994e-05,4961.68,0.2478,0x7d...00af,https://etherscan.io/tx/0x08cfca2c56b99324a1ce5d5ccf24be716c039f9720ea65c88e4148993dc565ec
2023-03-27 04:36:59,True,0.088,4.991e-05,1015.79,0.0507,0xc6...fed0,https://etherscan.io/tx/0x9d28c8ea463599dd4b73eafd660655e02b8e76581c848127be44c7bb417aff28
2023-03-27 04:33:47,False,0.08813,5e-05,71451.7,3.57289,0x55...1919,https://etherscan.io/tx/0x7f379f979a176c3fb35e1aab00372571bd8e6faa3081f93ee974260b36b8484a
2023-03-27 04:32:35,True,0.08937,5.068e-05,4573.4,0.2317,0xa2...fb83,https://etherscan.io/tx/0xb666ef3f6a834b5f0db495f3ab890dbf00b77ac1f1a1050a703e2d5633352708
2023-03-27 04:32:11,True,0.08932,5.065e-05,273.97,0.0138,0x6b...93df,https://etherscan.io/tx/0x54d83a5fa0484dd5f442d8261e8dc89e5a03380684af43481b892f9b96981148
2023-03-27 04:28:11,False,0.08886,5.036e-05,3749.0,0.1888,0xa3...0b71,https://etherscan.io/tx/0x16151c8131253c1738484481f485af779b7e4ec00f067fe5aa774d4eea1363ea
2023-03-27 04:28:11,True,0.08942,5.068e-05,986.415,0.05,0x72...7483,https://etherscan.io/tx/0x73ab18d5c8ae59c18e9412f2e119a09b9a6cd1a7e8a538807e6af09a6da28fc3
2023-03-27 04:27:59,True,0.08939,5.067e-05,2132.31,0.108,0x3d...64c4,https://etherscan.io/tx/0x39f2387eec7750f6f02e0fe33fe2cfdc57b70c438ff0fb012d5e6153dc44d286
2023-03-27 04:26:47,False,0.08886,5.037e-05,2580.91,0.13,0x3f...d52b,https://etherscan.io/tx/0xa615ba7b4471cddb5ebd219941a54c6344860c7f13d1c901b9e0fef32e6ace94
2023-03-27 04:25:23,True,0.0894,5.067e-05,1956.02,0.0991,0xac...90ab,https://etherscan.io/tx/0x56859d7b0a5471cc67c41982f9232cd00d120591e1df143f0f5af7cb1b86ae1b
2023-03-27 04:18:59,True,0.08927,5.063e-05,5579.37,0.2825,0x66...b802,https://etherscan.io/tx/0xfcbf6a612537241160a710101bb89711b86d600adece229de8fb62e491ef44dc
2023-03-27 04:18:47,True,0.08918,5.058e-05,3219.11,0.1628,0x72...3967,https://etherscan.io/tx/0x8474c57e06b2b5aa37ea3274662251962f701cc970f54a6c441624a3b06f2688
2023-03-27 04:17:59,True,0.08912,5.056e-05,788.991,0.0398,0x0a...2e4e,https://etherscan.io/tx/0x3cf4a848043ca63e1bf509739a20ddc98a2f31783555adec417a44bd6ac94a58
2023-03-27 04:17:11,False,0.08863,5.028e-05,5085.71,0.2557,0xa9...6a6f,https://etherscan.io/tx/0xa67d3b43eb2aa9975c9c9632a91f9296e72b3e5ece684145bdf5191d489866be
2023-03-27 04:14:47,False,0.08868,5.031e-05,100.0,0.005,0x7b...ddff,https://etherscan.io/tx/0xe57365b3d4ea3a39f17b4e6d5a660f27c98302c22d10d04a029ddae2183234c1
2023-03-27 04:13:59,True,0.08919,5.061e-05,88.7584,0.0044,0xe9...213e,https://etherscan.io/tx/0xc06d4d0efc592ec8f4077c05d50b7cb683e0ca5a6d0a34c084b426f542efbd71
2023-03-27 04:10:23,False,0.08866,5.031e-05,989.509,0.0497,0xc1...a02f,https://etherscan.io/tx/0xb82dbc0373f63738472f0e6cf7acf20c588b2eb72b9e6cf0b6f1a31daff0025f
2023-03-27 04:08:23,True,0.08915,5.061e-05,1773.28,0.0897,0x26...567d,https://etherscan.io/tx/0xdc0e61bd1fb51fca1699a29874040f7fc15f1be43a4ecc1b8da13b7327071304
2023-03-27 04:06:35,True,0.08904,5.057e-05,5350.65,0.2706,0x7c...961e,https://etherscan.io/tx/0xf2a0a485ea3948a161c233e261c1070ca71df38b42e873019ad10883b995e578
2023-03-27 04:06:23,False,0.08847,5.024e-05,1200.0,0.0603,0x79...0741,https://etherscan.io/tx/0x1e0d31ef90f731b4419d4534f2083016ce0daaeb497f8baa184e9d392867bd14
2023-03-27 03:57:59,True,0.08915,5.052e-05,5345.75,0.2701,0xfe...8075,https://etherscan.io/tx/0x0caa0a4acec5e0ea40555918ca485a0b4c369820583128cd4c68ea352c0a27b4
2023-03-27 03:55:59,True,0.08907,5.048e-05,2014.5,0.1017,0xc1...5732,https://etherscan.io/tx/0x5419b1963b0a26a38a87c90776175ad9ba595346b2a6af4cb9aeb3b5f4a96bae
2023-03-27 03:55:23,True,0.08903,5.047e-05,982.021,0.0495,0x3f...5d18,https://etherscan.io/tx/0x1389ae62ddfd1a44a3254ac3c47637ea2648ba5f5a79ec5c068f3caff981e822
2023-03-27 03:54:47,True,0.08892,5.04e-05,9832.1,0.4956,0xbf...2a21,https://etherscan.io/tx/0xb3152830a64a2794ebe7ffd553c27b419b00ab6015ca72554ae79d9ae40d6910
2023-03-27 03:54:35,True,0.08872,5.029e-05,10022.0,0.504,0x28...a8d1,https://etherscan.io/tx/0x5a9710c514be11af2d9729c04a7e5b0597f09959372c5aa390842ad950620a94
2023-03-27 03:53:23,True,0.08863,5.023e-05,1161.7,0.0583,0x8a...3033,https://etherscan.io/tx/0xc9b9745a536fc49fc853572e67fa99edf0c60aace7f1766fc2d5119dbd3f46e7
2023-03-27 03:50:35,True,0.0886,5.022e-05,1026.15,0.0515,0x25...b792,https://etherscan.io/tx/0xf23062e4e4b1d31d02baa9e0ed9bbfc0cdb46898022fc1577d20b4c391c131ee
2023-03-27 03:46:47,False,0.08828,4.997e-05,9728.82,0.4861,0xd0...2cef,https://etherscan.io/tx/0x48f8a8c17d554072bc375c9cd689fb0bd679afa37d3b6bab4c88b402e61fdfe9
2023-03-27 03:45:11,True,0.08873,5.022e-05,17862.1,0.8971,0x55...1919,https://etherscan.io/tx/0x5a7c7a4d046e4623149e1a82ee4e98e2089174be2b4ae2f4c08aecf426c2a67e
2023-03-27 03:45:11,True,0.08853,5.011e-05,2472.62,0.1239,0xc7...62f8,https://etherscan.io/tx/0x6ac6b61398967f3dda072f93e9a63144bffaaca9d97bac422b4aa85224129815
2023-03-27 03:44:47,True,0.08848,5.009e-05,593.632,0.0297,0xc0...60aa,https://etherscan.io/tx/0x0781c7e3534bf52b43dbed9d8dd817c6bf0b1a19e199a8c35ba83df481bd10e0
2023-03-27 03:41:47,False,0.08799,4.985e-05,11325.8,0.5646,0x0d...a24a,https://etherscan.io/tx/0x01a81ec80e99c52d510db29d2f3c2fb79d9ebfdfcf44a92f732753a75897e713
2023-03-27 03:41:23,True,0.08862,5.021e-05,592.217,0.0297,0x4c...3655,https://etherscan.io/tx/0xead69ad1e1cea73ce614bc77171638f00496068615367420f7b80ab976e908c2
2023-03-27 03:38:47,True,0.08861,5.019e-05,3368.61,0.169,0x56...c496,https://etherscan.io/tx/0x2064afda2faa548f23c3e29e5d21592384dca5a73023242f71bc2c4db069ad29
2023-03-27 03:38:11,True,0.0886,5.015e-05,3953.09,0.1982,0xf2...85ee,https://etherscan.io/tx/0xd2a6b80d71cac6b7eabb87861aa87a77ad520ddcd677a22a06792a442c582d0b
2023-03-27 03:37:59,True,0.08856,5.012e-05,564.481,0.0282,0xc6...fed0,https://etherscan.io/tx/0xed086be215770c346c54b9c2e0ffedaae59b9921032efbaa9af80e0ed0badd07
2023-03-27 03:33:59,True,0.08864,5.011e-05,988.941,0.0495,0x77...1bd5,https://etherscan.io/tx/0xfbc16ab7a7729109edf754d9ce5e2a9feb17c124a541238830d7705415b77d9b
2023-03-27 03:32:59,True,0.08858,5.008e-05,4655.35,0.2331,0x00...a313,https://etherscan.io/tx/0xa27d9d70280fe465e80a2664f578454b5b611a66a8771416da4dc671eb4dc941
2023-03-27 03:30:35,False,0.08801,4.976e-05,652.249,0.0324,0xd1...c0c3,https://etherscan.io/tx/0x70365924bf456533e64dfef9653ee02b59fd713d8425dbd4080db5f0add7687c
2023-03-27 03:27:47,False,0.08817,4.987e-05,19763.6,0.9857,0x98...1e0f,https://etherscan.io/tx/0x5db55f0155db88f9c1f0f5a20437bdbf1e6453daa5ce138ff08dd72685830ce8
2023-03-27 03:25:47,True,0.08889,5.028e-05,492.823,0.0247,0xce...85b0,https://etherscan.io/tx/0x04be370e5a63d14e6a675fa65f01861b3eb01a13008b1ddf938171512eec9089
2023-03-27 03:23:35,True,0.08884,5.027e-05,1869.75,0.0939,0xa9...3172,https://etherscan.io/tx/0x64e3b6316cf9e3857587ce6dc2c86d6ee9cb1a739baf35edfa10fcb0159dd4c8
2023-03-27 03:22:11,False,0.0883,4.997e-05,2000.17,0.0999,0x12...a9f0,https://etherscan.io/tx/0x214fc13bf5d50dcc1037528737498cae7e8b273f4346a1fd12665fd5f0656465
2023-03-27 03:21:11,True,0.08889,5.027e-05,1193.56,0.06,0x91...dc25,https://etherscan.io/tx/0x68e95767fd8eaf946d22b580861ae6a438d200bc4a0c3c724fdf42ce76035db8
2023-03-27 03:19:59,False,0.08841,5e-05,6511.06,0.3255,0x8a...a933,https://etherscan.io/tx/0xda2bcf0e41f8e9e73a1c4774615c3778d0e87a9fdaea6f1f59d29c5b09d70f1c
2023-03-27 03:19:23,True,0.08902,5.034e-05,232.35,0.0117,0x1f...c062,https://etherscan.io/tx/0xaf316ffb549a1676ba38de6e0ff7c50be2813d98d499bb0139c246cbd95de754
2023-03-27 03:17:59,True,0.08913,5.034e-05,33.2245,0.0016,0xcc...a046,https://etherscan.io/tx/0x194c452cfe2c31a6fac3179e0d3eef0db45172e01ba4b31e1f2429f5245a8d72
2023-03-27 03:17:47,True,0.08915,5.033e-05,1674.07,0.0842,0xcf...5954,https://etherscan.io/tx/0xecd7569620e6cec8e3156138828e28661be70825f13eae43cfebdf7060079086
2023-03-27 03:16:11,True,0.08918,5.031e-05,1970.3,0.0991,0x43...a1cf,https://etherscan.io/tx/0xe60424e14427c7f2b759519bcede58c3dbc9e02172b26dfef29dda56e7e931a4
2023-03-27 03:15:47,False,0.08872,5.002e-05,5000.0,0.2501,0x8f...94b9,https://etherscan.io/tx/0xb49682bbd6cb3dc5637343155b60bdb4409f77690666fb608bd24f772c0edc82
2023-03-27 03:15:23,True,0.08928,5.034e-05,2092.55,0.1053,0x91...dc25,https://etherscan.io/tx/0x45ab78bf9c53d102bde6b7acddc6d34dbbe2b826f40807fea896d2db5336f22a
2023-03-27 03:13:47,True,0.08923,5.03e-05,5320.71,0.2676,0xca...2b24,https://etherscan.io/tx/0xc461f36ba5d5704ed95d935d38da4e88af5ba38f59a54a426852e56b2c05f5b3
2023-03-27 03:12:59,True,0.08917,5.026e-05,1124.07,0.0565,0x9e...4fc9,https://etherscan.io/tx/0x7225bed755e338d0d3f0e44d31ef55730b6b570a73910120d2d322a5908248da
2023-03-27 03:12:59,False,0.08868,4.999e-05,6000.0,0.2999,0x40...78ef,https://etherscan.io/tx/0x7aa61d73344d46c87ec70c5b678020b8801e534bcfe5745bbb4b02cee4c8c2e6
2023-03-27 03:12:59,True,0.08927,5.032e-05,256.129,0.0128,0x80...5737,https://etherscan.io/tx/0xa51c5f534cdad7ce771c375bb889a18bc4af0c998ff34185b4c36f6502824325
2023-03-27 03:12:11,True,0.08922,5.029e-05,5558.23,0.2795,0x7c...ccbe,https://etherscan.io/tx/0x3cb495b2dd2f8c944fd5a047f2fca7f534f624c3eaec1ed6f7894878b2ee39fd
2023-03-27 03:11:35,True,0.08915,5.025e-05,1183.49,0.0594,0xb5...618b,https://etherscan.io/tx/0xb8b9621a54ebcaf03a34e6627a0a64628f199d5583879e5b59226b1f298cd1fe
2023-03-27 03:10:47,True,0.08903,5.018e-05,10551.4,0.5295,0x40...1c59,https://etherscan.io/tx/0xd318f02a11dd317991616b1fdc28cbd5f7c886e0c3bd42fae0fdc1d814ddbbae
2023-03-27 03:10:35,False,0.08844,4.985e-05,4362.36,0.2174,0x43...4ca0,https://etherscan.io/tx/0x46b858c73b70402a4e68e1f52c4e874ce97e372e62b2287e5b807cc3d815fd27
2023-03-27 03:08:59,False,0.08856,4.988e-05,535.0,0.0266,0x2c...1ada,https://etherscan.io/tx/0x196035a33ef3fd7f65efcdb14955f6d72857dc83daf14e92d697991a23a002a1
2023-03-27 03:05:47,True,0.08916,5.012e-05,10085.1,0.5055,0x5b...58ef,https://etherscan.io/tx/0xab18898a9d9baf64954b316bef539731d0a6ce4a747e1c019ab629d18c573f3f
2023-03-27 03:05:35,True,0.08903,5.005e-05,2574.33,0.1288,0x64...b90e,https://etherscan.io/tx/0x1812d2dbfd28c371a2b363a37800949070cb285dccf9e9d8823070547754a28c
2023-03-27 03:04:35,True,0.08891,4.998e-05,10002.7,0.5,0xa6...b932,https://etherscan.io/tx/0x274ef59219c8879a4b4e919b30a650040efe6c9a088d2e3abf4ebcefce610e57
2023-03-27 03:03:11,True,0.08875,4.989e-05,7294.71,0.3639,0xb3...d947,https://etherscan.io/tx/0xc67f2cd3532e4498aa27b5d813fd8d80c6d8139b48cca3cc8cb045651e7ed2b7
2023-03-27 03:03:11,True,0.08867,4.984e-05,1054.01,0.0525,0x0b...0cb1,https://etherscan.io/tx/0x66f6145f4546880c5c64112a82e57fe9ea4f416508224c8250ba9f349828894c
2023-03-27 03:03:11,True,0.08855,4.977e-05,11267.2,0.5608,0x33...a0bc,https://etherscan.io/tx/0xcfa40e6b48c05823e96f382f7212fe2df6c16a31af10e4673e468ff6bafe9762
2023-03-27 03:02:59,True,0.08843,4.97e-05,1196.51,0.0594,0xad...4bde,https://etherscan.io/tx/0xd4d47edceab1942db73fa2bff8c7efccc5c28180e538684b151ae4d14bfe14c4
2023-03-27 03:01:11,False,0.08794,4.941e-05,2500.0,0.1235,0x1c...ea78,https://etherscan.io/tx/0xfe88b8a8851e21af0c0fd85a4d9b1132fda23e44b7bbb09679ad3c2ae486a57d
2023-03-27 02:58:59,True,0.08848,4.972e-05,897.093,0.0446,0x46...8e12,https://etherscan.io/tx/0xbd781e9b8361266da22f619f41c1670ff2db2924650756cb1f9d231006dd37f6
2023-03-27 02:58:23,True,0.08846,4.971e-05,1060.6,0.0527,0x7e...69db,https://etherscan.io/tx/0xa9772f649f8d0fa50cfd49e5474a1719e0fc6ead30d5790e30a8f77ad6d29aa6
2023-03-27 02:57:11,False,0.08791,4.941e-05,200.0,0.0098,0x42...cf69,https://etherscan.io/tx/0x5500c73e4d01db6321085f2fdd2742453e09fa673b55f9522a4591c98348c844
2023-03-27 02:56:35,True,0.08839,4.967e-05,5594.49,0.2779,0x21...4df5,https://etherscan.io/tx/0x26fb70dd09e555ff5d358844f40d105f5daf722d87b66bba52736618c001d7d2
2023-03-27 02:56:35,True,0.08834,4.964e-05,56.0654,0.0027,0xb9...25f1,https://etherscan.io/tx/0x4ad11700e0bea7caaf43c4df09496f0c5a8999c9d613ec6097f73fb5a94cc8d3
2023-03-27 02:55:59,True,0.08833,4.964e-05,798.72,0.0396,0xe9...7fed,https://etherscan.io/tx/0x30c1b9a60e46d1d66b66332976761c13de4d1264e7eb0cb291a0e7171a4eed63
2023-03-27 02:55:47,True,0.08826,4.96e-05,5554.91,0.2755,0xf8...1f25,https://etherscan.io/tx/0x12f19a2741452244a378390f5f7212f08d48472df5f9d88715778aa57151ce15
2023-03-27 02:55:35,True,0.08816,4.955e-05,4000.65,0.1982,0xda...a01c,https://etherscan.io/tx/0x9b5eb4a331a1aa79e6c273e38e8b3b757b23b0341643cceca800ba97b2a808e0
2023-03-27 02:54:59,True,0.08806,4.949e-05,6208.03,0.3072,0xd6...f643,https://etherscan.io/tx/0xfc399fb4a642634256553c3fdb9a976773585b441d01111bec1abcda4c5ce020
2023-03-27 02:51:23,False,0.08755,4.927e-05,20292.8,1.0,0xbc...bd09,https://etherscan.io/tx/0x94998ecdf9e026c19fced0c96fb5d7ee2b383e0b164948ce6d40ff0d571d6ecc
2023-03-27 02:48:23,True,0.08822,4.965e-05,5602.45,0.2781,0xf8...3730,https://etherscan.io/tx/0x8bfaa62619f273e805868cc21c9fa4954367a195f3901ba106585611847e8a0d
2023-03-27 02:47:47,True,0.08813,4.96e-05,3996.73,0.1982,0x9e...60f1,https://etherscan.io/tx/0x89c15a34fd045745ab5eae87c473c96976a13e469f1f2e6caa0052f533cc1752
2023-03-27 02:47:11,False,0.08755,4.928e-05,222.0,0.0109,0x65...418e,https://etherscan.io/tx/0x0eb2a9b6173f264acf7c9c822434272bff7b4145f26edd8e89a46f25c3ff5cf9
2023-03-27 02:46:35,True,0.08812,4.958e-05,674.366,0.0334,0x52...4bfb,https://etherscan.io/tx/0x084378fdefda53574c4ffb3c817a75729a21f3e6f51730e30ec5cd787fbef0e4
2023-03-27 02:45:35,False,0.0877,4.933e-05,9496.55,0.4684,0x13...f8f0,https://etherscan.io/tx/0xa371b8baa668358f78c1843f564ff2b08ff87b676eff3061e2f998db7f7ea639
2023-03-27 02:43:59,True,0.0883,4.967e-05,321.248,0.0159,0xa6...e224,https://etherscan.io/tx/0x73f5a72356776ae0e68f5e932f0848ed2f8b94b2973da9b37c3f6cf1fdea9a66
2023-03-27 02:43:59,True,0.08828,4.966e-05,2013.46,0.1,0x7b...ef72,https://etherscan.io/tx/0x8149b265c34a4e1112f7b95ad712f4aee16b1c4efb2f3bea45b6bfadc6c09992
2023-03-27 02:43:47,True,0.08822,4.963e-05,3348.86,0.1662,0x5f...60d6,https://etherscan.io/tx/0x84849cf9b5108ae663cc8270b7637417b7fb2a107df65020ba6e1ccbcb07d866
2023-03-27 02:43:11,True,0.08819,4.961e-05,219.03,0.0108,0xed...19b8,https://etherscan.io/tx/0xf23dd0e434bd2c537d7b168a467d36159c18994824a07c85b6e033f77f18fa64
2023-03-27 02:42:47,True,0.08808,4.955e-05,11001.7,0.5451,0x57...4e83,https://etherscan.io/tx/0xc10a06af2d85345a1017af6321b5791c970c1eb05575d60397846a4e38be0f0e
2023-03-27 02:42:23,True,0.08798,4.948e-05,1125.9,0.0557,0x07...6e36,https://etherscan.io/tx/0x21ae334bf5607048ca02fa79ea78882c14f249425b1f0d21216445f1cf1cade8
2023-03-27 02:41:47,True,0.08792,4.945e-05,4443.9,0.2197,0xd7...a3b2,https://etherscan.io/tx/0x2be5ef821dfcc2b38a06a80e8d3887f2dfa7573aab037ff04a49ef2ad87e4cb3
2023-03-27 02:41:47,False,0.08739,4.915e-05,3983.21,0.1958,0xa2...c508,https://etherscan.io/tx/0xf6f5ee35196cbf7f9068bf2f302eb0534aad5bcbd8f2620ff198fd0b462631e4
2023-03-27 02:41:35,True,0.08791,4.945e-05,4931.58,0.2438,0x5f...60d6,https://etherscan.io/tx/0x2878953667abf65ff095921ee712c4c54957aa2764daea527e21e9b6caf1c358
2023-03-27 02:40:47,False,0.08763,4.929e-05,30453.2,1.50112,0x43...0f75,https://etherscan.io/tx/0x0283a728194944f6507ca79e7b5df69186b5ba8c334f086c3756cff75eb7a63a
2023-03-27 02:40:35,True,0.08845,4.975e-05,447.332,0.0222,0x04...4787,https://etherscan.io/tx/0x9e00064a207fb1e0a7a8a000eb48295b71a905ac8a5fddbfd3ca9b030c0a768a
2023-03-27 02:40:11,False,0.08795,4.947e-05,4110.61,0.2033,0xa2...c508,https://etherscan.io/tx/0x8f9c90649e1f6fef8cbd45e8764407b7a91357f1623d66daa3dd491a010c04a5
2023-03-27 02:40:11,True,0.08851,4.978e-05,1828.79,0.091,0x5f...60d6,https://etherscan.io/tx/0x7b0933d95336a07f96174c6f506a08686f187d3c3f764482a4b1cd438c1a07a7
2023-03-27 02:38:35,False,0.08804,4.957e-05,17652.0,0.8751,0x55...1919,https://etherscan.io/tx/0x0ac495f5e23ed74f98f8dd38b96f8cb3ac9f7258549b6eb277bda1b202f4b37b
2023-03-27 02:36:23,False,0.08827,4.973e-05,11114.4,0.5527,0x94...941b,https://etherscan.io/tx/0x8f372d7ed4f225b92a5ee90fbc7812302da5603b8121890710579a54f9984bf7
2023-03-27 02:34:23,False,0.0886,4.988e-05,15000.5,0.7482,0x71...e195,https://etherscan.io/tx/0xb745f087e7315c48fe9fe86049b9e572c4bf6ba11d01f6e969b65b6942a527dc
2023-03-27 02:34:23,True,0.08926,5.025e-05,2247.56,0.1129,0x6f...21b8,https://etherscan.io/tx/0x4181b959b30c8ea09851e902952c5b8f0accb19912c0a7bef2d3e6c175713db9
2023-03-27 02:33:59,True,0.08924,5.023e-05,648.524,0.0325,0xac...e900,https://etherscan.io/tx/0xcf26399df7f4e0963d585cbc6dea0c382117ada304554e9a433226f1aeb7783c
2023-03-27 02:32:23,False,0.08891,5.002e-05,16092.5,0.805,0xd5...9477,https://etherscan.io/tx/0xcdaa06a281e9d47ec92d68fbf4f493df2b1200bbc864c3bdc7cb97b1bad14301
2023-03-27 02:32:23,False,0.08933,5.026e-05,26308.9,1.32233,0x23...d0b2,https://etherscan.io/tx/0xa2e8bb833ed9888edf94e4ab6844b0e4246e5e24bb568fc359b8dba0e7171d82
2023-03-27 02:32:23,True,0.08999,5.062e-05,14871.0,0.7529,0xfe...8816,https://etherscan.io/tx/0xc0f122239b844df944546e9b4482b540e18dd840754ca41d786cb185bc781176
2023-03-27 02:31:47,True,0.08988,5.054e-05,392.247,0.0198,0x3f...ff31,https://etherscan.io/tx/0x2ed98b96779e1c6a7977911cff37a7185a7fc9ea2c1c6aa782c9397c56b7f9d8
2023-03-27 02:30:47,True,0.08978,5.048e-05,9904.23,0.5,0x7b...3cf1,https://etherscan.io/tx/0xaaeb0bc92f7ad7e93e544a9df0c234d5841e4e648facbc3fe5acd01a60a73686
2023-03-27 02:30:11,True,0.08947,5.031e-05,19587.1,0.9855,0x6a...00bc,https://etherscan.io/tx/0x1a8ac465cf72c30fbc0769645ab814971625ffd9af095e2b7db1983e95021c37
2023-03-27 02:29:11,True,0.08915,5.016e-05,6976.79,0.35,0x93...76ec,https://etherscan.io/tx/0xd4b4012c9870f219ca2807a72d143cb726a228b4ef31117da3be11f5879b8d69
2023-03-27 02:29:11,True,0.08907,5.011e-05,1582.26,0.0793,0x13...2bbb,https://etherscan.io/tx/0xae1c9398cd4a9d0aafcee3f7745722be1afc095bf5a61ddc9720134c648e7d66
2023-03-27 02:28:47,True,0.08899,5.009e-05,1780.71,0.0892,0x0e...fb7d,https://etherscan.io/tx/0xa334835d259ffbd45f235eeaf8764de393d38bad7a04dd4ee2980f91adbbc83c
2023-03-27 02:28:23,True,0.08894,5.007e-05,2256.54,0.113,0x2b...9886,https://etherscan.io/tx/0x30d2d5cbb45366dd13e3364c1b2314cf43c1ec5b987499cf4b7cc72fb350a133
2023-03-27 02:26:23,True,0.08861,4.995e-05,20019.4,1.0,0x91...9507,https://etherscan.io/tx/0x60cb34f157e72b7af8a5da117454b4cb0013f6fa58502186d29a86e7053085f4
2023-03-27 02:25:23,True,0.0884,4.983e-05,1493.08,0.0744,0x76...7d5e,https://etherscan.io/tx/0x40d1aff64545575da23b24aaebc0dd90badd4e2db76db765e5bcdd0d4d339766
2023-03-27 02:25:23,True,0.08835,4.98e-05,3955.18,0.1969,0x76...7d5e,https://etherscan.io/tx/0x40d1aff64545575da23b24aaebc0dd90badd4e2db76db765e5bcdd0d4d339766
2023-03-27 02:25:23,True,0.08818,4.97e-05,13006.4,0.6465,0x76...7d5e,https://etherscan.io/tx/0x40d1aff64545575da23b24aaebc0dd90badd4e2db76db765e5bcdd0d4d339766
2023-03-27 02:25:11,False,0.0879,4.954e-05,38281.5,1.8968,0x03...b2b4,https://etherscan.io/tx/0x5b800e4031a36ec24ff1613cb0c7b916ade415bb4a0e187d71892aac62899db6
2023-03-27 02:23:59,False,0.08855,4.991e-05,28202.7,1.40783,0x1a...abca,https://etherscan.io/tx/0x4cc63a69197cfd3883881082d06aa47eef5025fa0b72ab065d0da73a6abf88c0
2023-03-27 02:23:23,False,0.08911,5.023e-05,23877.1,1.19936,0x67...acab,https://etherscan.io/tx/0xccadab41f386530ff677b5f0e2919c55e2ee0c33b98049f5527d329a0105783b
2023-03-27 02:20:47,True,0.09085,5.122e-05,464.409,0.0237,0x7f...ecee,https://etherscan.io/tx/0xf5f40be9cbfa485b5ed84971217e3cb07d803164fc1ebcf0f194a7012d23e731
2023-03-27 02:20:47,False,0.09082,5.121e-05,51057.7,2.61482,0xd4...75fb,https://etherscan.io/tx/0x918039118223b56f5703ba9b5ff35c44ca4532137c38a5242a3b6643bf96afce
2023-03-27 02:20:47,True,0.09186,5.179e-05,4010.85,0.2077,0x8a...5baf,https://etherscan.io/tx/0x3d1930fea1a61b579dee7f0521b11e9c6388b0f763ebc53383ed8735135172d3
2023-03-27 02:18:47,True,0.09174,5.174e-05,5121.48,0.265,0xc7...09c6,https://etherscan.io/tx/0x6448332cd3e478be3a84171e9f8dc4ed523457b0ab7cf8a4c5f1afee0b940af9
2023-03-27 02:18:11,True,0.09159,5.165e-05,9806.94,0.5065,0xc4...c224,https://etherscan.io/tx/0x6b7012ae8455a5763b590c5f5d3f428ed2f501dafef4835200d0da479baef4f7
2023-03-27 02:18:11,False,0.09136,5.152e-05,40797.6,2.10219,0x3a...3d6c,https://etherscan.io/tx/0xd8f3d8369cb5c05ee9f98e3f5228fcb8b405917fe5b008b73be5fc12b1026898
2023-03-27 02:17:59,False,0.09197,5.185e-05,15408.5,0.799,0xc6...fed0,https://etherscan.io/tx/0xdb4de8cbb0f3e6c956535e96603967a0688b0346b1b95b75f40462e7b1324314
2023-03-27 02:16:59,True,0.09265,5.225e-05,917.961,0.0479,0xe4...d0ed,https://etherscan.io/tx/0xa76331f9fd7c5e78c499f5316d6af171fa53e1677f6d3afb4b685c1c533a616e
2023-03-27 02:15:23,False,0.09254,5.219e-05,42988.5,2.24378,0x5b...c8c4,https://etherscan.io/tx/0x3a0ed7d5bdb172fc82d859968f375a4275f33646c5b42734650f5993a353edac
2023-03-27 02:14:59,True,0.09356,5.276e-05,375.716,0.0198,0x7f...ecee,https://etherscan.io/tx/0xde07605229c52424e48b356c6d27f42ee0ab340d720df4a0ea2a9a9e9d1b6b20
2023-03-27 02:13:47,True,0.0935,5.273e-05,4740.7,0.25,0x85...6dc1,https://etherscan.io/tx/0xb83e382e59f58779c9c677b3d1beea4389a59be8dcce1a0d25415cae5fe91b0d
2023-03-27 02:11:23,True,0.09342,5.267e-05,4705.75,0.2478,0x78...33bc,https://etherscan.io/tx/0x0e9eb9bc187452cf61349ed16955ce5575520536a7d2b5bee2f1741a6a015892
2023-03-27 02:11:23,True,0.09333,5.262e-05,3955.58,0.2081,0x9c...9a6b,https://etherscan.io/tx/0xf954c395e809367360677788d9213b0054fd47c079751b06ea274610cd8dbb83
2023-03-27 02:11:11,True,0.09328,5.259e-05,488.807,0.0257,0x42...cf69,https://etherscan.io/tx/0xd5db356a4b13936f29c0ba36ba3986c6efb57c44589c001b9313ecd852eb2046
2023-03-27 02:09:35,False,0.09285,5.234e-05,10821.9,0.5664,0x18...f14e,https://etherscan.io/tx/0xcd0a010c0f3c165d77ceb21cd6107ffc86eac22645d2d9c38b2a1250a197c50f
2023-03-27 02:08:47,False,0.09298,5.241e-05,951.286,0.0498,0x21...7a57,https://etherscan.io/tx/0xc33fb79477654ec9927a284abadc932d6fd8b0a003cf50676a906b659e93196c
2023-03-27 02:07:59,True,0.09353,5.273e-05,1292.37,0.0681,0x91...dc25,https://etherscan.io/tx/0x77e19d3e95068505b43eb342c108a9eed6c31fedd5feddafa2952bd09695cf12
2023-03-27 02:06:59,True,0.09351,5.271e-05,475.705,0.025,0x46...8bf3,https://etherscan.io/tx/0x2e597926c50c8bdaad5510018f50e08a900e1931bcfc1f4751034319d3808f23
2023-03-27 02:03:11,True,0.09345,5.268e-05,5552.56,0.2925,0xb0...4e4d,https://etherscan.io/tx/0xd662f9a64e6e13d5462e59b55969eeb50f4567de188b3960770f4ccef54cbeaa
2023-03-27 02:02:47,True,0.09335,5.262e-05,3396.17,0.1787,0x2e...f345,https://etherscan.io/tx/0xcbc871854477524827e530dcde867679ac0aa5872807067805410e571961484f
2023-03-27 02:02:23,False,0.09276,5.229e-05,301.814,0.0157,0x00...78f5,https://etherscan.io/tx/0x400d53411cf5710c96330be78694235fc7440c7c06d6f4bce890d7184514e220
2023-03-27 02:02:11,False,0.09297,5.241e-05,19500.0,1.02206,0x06...1b4f,https://etherscan.io/tx/0x99b40937351bb06e9db48a4698ba3c874b4a693120761e8d294d32276fd69f7c
2023-03-27 02:01:23,True,0.09365,5.279e-05,8368.65,0.4418,0x06...7e95,https://etherscan.io/tx/0x8121e48319d27b99e2e03a71ea87ccab7318e2c862d1510792232660f1474d33
2023-03-27 01:59:11,True,0.09355,5.274e-05,18.7931,9.912e-05,0xf5...b906,https://etherscan.io/tx/0x72b216e0b2a1b6e283669776785a40f00bbcfea778ecc9a9e2bfd090e53f1876
2023-03-27 01:58:23,True,0.09355,5.274e-05,1.87932,9.912e-06,0xf5...b906,https://etherscan.io/tx/0xa231c5fa6b642f7aa2fef942f12bf9268b19f2c51fa7d3120c9db58a8b780bc4
2023-03-27 01:55:47,True,0.09358,5.274e-05,582.628,0.0307,0x46...8bf3,https://etherscan.io/tx/0xd22129bf2b6c75a94a3ddea0bf6740e4316d8906e7b6408d013146b8493eaf4d
2023-03-27 01:55:11,False,0.09309,5.246e-05,6734.33,0.3533,0xc0...f8d5,https://etherscan.io/tx/0x1c2f2c7559cd59fb1f0c4eb99797e1bc78843d40c11c486bdd60b05b49ef2a6c
2023-03-27 01:53:59,True,0.09362,5.276e-05,9056.26,0.4778,0x1d...80c5,https://etherscan.io/tx/0x6b2f2572fd4e3e72b61eaa1625b264651000164391ec64ed14742a6fbcc5b876
2023-03-27 01:53:35,True,0.09351,5.27e-05,929.72,0.049,0xa9...9b03,https://etherscan.io/tx/0x2c0ac961198e09bf11a8bf9ea933dafdc692c54256f5dde923014123554d88a6
2023-03-27 01:52:59,True,0.09349,5.269e-05,1055.83,0.0556,0x8c...6b1f,https://etherscan.io/tx/0x12b3fba0d7745517d23e3035b4a108e4c5c0a7349eada2bdd3f49cf51bf1f11b
2023-03-27 01:52:23,False,0.09293,5.237e-05,750.0,0.0392,0x80...ab30,https://etherscan.io/tx/0xb16a3a0b34ed66ab39781cb4f85b2740ebd03c7150291dcf4cf0acaa468003f2
2023-03-27 01:50:35,True,0.09348,5.268e-05,1316.98,0.0693,0x89...7b00,https://etherscan.io/tx/0x52285e4aea006217cbf4c63fe7fc4e74090262549c3d8f339081253feb938546
2023-03-27 01:49:59,True,0.09339,5.26e-05,12531.3,0.6591,0xbf...c6b0,https://etherscan.io/tx/0x9cc50d59b2960996ec98d6346ee0d46b0cd0da64b68d36e810eb283c6bfbd290
2023-03-27 01:49:35,True,0.09325,5.252e-05,905.912,0.0475,0x09...035e,https://etherscan.io/tx/0x1ffa5262c437f46847fe989ec61887159bab3b471cbd38be3b0365bab0f7c020
2023-03-27 01:49:23,True,0.09324,5.251e-05,1057.9,0.0555,0x28...60e3,https://etherscan.io/tx/0x8b2c0824cd5a2601836fd034e116bbb83c3520730e155b331581bec47f6b1d58
2023-03-27 01:46:11,False,0.09284,5.221e-05,4640.92,0.2423,0x69...0ebe,https://etherscan.io/tx/0x008872b0da70261cfaa72d450c2b6211a0553d700e706dbb8c51155489aa365e
2023-03-27 01:44:35,False,0.09294,5.226e-05,4000.0,0.209,0xbf...7070,https://etherscan.io/tx/0x198e25dcad1e69779f0449250cadf98d422f5183780788b7f676450a81af8dc7
2023-03-27 01:42:47,True,0.0936,5.26e-05,37.6849,0.0019,0x9a...e240,https://etherscan.io/tx/0xe90e2c50b414d0e89f348d87eacaa2d8f5b98b268f0a11cb11b005ced92c6a23
2023-03-27 01:41:11,False,0.09316,5.234e-05,9126.83,0.4777,0xdc...b3c7,https://etherscan.io/tx/0x98435244502fbb4125ee93adee1572efa9c46dfac21e7c4ddae9cdd6ea739f35
2023-03-27 01:40:11,True,0.0938,5.27e-05,1345.38,0.0709,0x60...89a0,https://etherscan.io/tx/0x8f7e65f7638ba3772e7e714ec732824f497e0ebbc5e21d30d55f55820decaf85
2023-03-27 01:38:11,True,0.09379,5.269e-05,1143.05,0.0602,0x42...cf69,https://etherscan.io/tx/0xa2f1a0c08fb2b377acbc661114494e477ac06780007126e767af075112c448f5
2023-03-27 01:37:47,True,0.09377,5.268e-05,564.454,0.0297,0x93...1245,https://etherscan.io/tx/0xc290d232c0e978b5ae3877ccf10018f4bbfd3775a6871399271a1979c67ed0f9
2023-03-27 01:34:47,True,0.0936,5.265e-05,4748.21,0.25,0x1e...ca85,https://etherscan.io/tx/0x395c922d543ed6d9fb370e3211559eaab02aac970397e45d5f315de0bc24c4b9
2023-03-27 01:33:11,True,0.09351,5.26e-05,2280.98,0.12,0x70...1651,https://etherscan.io/tx/0x2fa29a073d9e51f768e1b68aa3ad00632407c5b2a3916c00e66bf0ebee95fdf9
2023-03-27 01:32:11,False,0.09291,5.228e-05,61.0964,0.0031,0x40...bca1,https://etherscan.io/tx/0x0d202cc1156373c7d13e13119c6c3cd4ee940c9da365d0a1b208dfde0543e4cf
2023-03-27 01:31:47,True,0.09346,5.258e-05,1553.68,0.0817,0x17...91dc,https://etherscan.io/tx/0xc65ebed07e8c40f760a4104c1278972b2ba1d54ee871b3d062bdcfe5a53aac2d
2023-03-27 01:30:35,True,0.09343,5.257e-05,908.822,0.0477,0xf6...05a6,https://etherscan.io/tx/0x16f00dde9e97f77ff8be1d7be78dd3a41daa8236d2a39b04008fcbfe459dc00d
2023-03-27 01:29:47,True,0.09342,5.256e-05,299.84,0.0157,0xab...501c,https://etherscan.io/tx/0x94e9fac97585849f529806261cb39f7391b402496849a7ea33996bac9abccc1d
2023-03-27 01:29:23,True,0.09339,5.255e-05,924.165,0.0485,0x8a...aef3,https://etherscan.io/tx/0x71ccd01d30cd3cc83fd69bdf3c28dba5e2003b75d1e7a640799c2f8203e3f433
2023-03-27 01:17:47,True,0.09341,5.255e-05,245.219,0.0128,0x38...6ba9,https://etherscan.io/tx/0x810504265959d7a1d1c7aae96a1dc6acf6928b5ef6d7cabe2fc513d178ba0663
2023-03-27 01:15:23,False,0.09291,5.226e-05,5068.52,0.2649,0x91...dc25,https://etherscan.io/tx/0x18cf4108f7db27c896b90fec7950b8a43f3c3a497cef94c0ed7c4d53e3a45367
2023-03-27 01:14:35,True,0.09345,5.256e-05,7001.28,0.368,0x6d...07f1,https://etherscan.io/tx/0x68aec8e13f7d5d307a687cd37ec8f2ca771cfc4f61705597042f172c0ff8e36c
2023-03-27 01:11:47,True,0.09338,5.252e-05,515.237,0.027,0x0e...016a,https://etherscan.io/tx/0x336308b778b5289530c13c59bb7c5b85941dcb56e3b6cbc2fae3aa3f82acde8e
2023-03-27 01:11:47,True,0.09337,5.251e-05,56.6231,0.0029,0xaf...376b,https://etherscan.io/tx/0x436e09c23ab5580fbca6d1c18a71e35961e4ca2ea7e1aea9d5109151528508b3
2023-03-27 01:11:35,True,0.09337,5.251e-05,188.749,0.0099,0xc8...4de3,https://etherscan.io/tx/0x9bbd05ab74e1544cf8903c4110bb6fbed2b46fc4c5d313fe4abfba9d6f8b263b
2023-03-27 01:10:59,True,0.0934,5.251e-05,132.129,0.0069,0xb4...7dd3,https://etherscan.io/tx/0x8b37aa99f424b64861ac100176b1f2e0fa9e713321cbf6feced479868314b299
2023-03-27 01:10:35,True,0.09336,5.249e-05,3776.82,0.1982,0x30...6686,https://etherscan.io/tx/0x3b9a8833c931680873de8bcafbf4e0dacb1ca7a918a369b27cdc6de15cf1bd19
2023-03-27 01:09:59,False,0.09277,5.216e-05,1079.99,0.0563,0x8b...ae32,https://etherscan.io/tx/0xdad0b0b5378bea14d48197536a33235f90022f403393ac89d2a906bc35898fa9
2023-03-27 01:09:23,True,0.09329,5.246e-05,2646.75,0.1388,0x30...6686,https://etherscan.io/tx/0xa889f4b338899cda0631e42455e44db466289a88f01bf675073913261410f374
2023-03-27 01:09:23,True,0.09325,5.244e-05,434.701,0.0228,0x02...29a2,https://etherscan.io/tx/0x5e370187e3e6695e18c21f96ce90ab92b4983a01d2cd438388b1ba0a888f65ca
2023-03-27 01:08:59,True,0.09323,5.243e-05,1921.31,0.1007,0x9f...7111,https://etherscan.io/tx/0x8244ef72bbc056c9f08a189de896b7d60a9cb7b2c5a50436472a4f06c5c7faa2
2023-03-27 01:08:59,True,0.09317,5.239e-05,3688.88,0.1932,0x3f...6bd9,https://etherscan.io/tx/0x6f7c024ec6ee90ccc2b85ae3f23ab06fd5b7ed458652f44e9a744d079d610457
2023-03-27 01:06:47,False,0.09264,5.207e-05,2000.0,0.1041,0x34...e12d,https://etherscan.io/tx/0x4a9004147c3aff3fae5cd36b94d5c89d4160849dbaa078d6ea634058e1db20be
2023-03-27 01:05:47,False,0.09262,5.209e-05,990.0,0.0515,0xda...7573,https://etherscan.io/tx/0xee01fab37d77e8576a3103fcba8d4dd3c97c89f958f85781b6fd976c4a6b6445
2023-03-27 01:04:59,True,0.09303,5.235e-05,10414.3,0.5451,0x0d...373d,https://etherscan.io/tx/0x2f876d9b5f69d642b5d288a04fd10f8d02a42440fc4fa9750a33fd08492dff91
2023-03-27 01:03:47,True,0.09286,5.228e-05,841.58,0.044,0x91...dc25,https://etherscan.io/tx/0x54c274c6468bb03481d1599a4b63f5c46467cb2ad98f832a2076b5276fbf771f
2023-03-27 01:03:11,False,0.09241,5.201e-05,7852.39,0.4084,0x4f...7447,https://etherscan.io/tx/0x785c38bf54b5a1d1fae77f2d3b7ac6b7ae402594770864411990bbf5d4f8f7ea
2023-03-27 01:03:11,False,0.0925,5.205e-05,231.19,0.012,0x9a...bc8e,https://etherscan.io/tx/0xf38477c74ebe5fdb3fef21edb4fcc0804c7dba184c29626829b40eead49f0d2d
2023-03-27 01:00:59,True,0.09297,5.235e-05,3029.26,0.1586,0x0e...f0b7,https://etherscan.io/tx/0x95ac81ce2c7152dbaa97800af2cc0f667a127663f18cc7c1dda8454b6a0d1f74
2023-03-27 01:00:23,True,0.09293,5.233e-05,1022.85,0.0535,0x5e...5c3f,https://etherscan.io/tx/0x6e26acd42618d1d27d023043dd8ef24cfd54d05c0b0a616b00eccb152657239f
2023-03-27 00:59:47,False,0.09248,5.208e-05,11298.1,0.5884,0x40...0cc5,https://etherscan.io/tx/0x9bdaba066e4bede37e98640fcbcaf31de8e1368624112f050e81d3bb249edeaf
2023-03-27 00:59:47,True,0.09314,5.245e-05,1852.1,0.0971,0x39...d0b3,https://etherscan.io/tx/0x9861fd7da24ec26c4b210ce286bc4f4fee8994f92ba5ae829e9ee6da58f8cbc5
2023-03-27 00:58:23,True,0.09313,5.243e-05,189.034,0.0099,0x9e...8d4a,https://etherscan.io/tx/0x98803b8e361e3466593ea7402cc745e615b4e141672d8196638ef62537790a78
2023-03-27 00:56:23,True,0.09311,5.242e-05,2056.47,0.1078,0x02...d73c,https://etherscan.io/tx/0x899375d3cf2fab33bf21aee0a9815cc10e76052c2574248163c30659dd5fe60c
2023-03-27 00:56:11,True,0.09307,5.24e-05,1577.44,0.0826,0x42...cf69,https://etherscan.io/tx/0xd1da8d9372b9d5948077466b7de38d30db3a2baea5a03a433b0b23d3870cdac8
2023-03-27 00:53:59,True,0.0929,5.238e-05,1274.74,0.0667,0xcc...b454,https://etherscan.io/tx/0xeca867b2e3e957c09c044f197c7bb8cf2b3137a6839d008ae8be71ded7a79a8f
2023-03-27 00:50:59,True,0.09286,5.236e-05,2673.73,0.14,0xc1...8766,https://etherscan.io/tx/0x04054e1a748ae9003745c80e97baadf0e70213fb90cad07a9929238e95063369
2023-03-27 00:50:23,True,0.09283,5.234e-05,106.591,0.0055,0x6c...1681,https://etherscan.io/tx/0x96520146c25d38a0986bbbb30a3c39c411bf4792b16bb05813d5110cca0b908a
2023-03-27 00:50:11,True,0.09282,5.234e-05,511.334,0.0267,0xf9...e0e2,https://etherscan.io/tx/0x691e8f0d323ca57d564c0ef264ff34515a2de45d6e6845bc90f5fccfdf8ca7f6
2023-03-27 00:49:23,True,0.09281,5.233e-05,879.476,0.046,0x2e...f345,https://etherscan.io/tx/0x8553c7d32477dc9164ee92137a69fb75edd49ee8c6ac214b74a12eda826773a4
2023-03-27 00:49:11,True,0.09279,5.232e-05,454.662,0.0237,0xae...d6a7,https://etherscan.io/tx/0xcabe785aafb91920afa2b11d313eca51f6ffce09c680209b5aa731f1456d3caa
2023-03-27 00:49:11,True,0.09276,5.23e-05,2613.4,0.1367,0x19...9dba,https://etherscan.io/tx/0x731569aa63550e8a336e1ed3b9c3c5cafbf57f239b64983d082fc92cd688b884
2023-03-27 00:48:35,True,0.09272,5.228e-05,1720.94,0.0899,0xb9...f2d7,https://etherscan.io/tx/0x7a4f6480f1efaa2d14c949f43694c2f926035126658434cf812ecca4969d7edc
2023-03-27 00:48:23,True,0.09269,5.226e-05,360.332,0.0188,0xfd...97b6,https://etherscan.io/tx/0x1a84b209ffeb20c232e1c40ead621c54118a1fbe78e2d19fcce9dfa577ebb395
2023-03-27 00:45:35,False,0.09234,5.208e-05,22000.0,1.14584,0x91...dc25,https://etherscan.io/tx/0x88625f29a1279882a8a8181b280324f207239b1bbb29221fca45f8abdaa1225e
2023-03-27 00:44:35,True,0.09293,5.241e-05,19078.8,1.0,0x38...8f24,https://etherscan.io/tx/0x2a69d53ac7e25bee2212b56b47705e915349ac3df2d3ca81ccc7dd13ff301bf8
2023-03-27 00:44:11,True,0.09267,5.226e-05,5176.82,0.2705,0xae...d6a7,https://etherscan.io/tx/0x7d78d5600afd01d828c573cf18e53e2ca92a9b25bc64c7f4dde682b35b8d15e0
2023-03-27 00:43:59,True,0.09249,5.216e-05,11832.0,0.6172,0x97...0896,https://etherscan.io/tx/0xd635cbc5d9fb67947681b487d3ec3391e72e7b5a91e6baf2aabc704b591c7815
2023-03-27 00:43:23,True,0.09233,5.207e-05,3043.78,0.1585,0xb9...f2d7,https://etherscan.io/tx/0x2ea848ed0076f6a7f63643ecf02e55fd85a6d82b9b9b145389d8553f4ac68967
2023-03-27 00:42:35,False,0.0917,5.175e-05,756.971,0.0391,0xcc...f512,https://etherscan.io/tx/0xe0ae4f3e3297bc9693901e4753adb6e3272eefe82a4b677d0ee777860f82c293
2023-03-27 00:42:11,False,0.09199,5.191e-05,26720.4,1.38721,0xb8...baef,https://etherscan.io/tx/0x04aa8e40249bdb5d557d06f98bd5e71997637e7f5f779fda87c8d1d2f6e45714
2023-03-27 00:37:11,True,0.09274,5.237e-05,1909.25,0.1,0x77...0cec,https://etherscan.io/tx/0xb34f4fe6fe9fc812ba6219e2d53099f6e11121eef8abdd6514e2adb5fcf9e487
2023-03-27 00:37:11,True,0.09263,5.231e-05,8463.2,0.4427,0x42...cf69,https://etherscan.io/tx/0xcffe3f6ce34d20307d9891e117123a4d045e3187c9329c3be547216078e87b50
2023-03-27 00:36:35,True,0.09242,5.219e-05,10908.5,0.5694,0x87...d8fd,https://etherscan.io/tx/0xb67edfb944db4d7f8416cfbd955e1f80093c42adbe6b4bbb9c0a5bfed20fc66d
2023-03-27 00:35:47,True,0.0923,5.212e-05,946.136,0.0493,0xab...501c,https://etherscan.io/tx/0x5dfa3511edeede06b8d0916ec7df04ed6a80363b3bf2e4f89288f4ded7cde4b4
2023-03-27 00:35:35,True,0.09225,5.21e-05,3330.97,0.1735,0xc1...83eb,https://etherscan.io/tx/0x7ddf412704adc8dea6710bfdabc66c2b4210f45fe626b790f7480ba291805afb
2023-03-27 00:35:35,False,0.09172,5.18e-05,5064.3,0.2623,0xca...3ff0,https://etherscan.io/tx/0xcf306aece29ad28564e85a1caa72ea56aaa0b43b8a4c65404eaf4947ae29f1e3
2023-03-27 00:32:59,True,0.09248,5.213e-05,1918.25,0.1,0x8a...0e3b,https://etherscan.io/tx/0xcaa1609e63533caf477721194bc6daad6deb0306b714e6a8b92244f3b149f20d
2023-03-27 00:32:59,True,0.09205,5.189e-05,38543.0,2.0,0xf6...4053,https://etherscan.io/tx/0x7052ace61c7b99240f8b7c02485b59d984b6c6f4a48e49733334649892ca61d3
2023-03-27 00:32:35,True,0.09163,5.165e-05,2111.08,0.109,0x61...b2ec,https://etherscan.io/tx/0xf6e089d9bef0c2d6a3624703610a2b10a16e2360c4efaf1d48e538b5df725d58
2023-03-27 00:32:35,True,0.09159,5.162e-05,1535.97,0.0793,0x4b...d462,https://etherscan.io/tx/0x16383b42a8d23ef7fdcec81fb06947927fac1c744eb1d59d3e24e02c362fa368
2023-03-27 00:32:23,True,0.09153,5.159e-05,4322.19,0.223,0x78...7149,https://etherscan.io/tx/0xaeceb57d3f7d0bb24a09dc32590c35e03bbfa9ed3dc1acca545c44784e736d21
2023-03-27 00:31:23,False,0.09138,5.151e-05,42906.4,2.21016,0xda...2574,https://etherscan.io/tx/0x97538a4586856439e087ed010d6646bb9cb2550015230f98e1523ab458a5b190
2023-03-27 00:31:11,False,0.09183,5.176e-05,746.534,0.0386,0x42...cf69,https://etherscan.io/tx/0x99c3dbb82bf4776f1af36680a482dedf2267d210f219b5009477fec3f0fcb318
2023-03-27 00:30:23,True,0.09223,5.197e-05,19073.4,0.9912,0x48...bebd,https://etherscan.io/tx/0x12776f90a284a753900912a58376ed4bc4b71b6b547098ac6940dd37c451f644
2023-03-27 00:29:59,True,0.09205,5.185e-05,791.815,0.041,0xb1...a98a,https://etherscan.io/tx/0xd5dae9ad5968a54f64841bd323374d6d66a18b29fa1b244d46d3bb3dd73879da
2023-03-27 00:29:47,False,0.09151,5.154e-05,1492.8,0.0769,0x38...f828,https://etherscan.io/tx/0x17a8cb2f6d8d4af4adb1593bd89186d1d03930353773f4bb8a5d182ee55dea36
2023-03-27 00:28:35,True,0.09206,5.186e-05,783.661,0.0406,0x83...2ddf,https://etherscan.io/tx/0x7a0de2b9e79bb5ed69dfc86a73c718d140f27a2b2edaab96888384a84fd24a91
2023-03-27 00:27:47,True,0.09201,5.183e-05,3633.43,0.1883,0x64...b90e,https://etherscan.io/tx/0x726fd2ad70ce114525a0a8dd2728b47dfa8b5de64cb7d304dd767e4cb863f55c
2023-03-27 00:25:23,True,0.09199,5.18e-05,2123.53,0.11,0xa9...95b9,https://etherscan.io/tx/0x4af1f8959a4e10d29ef351fddbc6f338277e3324e7175e36c79950ff7423b536
2023-03-27 00:24:59,True,0.09196,5.178e-05,829.711,0.0429,0x15...54bd,https://etherscan.io/tx/0x00513ec16df2df8731d6a5176112e8475fffde6cb8c0c09dbbf481b30c484879
2023-03-27 00:24:23,True,0.09188,5.174e-05,5881.11,0.3043,0xff...d62a,https://etherscan.io/tx/0xc2e7b157020590f48048e3f2c29a04c2a46dc49de0a1559e653c57306f3ed108
2023-03-27 00:23:59,False,0.09165,5.161e-05,35858.3,1.85063,0xcf...116f,https://etherscan.io/tx/0x7f1db19ce5030ecd1b8d7098265c2c1a5e3703bf2c392ca07eaa3d7360d748e2
2023-03-27 00:23:11,False,0.09202,5.183e-05,3000.0,0.1555,0xcf...59b4,https://etherscan.io/tx/0xb0e9d3634efd6b95cc50c6a0c8bcc4de66de25ea435e8869302dac95c06d9090
2023-03-27 00:22:59,True,0.09224,5.202e-05,24962.4,1.29854,0x06...4b8d,https://etherscan.io/tx/0x8d5937c915ec22f26533b2d292b668af35cbac522226561d1e12948280bc8b8a
2023-03-27 00:22:47,True,0.0919,5.182e-05,7718.15,0.4,0xfd...2411,https://etherscan.io/tx/0x54f5bfa1f199f22d3964d0f1dff68496da457714c07eafb7da5fbd1241d44fb9
2023-03-27 00:21:23,False,0.09128,5.154e-05,12000.0,0.6184,0x03...97c1,https://etherscan.io/tx/0xfa9b21cb053c4d1b894fb06b4af861cb39bf1f6de4c20a830927cc3edb4d665d
2023-03-27 00:21:23,False,0.09171,5.178e-05,29508.0,1.52808,0xfd...94eb,https://etherscan.io/tx/0x2f6ee104eef9302a8d2f99a1002ac01e1a2e272aa6f845df84a55ebcb0ed594a
2023-03-27 00:19:11,True,0.09255,5.224e-05,4210.73,0.22,0x37...400f,https://etherscan.io/tx/0xb3b53216657dac33ed2ea8feef7798e8e56879df8d122ac6927a95640eef7da6
2023-03-27 00:18:47,True,0.09239,5.216e-05,9120.57,0.4758,0xe8...aff4,https://etherscan.io/tx/0x7e7fe2d29341ea4be2169273f6586437d99b5e8768d5c4b043dab8463f43800c
2023-03-27 00:18:47,True,0.09226,5.209e-05,3263.34,0.17,0x84...b65a,https://etherscan.io/tx/0xd218f3ba0a92b84ee8cc6a228e56a4202e49553f3773c7059bcadb402266fe02
2023-03-27 00:17:47,False,0.09213,5.204e-05,47404.4,2.46713,0x89...9588,https://etherscan.io/tx/0xcab4a804d3327a182ad520a36a9d1f595662f9bbbcc9fc529570a6b061463eeb
2023-03-27 00:17:11,False,0.09263,5.233e-05,464.0,0.0242,0xa7...ea36,https://etherscan.io/tx/0xd1712862e9710bbd9df7f402c06e4eff5ac6a9faf53931020316422902961bbc
2023-03-27 00:12:59,True,0.09292,5.261e-05,5121.99,0.2695,0x27...7b68,https://etherscan.io/tx/0x9fe6a20c7b75eac27d9d18cfe38ecd3d2714d5d190d1672e0099f8469b233227
2023-03-27 00:11:23,True,0.09289,5.254e-05,6629.63,0.3483,0x27...7b68,https://etherscan.io/tx/0xc03be8aae38d6989b9624011b99b3af2057d58f8e665ccfa4392ba2b444ccf67
2023-03-27 00:10:11,False,0.09215,5.219e-05,1050.0,0.0548,0x20...fc85,https://etherscan.io/tx/0xc623671077188dda477b7f19b60ee8cdf86df3950aeb0f73e3cd33a4a310ffeb
2023-03-27 00:10:11,True,0.09272,5.251e-05,74.7168,0.0039,0x61...e96b,https://etherscan.io/tx/0x7f10ba0ade87bd6b317503c3c8159ee09babb68880d1cdd2c495013a373d1cc7
2023-03-27 00:10:11,True,0.09271,5.251e-05,477.381,0.025,0x53...aebc,https://etherscan.io/tx/0x86f5317bd5ceb2e33644ded8bdf18ec8e5891cd8b07894d0ddd8f2e5c71b591f
2023-03-27 00:09:59,True,0.0927,5.25e-05,800.706,0.042,0xda...518e,https://etherscan.io/tx/0xeaca31f3bacef510071b20d1f3cd24d5482a3162ccecd4ec10a56bc9871c51e1
2023-03-27 00:09:35,True,0.09265,5.247e-05,3854.22,0.2022,0x20...e038,https://etherscan.io/tx/0xf4a4fb01045cf98269f31845eb5b70972144e4c331378f8bc27a7aaf9234bf9d
2023-03-27 00:08:35,True,0.09257,5.242e-05,4926.07,0.2582,0xd4...eb38,https://etherscan.io/tx/0xf78cf0b8ec0b15b59478a443d60cc6adbac37f6c624840519c3c0d6378fab302
2023-03-27 00:08:35,True,0.09251,5.239e-05,700.033,0.0366,0x4c...f71e,https://etherscan.io/tx/0x2f520107ecb15f4ba0372a6f8e9965476aa78a9436ab8d1c16dddb631130b6c4
2023-03-27 00:08:35,True,0.0925,5.238e-05,107.005,0.0056,0x3e...4ca9,https://etherscan.io/tx/0x3db518883ad90fff891fc0d2afa708d09c86b23dc8200d6bcb1a746754be59ff
2023-03-27 00:06:23,True,0.0924,5.235e-05,5231.17,0.2738,0xd4...eb38,https://etherscan.io/tx/0xdc1a5f2bcaa4e0930eac8ec5dbdde93289ac37126d8e41c8982f292e7a0a863d
2023-03-27 00:02:35,True,0.0922,5.231e-05,822.155,0.043,0x6a...8648,https://etherscan.io/tx/0x4364230127123721035168413173f23c89c8648f2460d7a31401e541acf4ec51
2023-03-27 00:01:47,False,0.0917,5.203e-05,6320.01,0.3288,0xe4...53d4,https://etherscan.io/tx/0xf75b31bdaeff8e6c85e29666d9190886fd00ad9c2850ac648246e887cb497110
2023-03-27 00:01:47,True,0.09198,5.219e-05,32570.6,1.7,0xf4...ed97,https://etherscan.io/tx/0x7e4e23d76403638983b531d697bc641a61fd3b3240c4d943e8f8b58cad2c547c
2023-03-27 00:01:35,True,0.09164,5.199e-05,190.629,0.0099,0x0e...12ab,https://etherscan.io/tx/0xa3a96cfe4b267b7a76650b34d94cdaadeab00d100b697a9c0d7d920017263444
2023-03-27 00:00:47,True,0.0917,5.199e-05,1308.14,0.068,0x6a...8648,https://etherscan.io/tx/0x9473f31f77d455ec3e0ac6f46673872ac18af72f510d1983f22ad0a534db701b
2023-03-27 00:00:11,True,0.09123,5.176e-05,37449.4,1.9384,0xfb...8515,https://etherscan.io/tx/0x4607782249983c7b3e1b4467a493b15305e49fef3e5869bb695ee0934bfc716e
2023-03-26 23:59:35,True,0.09059,5.141e-05,21909.9,1.12643,0x1a...abca,https://etherscan.io/tx/0x66fe9fa94411da39a5b2075d0905d6be7606fe029d935f0918ac4c3df4a665bb
2023-03-26 23:58:59,True,0.09016,5.121e-05,11996.6,0.6144,0x79...0fa0,https://etherscan.io/tx/0x9d9419d70917de12b68826acbcb637da39e156ba4e288bea083a023243b089f4
2023-03-26 23:56:59,True,0.09005,5.113e-05,2197.31,0.1123,0xd1...2be7,https://etherscan.io/tx/0xe4c2e8338800bdc778d8d780fcbe83f6805941026d688b6eda2807781922bbe3
2023-03-26 23:54:59,False,0.08983,5.101e-05,34349.8,1.75222,0xf6...68eb,https://etherscan.io/tx/0xc73df8bd841317b4b3770bdfead7060c80fccd40ba82ecabfac8bff62b89eccc
2023-03-26 23:54:35,True,0.09068,5.149e-05,4235.0,0.218,0xc7...f653,https://etherscan.io/tx/0xa54e5361985a9ceb85cdc9328abde66dd87b478cbf03714977a331cf6390f9b1
2023-03-26 23:54:35,True,0.09063,5.146e-05,1088.17,0.056,0x91...dc25,https://etherscan.io/tx/0xe585ab93ee210cdb6046792ad7cf861a151feb8dc1f9b27c68becfa52aa1079b
2023-03-26 23:54:11,True,0.0906,5.143e-05,3083.33,0.1586,0xc6...6139,https://etherscan.io/tx/0x5c6c3e5f3900c8b65a704eb32766a4238ccc1e3cb3d6397103b5908167f59787
2023-03-26 23:53:47,True,0.09056,5.141e-05,732.608,0.0376,0x65...468b,https://etherscan.io/tx/0xb855dc21a4222f2c395127c99e734d3e8e6b8eab2e445e47e0a9ab8111d7ffd5
2023-03-26 23:52:47,True,0.09052,5.139e-05,2314.3,0.1189,0x25...df5a,https://etherscan.io/tx/0xc22ea1ef3e5c14f7827bd25f4be5fb177ebeb3771d9eaed2568b8155a51aba0f
2023-03-26 23:51:59,True,0.09048,5.137e-05,1157.61,0.0594,0x94...8042,https://etherscan.io/tx/0x5685cca2f79ec18f599ef9a447cfd88a30064dd0ac6bb7bdd590f3f57140cfe7
2023-03-26 23:51:35,True,0.09042,5.134e-05,5019.82,0.2577,0xd4...09a7,https://etherscan.io/tx/0x8f11f471677d7eb20c72f7ea658a9598106e3e4faeae4c0a49a8827c495a1cdc
2023-03-26 23:51:35,True,0.09033,5.129e-05,3090.04,0.1585,0x56...828c,https://etherscan.io/tx/0xf3478adad4d2a2b739ffe14ca5ebc4d603043164c09577a7887b2a7d79325921
2023-03-26 23:50:59,True,0.0903,5.127e-05,483.316,0.0247,0x79...9b71,https://etherscan.io/tx/0xbe80eeb6f691c63b9ad4dcf32d9083a1448d926541370ae3a2b14928c483b3b8
2023-03-26 23:49:59,True,0.0901,5.12e-05,11718.2,0.6,0x91...dc25,https://etherscan.io/tx/0x008e4500c61b939761a3608b248d4432154507f5ed52770f612501e06c114cb2
2023-03-26 23:49:47,True,0.08997,5.112e-05,1369.15,0.07,0x1f...406f,https://etherscan.io/tx/0xba66aad5fc572735387d321b941b05f78c2dba40a84b14678879a755f0b227a7
2023-03-26 23:49:11,True,0.0899,5.111e-05,1134.76,0.058,0x46...a366,https://etherscan.io/tx/0x1ba70c3784ee79e5a9beb33998671c8866a5e4f7fc6ed8fcbeba3e74e208d566
2023-03-26 23:47:35,True,0.08992,5.108e-05,3955.85,0.202,0xbc...8b99,https://etherscan.io/tx/0x436d243ed4371ab6e3e8b8e0d39e1c2b7fa0599d1f0f78f8804bef214903bde0
2023-03-26 23:46:35,False,0.0894,5.077e-05,4209.65,0.2137,0xe4...53d4,https://etherscan.io/tx/0xd437fa2408f8c59b7fb2ec878e0996585ff35ad3b72d6bb59e57056876b41383
2023-03-26 23:46:35,True,0.08991,5.106e-05,7182.04,0.3667,0xfe...ff94,https://etherscan.io/tx/0xe9089a80adaa757da1739553660449e68a25114cb2150cfc1bc13bb71af7015a
2023-03-26 23:46:23,True,0.08981,5.101e-05,1305.37,0.0666,0x31...0e9d,https://etherscan.io/tx/0xc3c547d8536b0387ab3c7ab6e212ff92b1ceac477d8c68e3cd979d57525f5c4b
2023-03-26 23:46:23,True,0.08979,5.1e-05,777.367,0.0396,0xe8...aff4,https://etherscan.io/tx/0xfb28f76eeb1102d3835562c53fd36e89a4949e2f493e444e7b1973a71ff08d26
2023-03-26 23:46:23,True,0.08978,5.099e-05,272.47,0.0139,0x08...be9d,https://etherscan.io/tx/0xf49052109392cdf9696b68d6b995d118012d6f40c47236a5ec8fcce6b901f2a3
2023-03-26 23:46:11,True,0.08976,5.099e-05,823.64,0.042,0x31...4236,https://etherscan.io/tx/0x5e9985531527f4fe9030e72eb245a3a65c7c33ce2de3e3bbf5ff7ef031e32b8f
2023-03-26 23:46:11,True,0.08973,5.097e-05,2139.0,0.109,0x82...8bf0,https://etherscan.io/tx/0x43a26dc59223b706bf30580eb37b0a466fb672ed445f2cfe35d05752abf1dc33
2023-03-26 23:45:59,True,0.0897,5.096e-05,661.354,0.0337,0x0d...3ecc,https://etherscan.io/tx/0x0414782a4899c631abc8fcfc4351e7932088c172fa16e256d35461c8d550f27a
2023-03-26 23:45:47,True,0.08968,5.094e-05,1346.96,0.0686,0x0c...4194,https://etherscan.io/tx/0xc5b6f923795d04602a4ed3d6755d189286809ca190faf11d3a684588a04cb25a
2023-03-26 23:45:23,False,0.08915,5.065e-05,3234.96,0.1638,0xd7...a3b2,https://etherscan.io/tx/0x8cabe4dcfcf1a217bfe442ef5e03aa174ab163398b81f5391db60c1e6aa4ccb2
2023-03-26 23:44:59,True,0.08964,5.093e-05,7589.98,0.3865,0xa5...39de,https://etherscan.io/tx/0xa4d86e36b1b82f07c088210f17a467b993000482a1c9a1fe7251f37378160311
2023-03-26 23:44:47,True,0.08932,5.075e-05,23998.8,1.21799,0x88...3c0d,https://etherscan.io/tx/0xd03bd18e7a460f1063aa40f07572e73910d246049a9c2cc226872ba29b41e894
2023-03-26 23:43:35,True,0.08907,5.06e-05,1768.0,0.0894,0x25...e317,https://etherscan.io/tx/0x79aec6d8cfb21451d080259dededbb8649630eac78d8804c7a24ddd442c6d2a1
2023-03-26 23:43:11,True,0.08903,5.058e-05,1763.62,0.0892,0x9d...1505,https://etherscan.io/tx/0xbfddc132f9b6256ed4a49bd27c03666b6b2e0c665a9b79b0e18445e150f8b361
2023-03-26 23:42:59,True,0.08895,5.054e-05,5883.81,0.2973,0x25...df5a,https://etherscan.io/tx/0x6d72b44b2e350a445d0fef75b706b829c58e9d722ce83e2e38811c7a507fa843
2023-03-26 23:42:47,True,0.08884,5.047e-05,5891.63,0.2973,0xab...11a1,https://etherscan.io/tx/0xb6d8452cc33d97d3f5be8662688212ff351a406a437b3b2c8bc6be0b85270ccc
2023-03-26 23:42:35,True,0.0887,5.039e-05,7867.68,0.3965,0x2f...243e,https://etherscan.io/tx/0xdbb8678c5d2be4845100c7a32a91b5d409df42af52293ea5b496bc0dde96a58f
2023-03-26 23:41:59,True,0.08852,5.031e-05,6137.42,0.3088,0x86...de59,https://etherscan.io/tx/0x8a811f6976448f2c740b3d7f844ab1869d694ea23a86b4811f889f65ed5d4f94
2023-03-26 23:41:59,True,0.08844,5.026e-05,2548.27,0.1281,0x2b...365c,https://etherscan.io/tx/0x362524219721149875591687aa5478a187e39c02c05e8a504f0fdbaed7b3ca28
2023-03-26 23:41:47,True,0.08836,5.022e-05,5376.13,0.27,0x2b...b03a,https://etherscan.io/tx/0x0821010fea9d7e0746cfe07359e91c14813bc599976d2e71e27644fd557d2b19
2023-03-26 23:38:35,True,0.08813,5.009e-05,17776.7,0.8904,0x55...1919,https://etherscan.io/tx/0x8aa772853024dcbf398563ec9fe5bdd8aadfc6c34b5ec05ddb6abf194e84e1cf
2023-03-26 23:38:35,True,0.08791,4.997e-05,4124.63,0.2061,0xbc...8b99,https://etherscan.io/tx/0x08eb7e3e2179b08855de6395f0a4576ad427c9d63d377e5a61419db3da0dd055
2023-03-26 23:38:35,True,0.08784,4.992e-05,3424.98,0.171,0x3e...373a,https://etherscan.io/tx/0x26e9b5c8d45b95a2e8fdd685be66a0bd62524a8ec07ab085f90f0afb22028710
2023-03-26 23:38:23,True,0.0878,4.99e-05,893.856,0.0446,0x72...7371,https://etherscan.io/tx/0x87a7c04d8226ecc882ff18c47565ec07fcc0386ba7886715b4ec307698d46165
2023-03-26 23:38:11,True,0.08774,4.987e-05,5035.55,0.2511,0x84...5c11,https://etherscan.io/tx/0x8892220fc0e11e4c34dd6153e40b28bc94979958172df2384f90bd05ed73cb34
2023-03-26 23:38:11,True,0.08755,4.976e-05,13865.3,0.69,0x97...5856,https://etherscan.io/tx/0x620f4e07959854d0c776b8072ac64184da7d11752a11fd8584a7ecc663efb7dd
2023-03-26 23:37:23,True,0.0874,4.968e-05,1188.38,0.059,0x22...bfb3,https://etherscan.io/tx/0xc5d3a77d8495bf4adfc6250a54ca71776da276b7776d5c0fbd990354d0bb661c
2023-03-26 23:36:35,True,0.08732,4.961e-05,11488.9,0.5699,0xa7...15ce,https://etherscan.io/tx/0x5cf25d08206747226e95ca67f0ab618079e04ca8d442f323ccc49df5793b6491
2023-03-26 23:36:23,True,0.08711,4.949e-05,10102.8,0.5,0x63...fae7,https://etherscan.io/tx/0x3fa1349d259655dac4b6da19265756375e840fbd615699565a951a00d7fd7ebb
2023-03-26 23:35:23,True,0.08695,4.94e-05,6019.45,0.2973,0x94...7364,https://etherscan.io/tx/0x76fa66c980e000f93665436b9e57fd93e86fe828322cede84e7460fa9d91cbfc
2023-03-26 23:35:23,True,0.0868,4.931e-05,9446.74,0.4658,0x45...c87a,https://etherscan.io/tx/0x96085195e30ca520b859017aab0f3ead150cc405051bc8130eff1d837d1a7b19
2023-03-26 23:35:11,True,0.08668,4.924e-05,3019.1,0.1486,0xd1...f4e5,https://etherscan.io/tx/0x3b0807496ed4f508a91bef3f4b74b6a80f01a0066a004d250c6a51f04422583e
2023-03-26 23:34:59,True,0.08661,4.922e-05,732.581,0.036,0x91...dc25,https://etherscan.io/tx/0xe68455a95eda921bfe1bdcf8ef1f5d92742c147cb1a5c9263bc27db005b8fa56
2023-03-26 23:34:47,True,0.08659,4.922e-05,805.568,0.0396,0x08...12a0,https://etherscan.io/tx/0xa86fdc823261941091a24326b1a25a69ce4992ddf1b7d77cc7d64090fe729d9a
2023-03-26 23:34:47,True,0.08657,4.92e-05,1208.62,0.0594,0xa2...2d4c,https://etherscan.io/tx/0xd202be7926eb79db1d6703d674e2295f79e6ada4c61e82eb93a1e20658f6c9f0
2023-03-26 23:32:23,True,0.08651,4.917e-05,5796.15,0.285,0xa3...087d,https://etherscan.io/tx/0x4cdcce3af03648515d086cd935cc131102b616f11c110a731ea6523c7a80c3fa
2023-03-26 23:32:23,False,0.08597,4.886e-05,3559.86,0.1739,0xd7...a3b2,https://etherscan.io/tx/0x6ce492f887c83317319303ee54b65d8d53bb960ca160a1892c7c3ada84fc2c3e
2023-03-26 23:32:23,True,0.08644,4.913e-05,8113.54,0.3986,0xa2...fb83,https://etherscan.io/tx/0xda95b1d2662bccac33be9b606e23f9b4d787fae6c52ff9e79b5d026776230eb7
2023-03-26 23:32:11,True,0.08615,4.897e-05,21861.3,1.07055,0x82...b667,https://etherscan.io/tx/0x5e3fef873d00b4c28fde6f2748e1b0130af96ece2e4b74ef0f8a5f614fc54b91
2023-03-26 23:30:59,False,0.08547,4.858e-05,4358.13,0.2117,0x7f...18eb,https://etherscan.io/tx/0x0defee5e5038c0679f2a130b89e1a04f318d7fbbcc773d3b656ca9dcf71e2bd6
2023-03-26 23:30:59,True,0.08592,4.883e-05,10959.9,0.5352,0xf9...7b72,https://etherscan.io/tx/0xf2a613c7d6628940cd4de8e47364d50d6ad55ab0aec6fac0465740898bf07414
2023-03-26 23:30:47,True,0.08575,4.874e-05,6069.69,0.2958,0x0c...d9b3,https://etherscan.io/tx/0x134397a7506cdd0bbe1e3b43da2db0e8ac184a9f73e25154629a725c325934d7
2023-03-26 23:30:47,True,0.08536,4.852e-05,35270.3,1.71148,0xbf...3fe0,https://etherscan.io/tx/0xb48f06a8ea58579f661bacd73a76be7b1cc7b94c667c0f60184c85438627f39f
2023-03-26 23:30:35,True,0.08498,4.83e-05,5297.7,0.2559,0x54...48db,https://etherscan.io/tx/0x1462b5fc104c230de86fdf1c1a7df7a2fc5bd703360290f388c0877c35c13555
2023-03-26 23:30:35,True,0.08491,4.826e-05,2071.72,0.1,0x3f...d52b,https://etherscan.io/tx/0x40dfed494acff54d6bf5bdb1065135f702148502370e8664d1d73d1cc0a2f621
2023-03-26 23:29:11,True,0.08486,4.824e-05,2500.0,0.1206,0x04...08bf,https://etherscan.io/tx/0xf25b96d477e45c3abe411d4edc7f886c482fdebc59e8d94d2f90ff6f5ae20a65
2023-03-26 23:28:23,True,0.09371,5.331e-05,53059.3,2.82863,0x62...3d69,https://etherscan.io/tx/0x378211802ac03cc75a2ddcde870721546d44a743b002a9af528be6b8a3033a07
2023-03-26 23:27:47,False,0.08328,4.737e-05,1111.0,0.0526,0x9d...5596,https://etherscan.io/tx/0x6f708da91bf2b4bcdb606ceab794c87cf78a69962356687c160b4dae31d562e3
2023-03-26 23:27:47,True,0.08352,4.751e-05,29771.5,1.41457,0x96...d6b9,https://etherscan.io/tx/0x9b5730ebd53d12c66881a3882c1d4ebe7c81e37465499d1fccdad30f12f12cb3
2023-03-26 23:22:11,True,0.08329,4.735e-05,1417.33,0.0671,0x42...cf69,https://etherscan.io/tx/0xe567ff7d6225a5691f0b5c3917273ebf886d5678fbc66507275296b76aedad71
2023-03-26 23:21:23,True,0.08324,4.728e-05,12055.0,0.57,0xbd...bd83,https://etherscan.io/tx/0x32ef6d0ed0c0d68c9f97a321ae1e864ca50067365375f94f9b22eed62f383eab
2023-03-26 23:20:11,True,0.08308,4.718e-05,7417.94,0.35,0x36...d50f,https://etherscan.io/tx/0x3a93e42832496716a26fb4d75b1e824babf43e8f5e44ff1578f1bd7af638de51
2023-03-26 23:18:59,True,0.08291,4.708e-05,12106.4,0.57,0x1f...0fbc,https://etherscan.io/tx/0x122602fc516b2ae4108bf6455193eb52b685435315f0638d1d8bc8c3549a3640
2023-03-26 23:18:59,True,0.08279,4.701e-05,1054.18,0.0495,0x95...d7e2,https://etherscan.io/tx/0xb7a98616eb4ad1ed20f70f8b5821a5dbc35ef8ff43a0b4f5a03547d5b008953a
2023-03-26 23:17:59,True,0.08269,4.696e-05,8864.63,0.4163,0x04...087d,https://etherscan.io/tx/0xd48d86423e9bd1fe565c004693fa1e29252b3b5e68000d7ace81e17b170fdecc
2023-03-26 23:17:35,True,0.08261,4.691e-05,609.147,0.0285,0x5f...d491,https://etherscan.io/tx/0x67ec886fe7437862ce1d167ff0dbb2611b895d4f3e516fe05d7b4c63f1f21108
2023-03-26 23:17:11,True,0.08259,4.69e-05,1164.91,0.0546,0x42...cf69,https://etherscan.io/tx/0xd8b99a8e109c927589d742f5605c4eb738681f9c0a598c868bb715083077d948
2023-03-26 23:15:23,True,0.08246,4.689e-05,1268.26,0.0594,0xbe...f815,https://etherscan.io/tx/0x00e2ba157504361d3e550b99b4c763c90d84f9b07511005a7db0c7fc1dea3934
2023-03-26 23:13:59,True,0.08233,4.682e-05,12471.6,0.5839,0x38...d6ad,https://etherscan.io/tx/0xb7314f65ec72b764cd0b6d61830168a8025f22de13e16c8498617d88086011e0
2023-03-26 23:12:11,True,0.08223,4.676e-05,113.853,0.0053,0xd7...400c,https://etherscan.io/tx/0xe225c21834be3c45fc26bb680c6fc916a73e286545fbdaf7277c99813bd248a1
2023-03-26 23:11:59,True,0.08221,4.674e-05,2756.61,0.1288,0x25...a7b2,https://etherscan.io/tx/0x695b504075b7511a41aa0a3e24062821ba5f71fea101b099853a953b84e5e30f
2023-03-26 23:09:47,False,0.08173,4.645e-05,602.549,0.0279,0x03...afc0,https://etherscan.io/tx/0xa0ec49e1b4f3478261b838986584b43f805f8c864cff3c5b5d97d3f75cd84712
2023-03-26 23:09:47,False,0.08183,4.651e-05,10647.4,0.4952,0xe0...a7ee,https://etherscan.io/tx/0x1b138a4ecc1dced9e4e06f6df251145422044e8c4d4a349e7335046e1a17ea4a
2023-03-26 23:02:11,False,0.08193,4.656e-05,388.0,0.018,0x15...1a7c,https://etherscan.io/tx/0x93301e24c02efe0e0a635b10a43fc2fb4c8cf554dcfc6ad07e8f5bc44e251b3f
2023-03-26 22:59:35,True,0.08237,4.684e-05,1201.8,0.0563,0x12...7699,https://etherscan.io/tx/0x41bcec01363d642850da29a29b7659ed42b7f81af1fda728f004a1de89f14c5e
2023-03-26 22:52:23,True,0.0822,4.682e-05,2963.81,0.1387,0x89...a398,https://etherscan.io/tx/0xbd411856fbaeb63e11f2ef95683da5c793c884dcdb98c48c42ab1e00aa475ecb
2023-03-26 22:51:11,True,0.08214,4.68e-05,1037.78,0.0485,0x5c...3075,https://etherscan.io/tx/0xcabfc736da894316dec9a982315cffd1c0d2d5cc2cd67779c11bc494b6703902
2023-03-26 22:48:35,False,0.08176,4.656e-05,9000.0,0.419,0xb5...c556,https://etherscan.io/tx/0xab9b2640f8482533f1e894e89a8a85d6bffc587c2158cc31898f77834d90f084
2023-03-26 22:45:35,True,0.08244,4.688e-05,1247.45,0.0584,0x34...5d4c,https://etherscan.io/tx/0x649d07b7305824cb60b4152f47f89c34e30a6dd5238041706abfe86b92ab5ff1
2023-03-26 22:45:11,True,0.08241,4.686e-05,2326.66,0.109,0xa2...2d4c,https://etherscan.io/tx/0x83aea0d9c989d23c45ebb430a1ac985a8f3efeeb974ce45fefcd4dd199dfe1af
2023-03-26 22:44:35,True,0.0823,4.683e-05,3797.09,0.1778,0x9f...0f7b,https://etherscan.io/tx/0x2e6fba0f9c0e4af64dae7fafc4506c67f5ca3d99df51f70ee77a9a7e39f7b23b
2023-03-26 22:42:59,True,0.08222,4.678e-05,6070.58,0.284,0xa1...9884,https://etherscan.io/tx/0x46a59f66c1d4ef0dc7e3a576d5dba1be4875ad53e8c1aa8fed4899dff9937e6f
2023-03-26 22:40:59,False,0.08215,4.672e-05,50333.9,2.35194,0xe5...6e2e,https://etherscan.io/tx/0xac888fdd3e04c667d6e2d587fea5b0b1153620a1dbd382b5c8a233fde13841fc
2023-03-26 22:39:59,True,0.08304,4.723e-05,5986.57,0.2827,0x08...3dc7,https://etherscan.io/tx/0xdd4388408c89bc23d167cf81308ec6ee8c432e57fc9c73f35eb749c75ea8a6db
2023-03-26 22:39:59,True,0.08296,4.719e-05,2520.63,0.1189,0xb3...bbd5,https://etherscan.io/tx/0xc52bd59ccd5b8e2a4de8fb85cefff2f4db9a418366adbdd2ecedbaf51c7ce0b4
2023-03-26 22:36:47,False,0.08254,4.691e-05,4355.0,0.2043,0x17...4c19,https://etherscan.io/tx/0x99026da8e18c57047e2e59bf59708f0e57a36c4878bedbae0c6f7ae5307152ff
2023-03-26 22:36:23,False,0.08279,4.705e-05,22784.7,1.07216,0xc6...fed0,https://etherscan.io/tx/0x5181534f0c5858a6a7a8f1f645a11fde87474be436c2474d0ef722928ab9c469
2023-03-26 22:31:35,False,0.08331,4.717e-05,552.716,0.026,0xef...514c,https://etherscan.io/tx/0x087f54289214cd05b30611223eab3ef1c739401e747dabf9ddde395ccc1cd992
2023-03-26 22:31:11,True,0.08381,4.745e-05,731.026,0.0346,0x70...76fd,https://etherscan.io/tx/0xc39cc77e6d88c8377834f6e289e4d15106e3341d260c49961474f35d7f35326c
2023-03-26 22:30:35,True,0.08384,4.745e-05,981.847,0.0465,0xa0...fef0,https://etherscan.io/tx/0x96e1371932c49b267d36be39195d849c268a4799649bdc4f82c3259d9f42f05c
2023-03-26 22:30:23,True,0.08383,4.744e-05,210.775,0.01,0xe4...7b66,https://etherscan.io/tx/0xd08a016875b9276ab0cb4c9c8388191b7996bde209d1d95d84b08e17ff198068
2023-03-26 22:28:35,False,0.08362,4.731e-05,30220.0,1.42985,0x16...c042,https://etherscan.io/tx/0x1bf804accc69aebef2f78899ff893221f69c525c1d880da912ce203af7b47ae5
2023-03-26 22:14:11,True,0.08438,4.775e-05,1245.55,0.0594,0x1c...3f08,https://etherscan.io/tx/0x53adc124afb885047095021ed4feb93d54edd9612a22de9177dde359f2d58d70
2023-03-26 22:13:47,True,0.08426,4.768e-05,11616.6,0.5539,0xdc...7dd4,https://etherscan.io/tx/0x44a4f42a30ab471a14a5bd40ee14c14f54905e60ed87589f2b2a176cf8cce2df
2023-03-26 22:13:11,True,0.08406,4.758e-05,6665.61,0.3172,0x24...4324,https://etherscan.io/tx/0x14b7ba008fccf8e89a324f782561f82aea48d604e0b32e550346d420c4546c37
2023-03-26 22:12:59,False,0.0835,4.727e-05,991.25,0.0468,0x0a...6a15,https://etherscan.io/tx/0x920cb01d95ae96000a60f82b9fe533c487d236d59f9a21465b9bd72b5ac83fcc
2023-03-26 22:12:47,True,0.08401,4.755e-05,1042.15,0.0495,0xda...8b6b,https://etherscan.io/tx/0x2b8aad4019240805032c9454723acb53e4192e803b8a89439393c7d464e2b580
2023-03-26 22:10:23,False,0.08355,4.729e-05,5545.28,0.2622,0xae...6753,https://etherscan.io/tx/0xd83d52cedd98404467f1c7c157c50bad863b7285f3c968251026aa9a79300c73
2023-03-26 22:08:47,True,0.08409,4.76e-05,208.207,0.0099,0xd4...1c79,https://etherscan.io/tx/0x244dcf8580c656075316b5e0b68673810aed9390abb5aadf63b1c9169112eebd
2023-03-26 22:08:11,True,0.08409,4.76e-05,566.489,0.0269,0x78...8b0a,https://etherscan.io/tx/0x56f75ad5fbbdf9ceaf51e22ea1ce0c70e44273ae7d09994b603492a3d9368ce8
2023-03-26 22:05:47,True,0.08402,4.758e-05,3020.45,0.1437,0x6e...9cb3,https://etherscan.io/tx/0x6392c3160f9724d9e3f81c44f3111a5267676cd3068ed1b21174ea1f6015bc92
2023-03-26 22:05:23,False,0.08349,4.728e-05,500.0,0.0236,0x88...9162,https://etherscan.io/tx/0x32ba8009fd408acdf57d9c9a573476cc3b2188c1a9f6407305b69aea8e40ab5f
2023-03-26 22:04:47,False,0.0835,4.729e-05,500.0,0.0236,0x88...9162,https://etherscan.io/tx/0x688fd5cb1d1ca01131ce34aebeaf70acb651303586f03d4f9683116082e035bd
2023-03-26 22:02:59,True,0.08396,4.755e-05,5624.26,0.2674,0x5e...a190,https://etherscan.io/tx/0xc48fcb03c60851f11dd3e9f8998d989b2b9753d536fab6951e064b769cfddaad
2023-03-26 21:58:11,False,0.08345,4.724e-05,1099.0,0.0519,0x15...1a7c,https://etherscan.io/tx/0x43b40dae9cda4c60df6e74ce0c1fa5fa15e5319f4c7be56611fac116af6aa020
2023-03-26 21:57:47,True,0.08394,4.752e-05,1809.6,0.086,0xbc...fcd7,https://etherscan.io/tx/0x107e4fe4a362c361379c4a4a907e536a102f1776ae8689d4d4dd303ef80fd1f9
2023-03-26 21:57:11,True,0.08393,4.751e-05,312.939,0.0148,0x42...748e,https://etherscan.io/tx/0x632e1839a658422be704de1a51b87d3eac5f9232572c961c8e3d60a38208c70c
2023-03-26 21:56:23,True,0.08392,4.751e-05,229.329,0.0109,0xf3...b19f,https://etherscan.io/tx/0x885c8df05143ce55559820e31da9f63be392a338b519ba4ee34abb3ab4322e06
2023-03-26 21:54:23,False,0.08348,4.726e-05,7500.0,0.3544,0x16...8d12,https://etherscan.io/tx/0x7439609ec0235a0729f73898ea3023165a2d38b38a437c2a5dd6689260ac0ef8
2023-03-26 21:54:23,True,0.08404,4.757e-05,1533.48,0.0729,0x39...d47d,https://etherscan.io/tx/0xbb89d61f17434777f2354fe400527a1a0838d7f3403864403c84e98efc65d442
2023-03-26 21:52:59,True,0.08387,4.748e-05,16500.0,0.7835,0xbd...f248,https://etherscan.io/tx/0xd80974fa3a73305b57e73127a577a8088a5fa5106f1dfd1180b893ad6cdd0b0a
2023-03-26 21:52:23,True,0.0837,4.739e-05,1218.42,0.0577,0xf1...356d,https://etherscan.io/tx/0xde95a7db87205203def739c49d00baabeba3cbaf9184ca84d06e6db5568d3471
2023-03-26 21:52:23,True,0.08351,4.728e-05,19681.0,0.9306,0xc6...fed0,https://etherscan.io/tx/0x1f1dacbaa2117f1788a0f6962cf18d742cb4f0ca684b6ebee100440d0033a9be
2023-03-26 21:49:23,False,0.08287,4.692e-05,4240.94,0.199,0x50...d520,https://etherscan.io/tx/0xe12334881ae19f9e95da198a00bcf0a34b12a295b87ec099fb1b14ff0f0c9330
2023-03-26 21:43:59,True,0.08335,4.722e-05,1259.5,0.0594,0x04...b7b7,https://etherscan.io/tx/0xe290b05859fc124ad82b02816e3d5f88eaf8f14ef2484ee2be04c49144783605
2023-03-26 21:41:59,False,0.08287,4.693e-05,1000.1,0.0469,0xaf...2d2a,https://etherscan.io/tx/0xc7483355f0ba049cb382a515357b957c64732076e4a23f35e3ee51f1fd52a0be
2023-03-26 21:40:47,False,0.08288,4.694e-05,1000.0,0.0469,0xa7...c7d1,https://etherscan.io/tx/0xe137bab432b7a52756f1f001841ef71f48e355f0ae5061e99ac77573b78c8c89
2023-03-26 21:39:23,True,0.08337,4.722e-05,1259.3,0.0594,0x1c...4354,https://etherscan.io/tx/0xa852f5cb28293d69bf151e8fb6c2ca5b3542b7456902b257a459524eafdbc2a2
2023-03-26 21:37:59,False,0.08287,4.694e-05,432.365,0.0203,0x87...de84,https://etherscan.io/tx/0x703be6196db73dbcb3447bafbeb91425a54a11870aff88b173a8892dc890dc7d
2023-03-26 21:30:35,True,0.08338,4.721e-05,1742.43,0.0822,0x41...d8ba,https://etherscan.io/tx/0x5b7c6258374afa33ee829942da5d8cacb9c7f8aa0702f5ff56fc788b09efef05
2023-03-26 21:27:35,False,0.08291,4.695e-05,5705.5,0.2679,0x06...2c3e,https://etherscan.io/tx/0x32cd33ab38533e2182fd99d6eece3af2c33c33e5bbe0f33162ea69aad8548fbc
2023-03-26 21:24:59,False,0.08307,4.701e-05,5162.97,0.2427,0xd1...0954,https://etherscan.io/tx/0x86e91bef03ba0a76fe4e79b4ef1b92c807cf59dedb4a9a9ce8194de5d8f9ce07
2023-03-26 21:23:59,True,0.08362,4.731e-05,194.159,0.0091,0xa1...da2d,https://etherscan.io/tx/0x8c03adc0dd44e831bf1a96ed4cf8f203240885573649a96252b475aaabf4702f
2023-03-26 21:22:59,True,0.08357,4.727e-05,8021.38,0.3792,0xa1...da2d,https://etherscan.io/tx/0x5adabc16150dc9afaefaf43747636cd6f4f8c4b78d4e99bed6b0e1c2fd90ae19
2023-03-26 21:22:59,False,0.08323,4.708e-05,25000.0,1.17702,0xdb...9adf,https://etherscan.io/tx/0x8f71f88fb28ba82bf091a631fca390be676746c2c6d5ea1edfa1d81af1fa7ffa
2023-03-26 21:21:11,True,0.08392,4.747e-05,3549.5,0.1685,0x1a...6d74,https://etherscan.io/tx/0x0cb69f863dcf0bec8d67b2ee5b2f81fa1b042f8707dbe6fa0c641bc555fcfc39
2023-03-26 21:16:23,False,0.08336,4.719e-05,4956.25,0.2339,0x19...1ed6,https://etherscan.io/tx/0xafdf89e3c3ad3ea4eabded924070433ca74634a6f9e054040550a4de6dbae3ac
2023-03-26 21:15:23,True,0.08391,4.75e-05,68.0202,0.0032,0x18...b506,https://etherscan.io/tx/0x4c223c246474abafd303bb4c4afccb2cc39efcd3930745b56b6540e393e30035
2023-03-26 21:09:23,True,0.08376,4.744e-05,12769.6,0.6058,0x32...1323,https://etherscan.io/tx/0xaf30550d2728391693a5655060d1106dce5f28e462cc745c08b71f197922de36
2023-03-26 21:07:59,False,0.08314,4.71e-05,2834.0,0.1335,0xaf...2d2a,https://etherscan.io/tx/0xd9da3598b331589a7f7cadb83d3159806dcb70641426cab1c7da601886af41fd
2023-03-26 21:07:23,True,0.08365,4.739e-05,2018.44,0.0956,0x2e...f345,https://etherscan.io/tx/0x4cb58d7e96dc13fc77679123e8e7a0c41a6bae16e0da01fe57f5070bad8bcf3a
2023-03-26 21:04:11,True,0.08362,4.737e-05,1348.9,0.0639,0x78...cb50,https://etherscan.io/tx/0x0d0c1f2161a1690e1380fe7e11830baf559a3e47cdac02768d3fb0c3f8acf7a4
2023-03-26 21:03:11,False,0.08313,4.709e-05,2500.0,0.1177,0xcf...0f57,https://etherscan.io/tx/0x20bd46a7f355e9af63b079d92962f254a2750f2b43c5c5078c74f1a3a391918c
2023-03-26 21:02:23,True,0.08364,4.738e-05,2145.02,0.1016,0x33...690f,https://etherscan.io/tx/0xfbd4a4aca1dff66d1e73cd22d39531171a4bcc434d22405b3ad40504c3867c88
2023-03-26 21:01:35,True,0.08356,4.734e-05,5970.49,0.2826,0x6e...c246,https://etherscan.io/tx/0x86018717eaa50812c9eda7065b7be7b381956b02fb8746cea8c518cd4345cab1
2023-03-26 21:00:59,False,0.08312,4.708e-05,11853.6,0.5581,0x59...586a,https://etherscan.io/tx/0xdc77867471afa3135c39d6752bf3f0e7dc71db6a02ed54d4920aaea4605326ef
2023-03-26 20:56:23,True,0.08372,4.743e-05,197.885,0.0093,0xe9...9a16,https://etherscan.io/tx/0x0669e64804e236ba46e949359c8812f8fe1343b72af9a1c0036f5e53100d25f3
2023-03-26 20:56:11,True,0.08371,4.743e-05,42.6219,0.002,0x33...690f,https://etherscan.io/tx/0xb60d574d3be9dd725eb4485ed5e199ba76edfb3364443916e7b3c5140c81515a
2023-03-26 20:54:35,True,0.0837,4.743e-05,186.929,0.0088,0x33...690f,https://etherscan.io/tx/0x407343b26c0fb2900e3629b5230ce365d0ecaeb50b4d2357ff1e07f11c0c8750
2023-03-26 20:52:23,True,0.08367,4.742e-05,1100.09,0.0521,0x33...690f,https://etherscan.io/tx/0x6a5ccc7f124b391d43a01ea00004ded16b4a998f58c7699780763a3eaeae66d9
2023-03-26 20:47:11,True,0.08365,4.74e-05,1578.52,0.0748,0xb0...061d,https://etherscan.io/tx/0x9dc167521bd0f25dfcb73cf574f79bb2f2b02bf5ac2622aa126de5789d8324ad
2023-03-26 20:41:59,True,0.08367,4.74e-05,331.118,0.0156,0x04...4252,https://etherscan.io/tx/0x0a9cd31307a041eef586fbcf0609ad577f23481b8fc0886085c13cd8c00779f4
2023-03-26 20:38:23,True,0.08355,4.734e-05,10120.3,0.4791,0xc3...172c,https://etherscan.io/tx/0x00c31dd404fd1d9556db562d488b73deb6970dffc2eed8b634f02e13f67f9cde
2023-03-26 20:31:59,True,0.08354,4.728e-05,1588.96,0.0751,0x2e...f345,https://etherscan.io/tx/0x80aef9223a0f6df6a39f986a2ca396ad1db96c1caba4750fcf1da2e37bc7a399
2023-03-26 20:31:47,True,0.08351,4.726e-05,1885.98,0.0891,0x6d...b708,https://etherscan.io/tx/0xa726dd4e5a4bbceb345a8993904cdd61835e4a13d41042c27f2b6a1db7e4c263
2023-03-26 20:30:59,True,0.08342,4.721e-05,7706.37,0.3638,0xcb...910c,https://etherscan.io/tx/0x87673a970a551669a37069516a441af6258a83be397e990561652456771f07cb
2023-03-26 20:30:47,True,0.08335,4.717e-05,215.996,0.0101,0x13...ff31,https://etherscan.io/tx/0xf751f5ff9ba4435efe160f1167171071fca0371b9db718c24d97c564c8c91bc8
2023-03-26 20:28:59,True,0.08329,4.715e-05,5045.61,0.2379,0x55...ddcd,https://etherscan.io/tx/0x88373879239c7d30b74fbd7a3f263f4615705db80c51290c2ca17b5b3956cf94
2023-03-26 20:27:23,True,0.08317,4.707e-05,9492.09,0.4468,0x74...d510,https://etherscan.io/tx/0x7d156c610345912636b49b55c6a8fad5d26a3c04e38bc32414076535f9701eae
2023-03-26 20:27:23,False,0.08318,4.707e-05,65368.4,3.0775,0x97...aa4a,https://etherscan.io/tx/0x05834a708280bbd0d42759efeec70a1ffb25c27b71eb20ee05cd1fd10e64f306
2023-03-26 20:26:47,False,0.08385,4.744e-05,5000.0,0.2372,0x2e...0aa2,https://etherscan.io/tx/0x6d530e0e53e465befa58e02a32f24efa9144a871003ccb07c582ede85d5d7e65
2023-03-26 20:24:11,True,0.08439,4.774e-05,1195.74,0.057,0xe9...dc83,https://etherscan.io/tx/0x67dc47f7d9b1bdbe4030136563ef9c53d3c4855925bbe68d60105e5bebf35c5b
2023-03-26 20:19:35,True,0.08439,4.774e-05,2.82131,1.346e-05,0xae...ae13,https://etherscan.io/tx/0x835012f8792b295a13cf7b333c40739542820854ca191336b9b360f4d7efae75
2023-03-26 20:18:47,False,0.08392,4.747e-05,3944.99,0.1872,0x99...273b,https://etherscan.io/tx/0x3e3d14dd5826e9f0e17c31699632f8135a0cf5dc8343c66d5dbb2b813af838ff
2023-03-26 20:16:47,True,0.08444,4.775e-05,6020.18,0.2874,0xc9...d403,https://etherscan.io/tx/0x73e2b71c6bf3a6245f20fd91e99b1cbd2257f187d2bdd4b037fadb342706ae7c
2023-03-26 20:16:47,False,0.08388,4.743e-05,714.717,0.0339,0x02...2b20,https://etherscan.io/tx/0x125c639fd2f5c35fc5182f10c41e26677b0a5b0513123124e4e1a7400007b860
2023-03-26 20:16:11,True,0.08439,4.772e-05,207.701,0.0099,0xf5...272d,https://etherscan.io/tx/0x8c959327e58ef8137914a1b49adec77836f52cb69ea278d48a23e2637ae8b9dd
2023-03-26 20:15:11,True,0.08438,4.767e-05,9649.03,0.46,0x42...cf69,https://etherscan.io/tx/0xe7a781642f03d1268baec668287e04d6d50f0bca12624dd0d418520adf3c7c17
2023-03-26 20:11:59,False,0.08378,4.734e-05,1500.0,0.071,0x5a...4d5f,https://etherscan.io/tx/0xb0841e429ef6de6ed2ff567a3570de608b6274855c0cb0e23694adaf904fae91
2023-03-26 20:10:47,True,0.08422,4.763e-05,41.5842,0.0019,0x6d...b708,https://etherscan.io/tx/0xc389e9c341ba6e9ff57950722439b62d6d2a8ac7a1acfdc4ab74efe4a1e306ab
2023-03-26 20:05:23,True,0.08411,4.761e-05,4305.17,0.2049,0x73...9e28,https://etherscan.io/tx/0x0e1eb6e5a8355acb97dd1f298a1438fe6d66fe5e06e474aa0da2d2346822a334
2023-03-26 20:02:11,True,0.08406,4.758e-05,1144.21,0.0544,0x10...134f,https://etherscan.io/tx/0x47f0b1fa81b337838208d90cffd9286f91c8fa4304024941c2af898dfafc63dc
2023-03-26 20:00:35,True,0.08405,4.757e-05,1041.76,0.0495,0xdf...80f8,https://etherscan.io/tx/0xacb2d570f4703df4646da668dadb92d60f41ac1be561d73c8e72ba72de3d6655
2023-03-26 19:59:35,False,0.0839,4.75e-05,41525.0,1.97248,0xb3...9542,https://etherscan.io/tx/0x9dee25a6d8a829bae29c27394b2719cdc041b2349d6191a1dda1768142a70ce4
2023-03-26 19:55:35,True,0.08458,4.787e-05,23817.1,1.14033,0xd3...04d1,https://etherscan.io/tx/0x14d4c7d4edd0fcf68f963997e69e60a3417d98d826338ba418511f375bfc8550
2023-03-26 19:55:23,True,0.08411,4.761e-05,26520.7,1.26279,0xee...8509,https://etherscan.io/tx/0xc24f9af651d7e0207819d1251f0d7b6905bff0fc7b8a9b9bde603c255ff027aa
2023-03-26 19:53:23,True,0.08383,4.746e-05,2112.42,0.1002,0x95...368a,https://etherscan.io/tx/0x130c760bc0bd75ebf80a116174e3012843e4d7b34a56df94014cd4ce92ef368c
2023-03-26 19:51:47,True,0.08378,4.745e-05,1182.41,0.0561,0x71...b09c,https://etherscan.io/tx/0xa8aeab94d0d7241533a9cba430be651937a4fec9bce63f5dfc20e9b93561f642
2023-03-26 19:49:47,True,0.08375,4.744e-05,59.023,0.0028,0x8a...0a9e,https://etherscan.io/tx/0x2aab998b873dfc26fdf83d9725505f8c730613a247a1e8b4f23b2f38696e825d
2023-03-26 19:43:59,False,0.08333,4.716e-05,1189.5,0.0561,0xc5...2813,https://etherscan.io/tx/0x16bc3de036807767eb87fdd6db155d33203577fc51bbb0667ae149d2afc7568e
2023-03-26 19:42:35,True,0.08383,4.745e-05,584.906,0.0277,0x45...bdb1,https://etherscan.io/tx/0x259d0624e1642212346dfaa4f0f186a677f5d1bfb3994af0112dbdbb6edc9477
2023-03-26 19:42:35,False,0.0835,4.726e-05,19630.8,0.9278,0x7a...2b66,https://etherscan.io/tx/0x03c3ab011a6b214bd0154255d27e5f21bf2f663ff07793d8e7a6357c420bb461
2023-03-26 19:41:47,True,0.08416,4.764e-05,2080.63,0.0991,0xb2...e4b4,https://etherscan.io/tx/0xf1ccea382a1e314889571791d5f633211cb672f46cd430d828ace69eae406f87
2023-03-26 19:38:11,True,0.08414,4.762e-05,500.412,0.0238,0xe9...e8e1,https://etherscan.io/tx/0x4ed98fc2008a6d3dc90a564a711ae6de8643e01352197990cb947d63e8832488
2023-03-26 19:37:47,True,0.08399,4.754e-05,15446.2,0.7343,0xce...a8cf,https://etherscan.io/tx/0x969dcf757ac4c724f54f36d556225b1780ff603399ad4a2d630bed1544f5d6eb
2023-03-26 19:37:47,True,0.08384,4.746e-05,1044.31,0.0495,0xeb...51d0,https://etherscan.io/tx/0xfc36c34dad76b9285fb4dae1c50186693a5e38b179982a89747ecba3fbac2761
2023-03-26 19:37:11,True,0.08386,4.745e-05,757.232,0.0359,0xd1...829c,https://etherscan.io/tx/0xf7295ba811e85c7e0631718504093ebaf3a38c9a751212dc5c66899d04871b4d
2023-03-26 19:33:59,True,0.08373,4.744e-05,438.753,0.0208,0xf2...1065,https://etherscan.io/tx/0xc05c4bdc0a8c7d3990417535859f95320d0aeda529a04fbd3699d3a059b487e1
2023-03-26 19:33:47,True,0.08369,4.743e-05,590.997,0.028,0xd4...75c7,https://etherscan.io/tx/0xfe7c2dbaffddfb537f640ea0f70f94460d730db3bae04ca90b32ffbc2fae6f44
2023-03-26 19:33:23,True,0.08366,4.741e-05,3195.78,0.1515,0xd1...829c,https://etherscan.io/tx/0xab302faa13ccfee7e282b11f7af8b57e067b35459d90e6b5803ff51114129749
2023-03-26 19:32:23,True,0.08359,4.739e-05,1371.13,0.0649,0x70...a5bf,https://etherscan.io/tx/0xa7201c532f15a789a66b6b3ce487f7346b3bebfe1c8ef2fd04c6a50f3e09f5f5
2023-03-26 19:32:11,False,0.08308,4.71e-05,5.71e-07,2.689e-11,0x11...48d5,https://etherscan.io/tx/0xbc3e67884b56c85a3a82867deee7170569c6f3ab40729cb29bfd30280d6746d3
2023-03-26 19:28:59,True,0.08334,4.726e-05,24904.8,1.17699,0x70...550e,https://etherscan.io/tx/0x6f10870c904ee87e4906fe488d8f36a70f91ff58335360cfb31e0cee48182c84
2023-03-26 19:25:59,False,0.08271,4.69e-05,10000.0,0.469,0x6f...b62f,https://etherscan.io/tx/0x1c758511a807c0bbec5226abb287a58b3623e2a06f0015390c38ee247c96d565
2023-03-26 19:25:11,False,0.08318,4.716e-05,42206.2,1.99078,0x73...da8f,https://etherscan.io/tx/0x80a69a44275f09e0ea41f5f5d16e8902989588775ec82678e28498dd4ee80851
2023-03-26 19:16:11,False,0.08357,4.745e-05,14133.6,0.6707,0x76...7d5e,https://etherscan.io/tx/0x58c9e0a0caa51451cf675e78f8da349d6f742ff47ef3fcbae784f0bd7fa51d35
2023-03-26 19:15:47,True,0.08417,4.779e-05,3732.86,0.1784,0xfd...9fbe,https://etherscan.io/tx/0xe5e99155b9064598c0cc926bea6c1e7e6e384c64ed772ada0cdca0008789c2c6
2023-03-26 19:14:35,True,0.08412,4.777e-05,1037.45,0.0495,0xeb...ea43,https://etherscan.io/tx/0x5d306ab01db28e8d883ec0b33e71bbb63ba3e8b892d9dd61025dcb0d50f3f33f
2023-03-26 19:13:47,True,0.08351,4.742e-05,65160.0,3.09045,0x97...aa4a,https://etherscan.io/tx/0x7da6fac5c62b455ce0081da1173c1f189cd208b672371f36b9520af5447fb984
2023-03-26 19:13:11,True,0.08289,4.707e-05,2631.86,0.1239,0xa3...faa1,https://etherscan.io/tx/0x925f13381a922dc9cb79e7b8be8b06f14b5588d6beb4a88c2747ecc36ce838a9
2023-03-26 19:10:59,False,0.08234,4.679e-05,2494.87,0.1167,0x32...9d0c,https://etherscan.io/tx/0x8a37ac81302c443a9d93f206656ba7c18d3e3d1688d3208f8e88f7a949df7d00
2023-03-26 19:09:59,True,0.08284,4.708e-05,1936.96,0.0912,0x1c...a1f7,https://etherscan.io/tx/0x6404ae52dc35c32177ce300873a1abd2fca3d5d9faeab7c6e078a52a880a0a59
2023-03-26 19:09:23,True,0.0826,4.694e-05,24069.5,1.13003,0x6b...8c39,https://etherscan.io/tx/0xf57bf5c54f0d2b57fc6955f8f5755937a28fb4384b623fbf1dd3985ea3a1d0c6
2023-03-26 19:08:47,False,0.08212,4.667e-05,25179.0,1.17517,0xc6...fed0,https://etherscan.io/tx/0xd6bc56ad900f22a2d42c7690da29ef7c65deeb15c28d720e7435b2c0a8905ea5
2023-03-26 19:06:23,False,0.08234,4.685e-05,10320.3,0.4835,0x24...c558,https://etherscan.io/tx/0x0968c1036592539f63caf8eff0b0e1e4016ea26ef10ee0611a1fa5750719ead9
2023-03-26 19:05:11,True,0.08291,4.718e-05,1102.97,0.052,0xc6...3ad7,https://etherscan.io/tx/0x1300fee11d9f0d646ed1331a4fb9852226f8144846de01233b72b4017773be20
2023-03-26 19:04:35,True,0.08284,4.714e-05,6363.53,0.3,0x9d...0a61,https://etherscan.io/tx/0x5c6ab1bdea4acf8f436d0888be512b44f1f58433b5bd4f57cda9e0d8e68d8a2d
2023-03-26 19:04:23,False,0.08229,4.683e-05,593.49,0.0277,0xa4...6083,https://etherscan.io/tx/0x464fcfaebe1d7370ce93dfdf3430f0b47924c51cb6545f0f43902f48975d3984
2023-03-26 19:02:11,False,0.08252,4.697e-05,27055.8,1.27089,0x49...2e6e,https://etherscan.io/tx/0x7da1f45ba242615c6e4bce1f4adc3dfb336c053c8b8af742012f98aa5183727a
2023-03-26 18:57:59,False,0.08293,4.712e-05,2500.0,0.1178,0x06...2bec,https://etherscan.io/tx/0xc2882ae29474ecd4a90831e15ccc40811f35892aee68844071c512484c2e8dff
2023-03-26 18:53:23,True,0.08352,4.74e-05,3136.56,0.1486,0x63...81b6,https://etherscan.io/tx/0xfcc6bf89d88c1bc22ee9ab9ef4f7372b4dddd841cd4cdd63167c11971573fa5b
2023-03-26 18:52:47,True,0.08348,4.738e-05,1046.0,0.0495,0xb8...fa84,https://etherscan.io/tx/0x1988346526f031fcb9e30d66c550ff4687548c15740d44cb49f447975c65a39a
2023-03-26 18:50:35,False,0.08303,4.711e-05,3400.0,0.1601,0x83...f511,https://etherscan.io/tx/0xc426d1639f64047fc3e900d9218f17b88271aec29d5bd6c56b584d3c406fc454
2023-03-26 18:42:23,True,0.08355,4.74e-05,2075.91,0.0984,0xe8...b246,https://etherscan.io/tx/0x1d1c990a7d51ecda3c87b23588981622fd8cdf417af9c74a24712beaac9f3197
2023-03-26 18:40:23,True,0.08347,4.737e-05,3858.19,0.1827,0xe8...b246,https://etherscan.io/tx/0xf1adababcdc83d76cb5c90b7bbe7706125b2c024c6a551fc8dd60ca1338e4cc1
2023-03-26 18:38:35,True,0.08335,4.73e-05,10000.0,0.473,0x77...efc0,https://etherscan.io/tx/0x8b6126a436953634b12544c2cb72a85ac2b46ee4045f4d19e34e69da927eba5d
2023-03-26 18:37:35,False,0.08348,4.736e-05,77791.7,3.6847,0x87...5a72,https://etherscan.io/tx/0x223a6b523f8189ff6c7245195d369afa7605b2ec1ae805ff08d46168cb4581dd
2023-03-26 18:33:11,True,0.08458,4.798e-05,14729.4,0.7067,0x27...0add,https://etherscan.io/tx/0x818975e1fd221a90e267a78a68f08d6885c936e7ed936789735f23e61c2a57b6
2023-03-26 18:32:59,False,0.08398,4.762e-05,1303.48,0.062,0x0e...eb5e,https://etherscan.io/tx/0xdecd45341848b409a9839f00f4a4f3b987d619a7ba6d4d5045fccaca94d3d193
2023-03-26 18:31:47,True,0.08432,4.784e-05,13679.8,0.6545,0xdb...f464,https://etherscan.io/tx/0x33803dc6ddb0cb5fa8dab83d466f396dd307d367f1b7925d95ebda7617c932f4
2023-03-26 18:31:23,True,0.08418,4.776e-05,2227.68,0.1063,0x3b...88b8,https://etherscan.io/tx/0x0c96d462019913cfe27b6baf8e4c83bd515042d06b547162b91f2cf768d49aca
2023-03-26 18:31:23,True,0.08412,4.772e-05,3738.27,0.1784,0x07...32b1,https://etherscan.io/tx/0xdfa58a1fa24e1436081346e8ecc29a34abd40b1b907e308b2b7f1896193d670c
2023-03-26 18:29:11,True,0.08406,4.768e-05,4554.36,0.2171,0xa1...d825,https://etherscan.io/tx/0x54271c33311cba04861e68653b9f6c56396932b3df94d6979fda6f2fa7a9ada8
2023-03-26 18:27:23,True,0.08401,4.766e-05,216.942,0.0103,0xd4...f0dc,https://etherscan.io/tx/0x5ca5344c4caa8fbd78f3fdde4104e42e377a9a8f1f50485c8eb76c247e365c58
2023-03-26 18:25:23,False,0.08356,4.74e-05,5000.0,0.237,0x61...dc3f,https://etherscan.io/tx/0xe6030e52dc5a150a0f78e2076743c6d7841f9006595957f78ff222d036c0bef7
2023-03-26 18:23:23,False,0.08367,4.747e-05,9724.16,0.4616,0x5d...9ed0,https://etherscan.io/tx/0xe484360a8454997db433fa4cae66a5e88e0adda6d2e984193fd5ea835ef7ab5b
2023-03-26 18:22:59,True,0.08425,4.781e-05,235.31,0.0112,0xc8...e768,https://etherscan.io/tx/0x3e780af2159363b6f8717feb54f2f945c316adafa68b7c056d061a5af7c0771b
2023-03-26 18:22:35,True,0.08424,4.78e-05,1191.55,0.0569,0x81...441c,https://etherscan.io/tx/0x59898bc6f3180216f830f9b9ea24489aa9ad1622c32913c2caebfc63ee4ffe46
2023-03-26 18:22:35,True,0.08422,4.779e-05,1267.47,0.0605,0xd3...c38b,https://etherscan.io/tx/0x98e49b39899e032dc996b0cd0d12d90b0f95ed5d666ee02db4ba095f56d2aac3
2023-03-26 18:17:47,False,0.08411,4.77e-05,39631.4,1.89066,0x46...4f84,https://etherscan.io/tx/0x7c04f1a98744dc6a8df2c02d3203fc83938ac37f7a1610583cfb8d21791fd09e
2023-03-26 18:16:23,True,0.08507,4.819e-05,947.299,0.0456,0x9a...d0cf,https://etherscan.io/tx/0x98c837892c9cda12db0ac22313552c62f2d2a4d97b9a706a4cec4932a1dead3d
2023-03-26 18:14:59,False,0.08455,4.792e-05,3325.42,0.1593,0x4f...9d12,https://etherscan.io/tx/0x7eff1ea31990332ff1a7fa42bde7c012bfcb713be58e93ddcd5f162df69045f5
2023-03-26 18:14:35,False,0.08468,4.799e-05,10193.4,0.4892,0x1d...bda4,https://etherscan.io/tx/0xbbd96d22bd913c6884fded6b82374bbe657ca4889088ee62adb97a2d970a2694
2023-03-26 18:13:23,False,0.08495,4.811e-05,13157.0,0.633,0xfa...422f,https://etherscan.io/tx/0x8ca90b5e8476024d5a899c31fb6081d0509eb4bea23cc5935a8c0429b2c16bd2
2023-03-26 18:12:11,True,0.08608,4.873e-05,1830.4,0.0892,0xe8...2b3d,https://etherscan.io/tx/0x405621d017f5badc902d5c8bf04b68109d561d9b2ad7e1cc63dc4a70ed1d91bb
2023-03-26 18:11:59,True,0.08604,4.871e-05,2034.65,0.0991,0x83...d069,https://etherscan.io/tx/0x189fcb08b135d5a37db8b5448eeddd8d8e2f1b47278db2ea81b4059eff9354a4
2023-03-26 18:11:59,True,0.0859,4.864e-05,12360.9,0.6012,0x3f...3a0b,https://etherscan.io/tx/0x8a4febf82d970a1dd0a9296f4df780e711ab90b7a262024ddba935d8156dd719
2023-03-26 18:10:35,False,0.08533,4.83e-05,4396.56,0.2123,0xd7...a3b2,https://etherscan.io/tx/0xee7b6fb4552351d89691e6cb8eef5a001790d0a8624a47698ac62b2ec66d263f
2023-03-26 18:10:35,True,0.08586,4.861e-05,2057.17,0.1,0x76...8fe9,https://etherscan.io/tx/0x67bdc21807ad391e5712a4d719427f119bfab20386ed258df7e9dd779adca613
2023-03-26 18:10:23,True,0.08581,4.858e-05,3087.5,0.15,0x36...599c,https://etherscan.io/tx/0x112fa2742a40d7db6c1145d7b9cee1a9ce8e898578dad6c68f0ab96c0cfe3ff2
2023-03-26 18:10:11,True,0.08553,4.847e-05,16357.7,0.793,0x60...55c2,https://etherscan.io/tx/0x5424d6b4eefc37cf428d5e78074d095e8a2a33bd59f2aa38839f6eb2af6a6f8a
2023-03-26 18:08:59,True,0.08535,4.837e-05,2356.6,0.1139,0x30...34d5,https://etherscan.io/tx/0xc3ad7408f72a6ff79f0e1aa1ac7b695ef4623d7365bc82d943500a60a604c710
2023-03-26 18:08:59,True,0.08525,4.831e-05,8144.84,0.3935,0x70...f392,https://etherscan.io/tx/0xdda58aa5d8213a5a284aa73ac1e8dc62afeaf8209f9e27d8b9c831366c8626f0
2023-03-26 18:08:47,True,0.08511,4.823e-05,6987.07,0.337,0x01...0423,https://etherscan.io/tx/0xf3a08bb56b6209636154088bd90cc041dba8d7861512214c4869cf2f1adb6e3b
2023-03-26 18:07:47,False,0.08469,4.8e-05,17283.5,0.8296,0xd5...9477,https://etherscan.io/tx/0x2a5f53e170a77fdfae725be9d9ce08c8f94a68a618a0a36e4b29044fc150d19f
2023-03-26 18:07:11,True,0.08531,4.835e-05,4528.52,0.2189,0x42...cf69,https://etherscan.io/tx/0x0a1242bf4c37222ef2a27bc580b067f7475fbe4b09a71e8e71cfc39412a5152c
2023-03-26 18:06:11,False,0.08478,4.806e-05,3117.65,0.1498,0x00...6bba,https://etherscan.io/tx/0xb22f27bf5d480c222047e9fafb012850c7d47be82abc9073504d4c44af98fa0b
2023-03-26 18:05:59,True,0.08522,4.83e-05,10971.2,0.53,0x85...7464,https://etherscan.io/tx/0xa9d7ab9120e3bd7d045f0c919bae3a22cfcc7db737acfdc0bfe4841035ab5e16
2023-03-26 18:05:35,True,0.08503,4.82e-05,9000.5,0.4338,0x91...dc25,https://etherscan.io/tx/0x18d6531268a692cc3a1810ff064727a51cc49bcc954701ac095566bc0c361706
2023-03-26 18:04:23,True,0.08493,4.814e-05,1164.82,0.056,0x71...3138,https://etherscan.io/tx/0xbe4dc8d206cb85bc42e85a6ed2649276e668c5e7954a52f58adbe044df707253
2023-03-26 18:03:23,True,0.08486,4.811e-05,5915.8,0.2846,0xdb...f464,https://etherscan.io/tx/0xc9afd4080d52c5ddbe6c8d398c9ca1a019e3e014a167648326305fd0199a8a32
2023-03-26 18:02:11,False,0.0844,4.784e-05,10562.9,0.5054,0x04...cf18,https://etherscan.io/tx/0xffe4f9bf7e6afc34ad9df1e6ec94e1a5fe8eb734302fb57f62e915974d793e4b
2023-03-26 18:01:47,False,0.08459,4.794e-05,7924.31,0.3799,0x00...6bba,https://etherscan.io/tx/0x81fdaf4403be2e152f6dbeffc6cd570450803de5bc44b4ef79e528d2b99abe9b
2023-03-26 18:01:35,True,0.08514,4.826e-05,1437.57,0.0693,0xd3...a691,https://etherscan.io/tx/0xa4434cfa6dd3194ae67b9dbc05aeebde3d46a6d0b3e80a8e1ff9955feda86e67
2023-03-26 18:01:35,True,0.08507,4.822e-05,5856.23,0.2824,0x3a...5ed2,https://etherscan.io/tx/0xd7d6e0428c8ba6fcb746909bc8cde32af895bdec02a22d5edcacb5a4944726d4
2023-03-26 18:01:35,True,0.08449,4.789e-05,56718.4,2.71668,0x96...d6b9,https://etherscan.io/tx/0x68bddfc4fa7cfae5cdbba8695298f0ab69e89f3280000fd9ade002e735465c0b
2023-03-26 18:01:23,True,0.08372,4.746e-05,26335.8,1.25,0xbc...fb3a,https://etherscan.io/tx/0x979f93a0105956319f185c79d2e35c06f3fe3e7491688cb46ce871f8408db5c1
2023-03-26 18:00:35,True,0.08346,4.731e-05,2115.87,0.1001,0xd0...bfc5,https://etherscan.io/tx/0x7aadfa58098f3d3eaae00e5526421f113bc5042a47e82345b0c71409ae0505a3
2023-03-26 17:59:23,True,0.08488,4.807e-05,39951.8,1.92066,0xbb...e746,https://etherscan.io/tx/0xd38f374363f802f3fa51aa4fa0ec375a4c9c5b79a30d8a808c6c1732214fc358
2023-03-26 17:59:11,False,0.08233,4.663e-05,3628.95,0.1692,0x76...7d5e,https://etherscan.io/tx/0xd2c3312f22d59c92d9db9ba6bc474dd826b1481a86abbaeaa26e50c1ed1769c0
2023-03-26 17:58:59,True,0.08296,4.699e-05,68743.8,3.23038,0xf8...8585,https://etherscan.io/tx/0x0e7a4c34114314efbac0ba87c8bc1309f66731e772f17b5b4959525d46c08d44
2023-03-26 17:58:47,True,0.08157,4.62e-05,6112.57,0.2824,0xc4...e412,https://etherscan.io/tx/0x7e3896d9799ebf34a9ac3eaa7dd2b993a67f9042cbabbedbca2bbcc4a238c97f
2023-03-26 17:58:35,False,0.08106,4.591e-05,3776.83,0.1734,0x4d...af55,https://etherscan.io/tx/0xb5f6bffa8edf6d17edd740a540d32599dd173b03a928d307e1531a75a52bf332
2023-03-26 17:58:23,True,0.08145,4.619e-05,30530.2,1.41047,0xdb...9adf,https://etherscan.io/tx/0x3e46c0d5cf7aaa92bbc2fee223be7b7c36e1cb124bfd7e2f3bc804bbeff042ff
2023-03-26 17:58:23,True,0.0809,4.588e-05,32689.7,1.5,0x7d...2001,https://etherscan.io/tx/0xc68a8e3766442f6220fda8b7014df18edf67834627ae9b48cf0af61f3c202793
2023-03-26 17:57:59,True,0.08037,4.558e-05,1539.36,0.0701,0xc8...901f,https://etherscan.io/tx/0xe1f9f4e20f84760ce8475f46ff5ba9ca9c14106d4289739689ad16104fab0270
2023-03-26 17:57:47,True,0.08035,4.556e-05,1097.27,0.05,0xa2...7b8a,https://etherscan.io/tx/0x52351cc6a4157416874af4ed5a16d5053100783ae2d1af066234f8f4ab97e8cc
2023-03-26 17:57:11,True,0.08015,4.545e-05,21999.8,1.0,0xf8...8585,https://etherscan.io/tx/0x6dc6aa8f7b0ae33084762e9ad03ed30dc2a1366eb1ee15c7e4fa919f763f04fd
2023-03-26 17:56:47,True,0.0799,4.533e-05,1985.06,0.09,0x24...d1ad,https://etherscan.io/tx/0x325e89a46da3e0062594b989d5bd9b124d0ae96a9a0fd58daba1b41a8e3a47ac
2023-03-26 17:56:47,False,0.07967,4.52e-05,31025.2,1.40256,0xc4...c224,https://etherscan.io/tx/0xdb706c09736c3df4fb340f1dc525c7dfe1bd28b15a2cf2556639d74df542b62c
2023-03-26 17:56:47,True,0.07977,4.526e-05,75398.6,3.41283,0xea...cc64,https://etherscan.io/tx/0x5c0e38f5fd3a73d069ef0e195b77bc75152b6f2d00cd24d067d4c769a54d361b
2023-03-26 17:56:35,True,0.07897,4.481e-05,18968.5,0.85,0x8f...c4b9,https://etherscan.io/tx/0x1ae02c910b50533a4e6fd83525defcd7a66f7ffcb3ace230d5aa525799cb056b
2023-03-26 17:56:23,True,0.07876,4.469e-05,5000.0,0.2234,0xdc...1232,https://etherscan.io/tx/0x25a58e967e80ec97ff8fa555cada2005f1f9b0330735c90bc37caaac1aa0e502
2023-03-26 17:56:23,True,0.07819,4.437e-05,64202.2,2.84872,0x74...8301,https://etherscan.io/tx/0x2cef08e6b8602be5fea64c1155efa0c463b850151e0a745aad87e6dca4b09b01
2023-03-26 17:55:47,True,0.07764,4.406e-05,2399.28,0.1057,0x17...e4b6,https://etherscan.io/tx/0x680bc4b216be69df356566cb63ddefbf5bce9583056e8f7fad9da0cc222e58bc
2023-03-26 17:55:35,True,0.0776,4.403e-05,2180.56,0.096,0xfe...b385,https://etherscan.io/tx/0xaddaee1b14a9064a2aae8a778077f2524c18b6dd50ab4bbb590dbe9b99769513
2023-03-26 17:55:35,True,0.07756,4.401e-05,3186.74,0.1402,0xc0...416d,https://etherscan.io/tx/0x883c0ad8d84967c60e041f2c3deaaf4f33c17692d7dee60c879b6881e9384b1c
2023-03-26 17:55:23,True,0.0774,4.393e-05,14795.9,0.65,0x4b...8811,https://etherscan.io/tx/0x63a6b18857135e5b02d849b391217547b26d1836a9942ef0006df5b38edfd842
2023-03-26 17:55:11,True,0.07683,4.362e-05,51768.6,2.25841,0x9a...c6fc,https://etherscan.io/tx/0x34fb2ec811f0a5682e21ea16a73fbd1e51889f6f6ee597b41f7d033c5c29cf5c
2023-03-26 17:54:11,False,0.07615,4.327e-05,33000.0,1.42819,0x8f...4bed,https://etherscan.io/tx/0x072b500d64b75021766b6d787542fa59076bd9fbd9dc211118f68394d026643e
2023-03-26 17:53:59,True,0.07694,4.366e-05,5251.4,0.2293,0x0f...2c34,https://etherscan.io/tx/0xc70f79f36858ebb8b8e483339224e529ed3ad369bdcfa7a94e3b3179faef6f38
