datetime,buy_order,price_USD,price_native,amount_token,total_native,maker,etherscan_url
2023-03-24 07:19:11,True,0.1095,6.045e-05,4918.79,0.2973,0x0e...a60c,https://etherscan.io/tx/0x3537046affb5fb4067b181cf9520b9f3f9cfc49bf0a73d8f82e529ecdc57ef67
2023-03-24 07:15:59,False,0.1088,6.006e-05,1200.0,0.072,0x38...507d,https://etherscan.io/tx/0x179f6e3cdc3b974ec8009438b9bdfc65d15570b17177bb69a9cf9d909458be13
2023-03-24 07:13:47,True,0.1094,6.042e-05,1820.45,0.11,0x1c...ea78,https://etherscan.io/tx/0x7185e936634a9cdc9babb4925347148113ca85d43653735320ea9d4fe9172a79
2023-03-24 07:12:11,True,0.1094,6.041e-05,164.709,0.0099,0x76...21e1,https://etherscan.io/tx/0xf709a0992a43150e57869d6b926e51580446eaa1563eec19ad5ea62eefb2dc3a
2023-03-24 07:12:11,True,0.1094,6.04e-05,897.876,0.0542,0xcc...b454,https://etherscan.io/tx/0xc1fb789d3ad6de8d84aa64225249b7600dfb62eb7d8fc9d97bc93203a258a869
2023-03-24 07:09:59,False,0.1087,6.003e-05,333.0,0.0199,0xaa...75e6,https://etherscan.io/tx/0x30d9b3b1a65cee807c709c382c02f7559e95e83ca010f90f67f613a5f4be48d8
2023-03-24 07:06:11,False,0.1087,6.004e-05,906.464,0.0544,0x2e...f345,https://etherscan.io/tx/0x3d04945bc914eae07f24cc7aff483bdc14d27e3e6943e592ef15f44415cf0b8e
2023-03-24 07:05:11,True,0.1094,6.039e-05,2712.09,0.1637,0xd8...3e40,https://etherscan.io/tx/0xf33db1812d0e4f6606357556b908ef8a198df4235cd53f0547bddc40e62ed51f
2023-03-24 07:03:11,True,0.1093,6.035e-05,2673.76,0.1613,0x79...e8bb,https://etherscan.io/tx/0x7d60ec81643d45988819f7d0aafb8a73f7f041a634596765c6b53cf56e6fe721
2023-03-24 06:56:35,True,0.1092,6.032e-05,622.486,0.0375,0x09...da6c,https://etherscan.io/tx/0x2880bbbc04bdd05345e088d8ac92fc5390c70853a8a0ec5b237ada2bb361753f
2023-03-24 06:56:11,False,0.1086,5.998e-05,3000.0,0.1799,0x97...942e,https://etherscan.io/tx/0x7e54da66e61aca106da2a9a1f83dab3bfc26e2f99fada21d037e86ecb87a54ab
2023-03-24 06:54:47,True,0.1092,6.034e-05,2775.93,0.1675,0x38...f461,https://etherscan.io/tx/0x55d59d879f4ea8567f0b6fb03838f47f5cf7d8bdbfca3374941db6b6ebb77fea
2023-03-24 06:54:11,True,0.1091,6.029e-05,4932.38,0.2973,0x84...343f,https://etherscan.io/tx/0x227c1af4ad41b80827b63459e1f65200d6ae6da05d9382148d329e04a69f6b7e
2023-03-24 06:53:59,False,0.1084,5.989e-05,300.0,0.0179,0x97...942e,https://etherscan.io/tx/0x8f6472950f7b0a5a2e02024ca99d6303982523ac83a63587bc613e845e771dad
2023-03-24 06:53:59,True,0.109,6.023e-05,3121.93,0.188,0xfe...0286,https://etherscan.io/tx/0x7866e9ec0ec77118f4c2f1ccd0c9f96a552e3a6121a1c797cffe593970af24a5
2023-03-24 06:50:47,True,0.109,6.02e-05,971.418,0.0584,0xb4...abee,https://etherscan.io/tx/0x2fa7c84fafdf65dee4b82f75c4aa5aaa49d17781c90700fca8ca2fc624d2c503
2023-03-24 06:50:35,True,0.1089,6.017e-05,3666.5,0.2206,0xdc...0d20,https://etherscan.io/tx/0x22fc41853d5a053d328015fca3bafd0ab042ae12dbaf2e52f140ad0a3985d3c8
2023-03-24 06:49:23,True,0.1089,6.013e-05,1181.0,0.071,0x4b...9d09,https://etherscan.io/tx/0x34347b5bf1a06bd6ebc4e494e3e0ea21be6dc87e4dae1140de23bb240739183b
2023-03-24 06:49:11,True,0.1088,6.012e-05,82.4327,0.0049,0xb4...abee,https://etherscan.io/tx/0xdb1c52b9a8bcec45ffedcc6236a4452af1c051f1809557530fb7ca9eb7a3da55
2023-03-24 06:47:35,True,0.1088,6.011e-05,1962.39,0.1179,0x75...7b0b,https://etherscan.io/tx/0xcf2cddd99663348bd557738a413e2c532b958869c89e030d7d5450230248a8d8
2023-03-24 06:47:23,True,0.1088,6.009e-05,221.079,0.0132,0xf9...0aec,https://etherscan.io/tx/0x910e7228c49a52400b45d58430738f590644ba85cf89a27e36743cdd09f9c4fc
2023-03-24 06:46:11,True,0.1087,6.002e-05,9248.07,0.5551,0x4b...9e74,https://etherscan.io/tx/0x686b3c337640e03953cc05618ef39572c7a530d8d666d849caefba430434a72d
2023-03-24 06:43:11,True,0.1085,5.994e-05,992.114,0.0594,0x20...f08f,https://etherscan.io/tx/0x15c76df51bc3ebb0bcbf9751d953de8bcc90c114d6cd1a05e8085e211d50686d
2023-03-24 06:42:59,False,0.1079,5.958e-05,765.0,0.0455,0xfe...3c4a,https://etherscan.io/tx/0x7418a11b21862e93d0e5d680187750d45bdbb7f30d71afbf9ab28676f3ee98f9
2023-03-24 06:41:23,True,0.1084,5.989e-05,7115.92,0.4262,0x96...60a6,https://etherscan.io/tx/0x9e7a789504f11096ab161c7c214c6d4f3782bbe217d2310e4a2185f0efc08b67
2023-03-24 06:38:59,False,0.1079,5.962e-05,19000.0,1.13292,0xe0...b437,https://etherscan.io/tx/0x95e0fd963b245db30f9d292dc10acd8d4cc687a3736ea89f85a7592bf1c9b37a
2023-03-24 06:37:11,True,0.1088,6.012e-05,329.734,0.0198,0x13...e4a8,https://etherscan.io/tx/0x675e1e66110d5eeb7830dc9b4054ef81bd586556850bdd7c70758e9da473112e
2023-03-24 06:36:59,False,0.1082,5.976e-05,700.0,0.0418,0x1c...a1f7,https://etherscan.io/tx/0x834576bc7022bb589469698a9e6bff68fb7af3681c460fbda45bbe6aca1c2ddc
2023-03-24 06:36:23,True,0.1089,6.012e-05,469.496,0.0282,0x64...2b0d,https://etherscan.io/tx/0x2df0b9818f2cf6df0c24a89306d2344b099c67427dfb4b4835bd42260bbdee1d
2023-03-24 06:36:11,True,0.1089,6.011e-05,857.386,0.0515,0x78...0663,https://etherscan.io/tx/0xcb36cbc483b9f9c70ada9514a430b52ed78e20f2e4eb3fc595b233b031d7a81a
2023-03-24 06:33:47,True,0.1088,6.009e-05,2829.02,0.17,0xe3...b792,https://etherscan.io/tx/0xc8264d76339d51fe65d13f91f74709c0d8a1bb8800faac7cbb7c1fdd14ae6633
2023-03-24 06:32:47,True,0.1087,6.006e-05,247.529,0.0148,0x12...7970,https://etherscan.io/tx/0x86c29b4e4f88cd7a7a5d5560905c6c8ccbb9fb6f8afc4955493257012741004a
2023-03-24 06:32:11,True,0.1086,6.006e-05,165.028,0.0099,0x4e...f1dd,https://etherscan.io/tx/0x9f0a28a691400859892eec36fa71603bde2ace1a732120034a6bd84264546910
2023-03-24 06:31:11,True,0.1086,6.006e-05,329.826,0.0198,0x64...2b0d,https://etherscan.io/tx/0x816c0a55f2d72b91d1232689e64002ba7bce8884eceeeb0714d57f7279b3dc44
2023-03-24 06:30:35,True,0.1086,6.002e-05,5000.0,0.3001,0x76...062d,https://etherscan.io/tx/0x03a79d812c700b31eeced42ca7eed4ff8dc6c3792a9d917274d740fe6eeb66c9
2023-03-24 06:27:11,False,0.1078,5.962e-05,233.735,0.0139,0x29...1361,https://etherscan.io/tx/0xcd49e527f5ecc0ebe0ae36302159ae8b61b981948ba149d2c5988a8d7ab53987
2023-03-24 06:23:23,True,0.1085,5.997e-05,1667.31,0.1,0xfe...04f5,https://etherscan.io/tx/0xcd60828b3209c54e2c948d82aff4612d1a3a39493b84b4a367dd6d404cce9ab8
2023-03-24 06:23:23,False,0.1079,5.966e-05,7711.44,0.46,0xd5...2bc5,https://etherscan.io/tx/0x7c39ac9075a8200046ec599d50e2af0c099307b09dde71dfa8295a23bf4c6c2a
2023-03-24 06:22:35,True,0.1086,6.007e-05,91.0235,0.0054,0x37...39b1,https://etherscan.io/tx/0xfb2ce5ed8905c8519bcb1f49d897e9cb947c25ddc0210641e4ac859293045e02
2023-03-24 06:19:11,True,0.1086,6.007e-05,247.161,0.0148,0x31...f30c,https://etherscan.io/tx/0x170f7ef71656751df315d734e97fbd99f3274646f74bf058c2023093d2b714de
2023-03-24 06:14:47,True,0.1085,6.006e-05,1650.41,0.0991,0x20...9700,https://etherscan.io/tx/0x7df2c819562b24774b9a3f36ec61d8e07300d499c045927043c2f5cfb673d370
2023-03-24 06:13:23,True,0.1084,6.001e-05,4566.91,0.274,0x5d...72a4,https://etherscan.io/tx/0x463770ce3017edcf77b2df78db4753dd702e10428f0e4f5adf159e04acfb928f
2023-03-24 06:09:59,True,0.1083,5.996e-05,2810.4,0.1685,0xcf...ddac,https://etherscan.io/tx/0x6b2536c511cb83a5ebe1000cdd15dc3c668fa5a8b478d092ccf7ea604ab17dc3
2023-03-24 06:08:11,True,0.1082,5.993e-05,1323.21,0.0793,0x2c...ea0d,https://etherscan.io/tx/0xcd609c4a1a8ccf0716ad0a4f9628311e338b54c04573b28568a5c4e71c5351bc
2023-03-24 05:58:59,True,0.1081,5.991e-05,507.235,0.0303,0x83...1846,https://etherscan.io/tx/0xe404042ef6bf62dd42c07cc45027315c1aca9f449b40314d3d07bbf3d6291693
2023-03-24 05:58:59,True,0.1081,5.989e-05,1825.32,0.1093,0xc8...015e,https://etherscan.io/tx/0xea1ca7abd6be40917137c11470586abeac67d0ca01544b4be45afcfefed05ad7
2023-03-24 05:58:47,True,0.108,5.986e-05,3394.65,0.2032,0xe3...80da,https://etherscan.io/tx/0x57eb9285d505a9b22f22caa1ee1764886531c6086b213a8d6df82f95c121b98a
2023-03-24 05:51:35,True,0.1082,5.983e-05,199.591,0.0119,0xf7...1bf5,https://etherscan.io/tx/0x3fc6e1e7e04c11ed6935fdde78938dfee38a66bb87f5cde8b50b92957a3ba829
2023-03-24 05:48:11,True,0.108,5.979e-05,5186.51,0.3101,0x7d...d11f,https://etherscan.io/tx/0x8678faddaf8c08035a9f640409aacc6cb4579ebb6ad700e5bb35bb0fea4d0afc
2023-03-24 05:47:59,True,0.1079,5.975e-05,233.947,0.0139,0x5b...0b96,https://etherscan.io/tx/0x06cd51000acee601338f3653fdad983bdccd1d16c16c35105863ba8b1c05741e
2023-03-24 05:44:59,True,0.108,5.975e-05,398.157,0.0237,0x4a...31ea,https://etherscan.io/tx/0x811539bc59f616a473face669770be5d43617ad7ae18bb8e200a341450052bbb
2023-03-24 05:43:47,True,0.1079,5.974e-05,418.45,0.025,0x3e...499b,https://etherscan.io/tx/0xa95d06f0bc2dca7d39728374a2c785c8794da3ea6b8e386d0e5de7399724f17e
2023-03-24 05:43:11,True,0.1079,5.969e-05,5862.83,0.35,0xa9...95b9,https://etherscan.io/tx/0x6dda8f0f0940c402c69d6ff2fede64baa689894307cf387930c6622eb03f469e
2023-03-24 05:42:35,False,0.1072,5.931e-05,2509.68,0.1488,0xa0...c505,https://etherscan.io/tx/0x78d109c1c97cba5207fadf0e47e0def3f43811e68b2049e7bbace12698f086d6
2023-03-24 05:39:23,True,0.108,5.967e-05,2000.0,0.1193,0xb4...6df4,https://etherscan.io/tx/0xd1442f7ed0b9c6f111d204b0b1a0909a91bbbce9cad5e8b8912fc80079c2b92e
2023-03-24 05:36:59,True,0.108,5.965e-05,498.459,0.0297,0xb8...fd88,https://etherscan.io/tx/0xf49e60fe0b71d149907005ea4aea82cca16a7b4910d84f9cce319f8c2c030384
2023-03-24 05:35:23,True,0.108,5.964e-05,2077.57,0.1239,0x43...7aa9,https://etherscan.io/tx/0x1ac503b7c3e49b320b2b4dc03e4ada60f7cb6b8d0fa79a1cb9b59f26c08cf972
2023-03-24 05:34:23,True,0.108,5.961e-05,964.352,0.0574,0xe8...9514,https://etherscan.io/tx/0x758807371d938975cb6859a74089608a231b510956f1e41bea9f49ec0fef6b7b
2023-03-24 05:33:11,True,0.1079,5.956e-05,6823.5,0.4064,0x53...ec68,https://etherscan.io/tx/0x86a60fcfb97dbcdb8ddcbee4a4092437343c315803e46b8ac3961f027919a621
2023-03-24 05:32:11,True,0.1074,5.929e-05,29936.1,1.775,0x1a...fcd9,https://etherscan.io/tx/0x7cd81b7801a10c2657b12c90c67c4aa08eac30160e82c4cd29b5ba4af482aa3a
2023-03-24 05:31:47,True,0.107,5.907e-05,516.804,0.0305,0x21...8814,https://etherscan.io/tx/0xfb63ba25f22f418dba4f542a6a2fb78872beeff949c047520c47b33a97717168
2023-03-24 05:29:47,False,0.1064,5.871e-05,301.394,0.0177,0xb2...3036,https://etherscan.io/tx/0x2fed21b01466442076330510dcefebd8d5e88d1fea806b2a8d8d15bc3bc84e4d
2023-03-24 05:29:35,False,0.1065,5.873e-05,1529.58,0.0898,0x58...10bc,https://etherscan.io/tx/0xc45ea8b7cf3dce837c4b9c2769f50f3ce8281e46fa3d460bde4ef2ad141a2a87
2023-03-24 05:28:47,True,0.1071,5.909e-05,60.5952,0.0035,0x7d...1645,https://etherscan.io/tx/0xb7b1fc1ff4e104299b310fbaefb77570b420410d2db607b18c0714c452cd0384
2023-03-24 05:27:35,False,0.1067,5.886e-05,17295.5,1.01809,0x43...0f75,https://etherscan.io/tx/0x7b448c540d374d14fbf83e053bb250f9dec9b00592ff0659b1b093a5e954f21a
2023-03-24 05:24:59,True,0.1075,5.931e-05,4177.99,0.2478,0xca...d5c6,https://etherscan.io/tx/0x188f93f6ca0d57f65e3fbb604829ae2d0aa7acc0c37b5a8f2ae5e258bfaca1df
2023-03-24 05:24:47,True,0.1073,5.92e-05,10547.5,0.6244,0xfc...1c43,https://etherscan.io/tx/0x11cf583e03fa1627c2b353d18cef332a04d427424945773b6630fdbc86920846
2023-03-24 05:21:47,False,0.1066,5.879e-05,2000.0,0.1175,0x9b...d27e,https://etherscan.io/tx/0xa730545ecc68cfad76338ee1d0ff2b9e00983410e2b9f7806cb4db8cd04ce2fe
2023-03-24 05:18:11,True,0.1072,5.915e-05,708.315,0.0419,0x2f...dcb8,https://etherscan.io/tx/0x6ad481603de8c31be53fdb063adec27d65525fb50ffa3c4b39665f0df4f01a0e
2023-03-24 05:17:23,True,0.1072,5.914e-05,129.279,0.0076,0x29...ff66,https://etherscan.io/tx/0x004426e715098b673bfcf8692c4b0fdd16a3940a49ce5ac66947182762b44e2b
2023-03-24 05:15:11,True,0.1072,5.914e-05,377.307,0.0223,0xbb...a69f,https://etherscan.io/tx/0xa0f3c10fb4d28040c371e56f9e1cec44eda2b6affaacf005f6fb7da7d42e2fef
2023-03-24 05:14:59,True,0.1072,5.913e-05,1189.44,0.0703,0x32...fc53,https://etherscan.io/tx/0x68c33d5059573588839441bc9d2ec8a715eec0191e45cf0cacc79df176e0c640
2023-03-24 05:12:59,False,0.1065,5.877e-05,101.0,0.0059,0x74...6455,https://etherscan.io/tx/0xb13d37b3e31c8a7bef10a3123c0144500c7ab42a97c56e6e0010175bc47e6393
2023-03-24 05:12:35,True,0.1072,5.912e-05,608.912,0.036,0x2f...1061,https://etherscan.io/tx/0x37898f395947e983584d8a5fa0621e1e563bae3fe76ac458f829bb807eaf0ce5
2023-03-24 05:11:35,True,0.1071,5.909e-05,2985.7,0.1764,0xfb...0cfa,https://etherscan.io/tx/0xde135f048433c3b28531d99f3fbb9b65569ff4a6c9a860c4c0d96ab4e78be000
2023-03-24 05:01:23,False,0.1064,5.875e-05,5000.0,0.2937,0x37...d13f,https://etherscan.io/tx/0x4ed618eab05e2c4a8035e175d7d82df71c767d035db9a2a294424074c7b72c79
2023-03-24 04:57:35,True,0.1071,5.914e-05,457.412,0.027,0xec...7b4b,https://etherscan.io/tx/0xb50f5bbb142b45c15e3485ee95da2928700c8bcc901700eb2a9d837c7a208419
2023-03-24 04:53:47,False,0.107,5.904e-05,35920.4,2.1209,0x55...1919,https://etherscan.io/tx/0x748bfd8ed7b36ff505e7bed1a6b1d6523880d16299ff7969ce12e91fe18c3555
2023-03-24 04:53:47,True,0.1081,5.965e-05,481.854,0.0287,0x59...9563,https://etherscan.io/tx/0xecea82f10f8ae02cc1fd70732723985a81ed505e29ffc6dc2efb01dc125966b4
2023-03-24 04:51:23,False,0.1076,5.936e-05,9500.0,0.5639,0x67...1812,https://etherscan.io/tx/0x7231cdcf3796031661c210ab01e66e3de04889bedd49f3511c7de1b23df3891a
2023-03-24 04:49:35,True,0.1083,5.979e-05,364.733,0.0218,0x93...342f,https://etherscan.io/tx/0xb262d96b7aa2d16a344871ca5c365b39b7e00f52f7a7798e3e03fe3b526e4aac
2023-03-24 04:45:59,False,0.1076,5.943e-05,100.0,0.0059,0x28...09f4,https://etherscan.io/tx/0x428060d891ef51b52de92ff5b669b8a31dbc12e3465b497bd24bca3739a8b5cf
2023-03-24 04:42:23,False,0.1077,5.944e-05,2500.0,0.1486,0xca...d09c,https://etherscan.io/tx/0x1d0f4383bff91b4a3b6b4cfd00af27e23f4b74e62d0f5635a970ee2bfdf92686
2023-03-24 04:31:35,True,0.1083,5.982e-05,414.244,0.0247,0xc2...cc72,https://etherscan.io/tx/0x6400cd02dca989ba39ebbfb27553f4e1a41acc6823820e6134694ffa43abe47b
2023-03-24 04:30:11,False,0.1077,5.95e-05,5568.16,0.3313,0xcd...94c2,https://etherscan.io/tx/0x00309999790b8bea48f06dc51d11d2c72e041f65c2846b4aa483e7c6292e8550
2023-03-24 04:29:35,True,0.1084,5.989e-05,858.932,0.0514,0xcb...98d1,https://etherscan.io/tx/0xb95604b6761f015443b498d7ec3bdbf0bf6c7c04d884348c3562fb6fcd9f5274
2023-03-24 04:26:59,True,0.1084,5.988e-05,567.994,0.034,0x5c...f383,https://etherscan.io/tx/0xa47fe95cb1f2f140b47f0b46f7a8f212e7f69b277b6496e59733113c6abe8fd4
2023-03-24 04:24:59,False,0.1077,5.953e-05,1843.89,0.1097,0x2e...f345,https://etherscan.io/tx/0x620308f880edfae62371ecd299dba7b99a78782b4df1c5000ca3c71dd50a0428
2023-03-24 04:23:59,True,0.1084,5.988e-05,2790.81,0.1671,0x37...0e56,https://etherscan.io/tx/0x8c57b17a7c952415bf5431abb46a66e1a72374fe399133a69e63f13d7570963e
2023-03-24 04:23:47,True,0.1083,5.985e-05,1772.06,0.106,0x3c...046f,https://etherscan.io/tx/0x3457415d09ade8df0ac608ea191be505a91f97a57f9137fbcf6929d40795d155
2023-03-24 04:23:35,True,0.1082,5.983e-05,835.643,0.05,0xae...02c3,https://etherscan.io/tx/0xd10b0952dbad879597916bf52c191bdf116f45d45a1f49f46c77a15b7f78c3e7
2023-03-24 04:20:35,True,0.1081,5.975e-05,10041.1,0.6,0x1b...363e,https://etherscan.io/tx/0xba90fd22803cc30b026497ef14196db46675b73c798d5f16d746ff34291377ad
2023-03-24 04:20:23,True,0.1079,5.966e-05,1862.28,0.1111,0xcc...f512,https://etherscan.io/tx/0x23823aef3a8283c7af2407468a2e4cb4116f8a9ee686189cc8da5cd11e85bf67
2023-03-24 04:20:11,True,0.1078,5.961e-05,4731.45,0.282,0x88...82e8,https://etherscan.io/tx/0xf83c7bfeb7eb9af152f5323733e1ce5046fbd90803f9ff44905fcc09899e2f25
2023-03-24 04:18:47,True,0.1078,5.957e-05,998.293,0.0594,0x1e...9f63,https://etherscan.io/tx/0xd5ebc71658d97c363deef02d1c7fb0242572f95e4d06007d3f867e5f484338f7
2023-03-24 04:12:59,True,0.1077,5.953e-05,4728.58,0.2815,0x59...9a6d,https://etherscan.io/tx/0x3442ab5a5b04cbbb3f60d2250ff5a728316f6bdb546c9db6b4eb1af3b54d98be
2023-03-24 04:12:23,True,0.1077,5.949e-05,1083.02,0.0644,0xbe...f815,https://etherscan.io/tx/0x9731a64975e179cf769e18f639e8dcb33c3de9a9a8456095f2cab784fe9bb275
2023-03-24 04:10:35,False,0.1071,5.914e-05,1750.0,0.1035,0x1b...73f5,https://etherscan.io/tx/0xf172773c577a46296971e42b44644845cfcc71223a3a68568bc3617665d2bdb8
2023-03-24 04:06:23,True,0.1077,5.949e-05,1849.33,0.11,0x79...c75e,https://etherscan.io/tx/0x6a248103287c3280f49297f3a3374fe29514b6a9c7aa2993544cd929fdedd19e
2023-03-24 04:05:59,True,0.1076,5.946e-05,3167.47,0.1883,0xdc...ff27,https://etherscan.io/tx/0xf187c2fc82495cd57d65946416c85aa7fd29fd47aa0bf069817f83d06b8b2172
2023-03-24 04:04:47,True,0.1075,5.943e-05,617.109,0.0366,0x1a...1118,https://etherscan.io/tx/0x6dcf1a7f774f31a0dac158dee4e542a9b3a2a03dd984b4ecf12113aee52fc3d0
2023-03-24 03:55:47,True,0.1074,5.931e-05,15636.1,0.9274,0xd1...adfc,https://etherscan.io/tx/0xeb44d812b2c7ed175877db8a4348e7a44aee9418ddc998712d28666305df5a5e
2023-03-24 03:54:47,True,0.1071,5.919e-05,401.873,0.0237,0x77...1bd5,https://etherscan.io/tx/0x828405eb9a64cebad15fe9bc350ad4f5b2099f316b0f30bae2fd0c59151d709b
2023-03-24 03:53:59,True,0.1072,5.918e-05,887.61,0.0525,0x10...004d,https://etherscan.io/tx/0x9d9948743ecf0b3361f72fe56c2329e07ffaf14bd83d81ab4c2a0cb7e0cff5dd
2023-03-24 03:50:35,True,0.1074,5.917e-05,467.329,0.0276,0xab...501c,https://etherscan.io/tx/0x0e90626766ea5c75481de082fb88fa903f5e35c25967e2894b65d7f83b9383df
2023-03-24 03:50:23,True,0.1073,5.914e-05,4693.0,0.2775,0xf4...f794,https://etherscan.io/tx/0x7c934039000c46cc0562677569b49cd6e912c8946628bb075408805a30f8da99
2023-03-24 03:39:11,True,0.1072,5.909e-05,1966.24,0.1161,0x90...4cee,https://etherscan.io/tx/0x4bfcc4aedcf9bb4325585f30520bed0b1b651d03eb4b67acee994a31ae8fb8e2
2023-03-24 03:39:11,True,0.1071,5.907e-05,839.005,0.0495,0x40...88b6,https://etherscan.io/tx/0xfd617d3c80e49257cb0a9437475752b8cbca4fc1882335d4429b05499e395508
2023-03-24 03:37:11,True,0.1071,5.901e-05,6668.96,0.3935,0x3b...0698,https://etherscan.io/tx/0x815c9f84b865432f045854a985b072f9ce296a65d0df5559b58f87e34b2acd9d
2023-03-24 03:32:59,True,0.1071,5.896e-05,537.929,0.0317,0xc3...8409,https://etherscan.io/tx/0xcb3b9fe1a72f98617e1a88e365aed370c1e1c1a236b2f330437437e83a53b602
2023-03-24 03:31:47,False,0.1067,5.876e-05,22272.6,1.30895,0x77...4180,https://etherscan.io/tx/0x2a997394702cde507ced04c0241716bf3118425c0cde0429bf3002d4316e0e68
2023-03-24 03:31:47,True,0.1076,5.927e-05,752.486,0.0446,0xab...55f0,https://etherscan.io/tx/0x841839ff411bd8ce8c7c91762ab86e47c7c3efcb3919bcb8e693f7d467e85d8f
2023-03-24 03:29:59,True,0.1076,5.926e-05,734.415,0.0435,0xaf...3b17,https://etherscan.io/tx/0xef9244e14edf4088962868cb32030fa945832ec9f2766754a62f706af11efb24
2023-03-24 03:28:59,False,0.107,5.892e-05,2500.0,0.1473,0xbb...9b93,https://etherscan.io/tx/0x637aeb37f81fb64ac649b907704f93928cf9b8d8c33631496043c180ab074925
2023-03-24 03:27:59,False,0.107,5.895e-05,991.25,0.0584,0xd8...6d08,https://etherscan.io/tx/0xd74b880443351c6706007284c6f46b16586d658e7be7a4bbe257fafc4e172a22
2023-03-24 03:27:47,False,0.1072,5.906e-05,16341.1,0.9651,0x55...1919,https://etherscan.io/tx/0x8fe1cd74a06b6674cf98dc917c2d47716d8e24fac03909a9f64617f4049bef34
2023-03-24 03:27:47,True,0.1081,5.954e-05,955.033,0.0568,0xe2...144d,https://etherscan.io/tx/0x6394d6b1bfa960b8ce3a40ce2c4b069963dd7f6d6b534aea730dd1a72dfd3b4f
2023-03-24 03:25:35,True,0.108,5.947e-05,8406.91,0.5,0x15...ba52,https://etherscan.io/tx/0x7ddb39e1a683abc566461c0dd3e0d681d8b7da76f44c6a268d037043a9678aec
2023-03-24 03:24:35,False,0.1072,5.905e-05,100.0,0.0059,0x7d...318f,https://etherscan.io/tx/0x37e7ac057a1152707cbff1882ec41338cc9ee0c55029524777a05f9158b8c18f
2023-03-24 03:23:23,True,0.1079,5.94e-05,1668.69,0.0991,0x66...7238,https://etherscan.io/tx/0x64135d6540abc3067e0ad148e0124afb8eed9efd163888422270de1033b75a25
2023-03-24 03:22:47,True,0.1078,5.938e-05,500.739,0.0297,0xeb...27ef,https://etherscan.io/tx/0x0882b661055cf0eb24daa8b836146ee378bbdc0d92fe9cda58b47b523b02a9d7
2023-03-24 03:21:47,True,0.1078,5.938e-05,166.927,0.0099,0x11...c9aa,https://etherscan.io/tx/0x9daf94b3ba42f5f06e96cdc6c298187c9208078a1507d26c4b3907812f01a518
2023-03-24 03:19:11,False,0.1072,5.908e-05,7608.09,0.4494,0xb8...ad4f,https://etherscan.io/tx/0xfe24035158fc82a1f553d3d644bad8c70ac8317a54c388cc661f7dec08f5616f
2023-03-24 03:18:47,True,0.108,5.948e-05,833.185,0.0495,0x72...2b33,https://etherscan.io/tx/0x1d7e9506b8f9ba40a85d343ae132ff66c8fce22a2ab51734a23b7e5677980f52
2023-03-24 03:16:23,True,0.108,5.946e-05,2167.08,0.1288,0x8e...e2b7,https://etherscan.io/tx/0xdf14607fd623a19264d26b53b9137518e36be8d650ef7183be60bf0d271178a2
2023-03-24 03:14:47,True,0.108,5.944e-05,91.6089,0.0054,0x30...3ef8,https://etherscan.io/tx/0x25f5479d217aafa985c99e2a7cede681645915e519b9f11f8d2e1a3576980f89
2023-03-24 03:14:11,True,0.1079,5.944e-05,907.201,0.0539,0x71...b09c,https://etherscan.io/tx/0x67bd4fe5e051fe1a9a546ac68c011ff9a99f41aef34f3c6460acc94673d30909
2023-03-24 03:13:11,False,0.1073,5.908e-05,500.0,0.0295,0x88...9162,https://etherscan.io/tx/0x4b586c0305d46fe34877a42be100e74656d1b1a0b0ce1a3f79bbae8e9342c85f
2023-03-24 03:10:47,True,0.1078,5.938e-05,7289.28,0.4328,0xd1...3c62,https://etherscan.io/tx/0x1f62a03850011e7b10ab22a1c833329b9cb72bb9133fa98f49a128f770274ccd
2023-03-24 03:10:11,False,0.1072,5.901e-05,5000.0,0.295,0x9c...c89e,https://etherscan.io/tx/0xea761ac9440f8573f56ab3e106c32e37e302899644f6ad06ed12b0ffce3e01c3
2023-03-24 03:08:11,True,0.1078,5.939e-05,1835.84,0.109,0x71...b09c,https://etherscan.io/tx/0xe8d1f16f7cb1d46e11f12651c97e03e935d7e4b5a09285e758e6bd1a6cd6fa0c
2023-03-24 03:07:11,True,0.1078,5.938e-05,91.7733,0.0054,0x22...314a,https://etherscan.io/tx/0x2a3a415ff9fc988901d14d8494f2b74323213e370266758cf1e7d7310a48af90
2023-03-24 03:04:11,False,0.1071,5.902e-05,600.0,0.0354,0x19...ffcf,https://etherscan.io/tx/0xe02eca0a7fe253b6ae2a2df03c65d6313f842cdba6809dc3e80226a11fa2fee1
2023-03-24 03:01:47,True,0.1074,5.921e-05,23218.9,1.375,0x62...3d69,https://etherscan.io/tx/0xa5d0ff7be442eeba2f11c301a18fd5f58fe64c4af8f694d6e4693a3a4372b3db
2023-03-24 03:01:35,True,0.1071,5.904e-05,503.619,0.0297,0x3f...bd4c,https://etherscan.io/tx/0x670edb4c94ba8af60e2ee99dd82887fa5bc2bf1cd9c5c3ee0e05e3e1c584a9ee
2023-03-24 02:59:59,True,0.1071,5.9e-05,4829.76,0.285,0x91...5ade,https://etherscan.io/tx/0x7c0fb12f7c705bea914c4f157faf5028635b03a5e8ff7fd4ee8ab8e5a5310d05
2023-03-24 02:58:23,True,0.107,5.894e-05,3872.66,0.2282,0xa2...f8e6,https://etherscan.io/tx/0xc5aace71b10fe3faed6f2eda0b3c36db1aec92542bae7fcda222643da14be4f8
2023-03-24 02:53:35,True,0.1069,5.888e-05,4622.68,0.2722,0xf7...6695,https://etherscan.io/tx/0x31ede133f752756d34a58afb7accd04f58f115c1c29bac15646435d8e535dd5e
2023-03-24 02:52:47,False,0.1063,5.853e-05,4593.38,0.2688,0xbc...bd09,https://etherscan.io/tx/0xf8db3b04ea5c981077e88c21e66f337f6eba45d79ce8e4fd27f2252b627f201f
2023-03-24 02:52:11,False,0.1064,5.861e-05,6698.43,0.3926,0x90...584c,https://etherscan.io/tx/0xadedc5412880b8e78924a1ddfdf6225bbae1a6cbfbf53100a79694ba49a5a93f
2023-03-24 02:47:11,True,0.1072,5.901e-05,313.362,0.0184,0xe0...1c97,https://etherscan.io/tx/0x81c4c0f939be5b7c6b7ec5951a68dbb7b2b644bac79c35147de290b79579ee99
2023-03-24 02:46:59,True,0.1071,5.898e-05,2889.1,0.1704,0x0d...0c97,https://etherscan.io/tx/0xc0235a6cf5c0931bdec5e544fe163974b553d5d8ccfdb31b62d841034faa5dc7
2023-03-24 02:45:11,False,0.1065,5.862e-05,1000.0,0.0586,0xe2...9836,https://etherscan.io/tx/0xb69a54314db867d7c06fe65741024b836ddb4212b37fcf7a9dd49d49f0449fb6
2023-03-24 02:44:35,True,0.1071,5.897e-05,1695.77,0.1,0x6d...3a98,https://etherscan.io/tx/0xffd7b9b227b6a0ade9e773f9cd32534432e3a317fe29af51b430da25e058a4ba
2023-03-24 02:42:47,True,0.1069,5.895e-05,153.152,0.009,0xf7...cb36,https://etherscan.io/tx/0xf4912bf32b99ac18a09f07fc1cc8c6b06c927c14609a01ecad32acebd3926b8e
2023-03-24 02:42:35,True,0.1069,5.894e-05,1681.69,0.0991,0x40...03d0,https://etherscan.io/tx/0x1a12185bcfb24c7bb8834e9af2111189f11752f5e5c3a42dff68ac9151e19ddd
2023-03-24 02:40:23,True,0.1069,5.892e-05,416.719,0.0245,0x30...268b,https://etherscan.io/tx/0x5d099b146d6f6b99eff26de7ad71d24d0e7920b636bd00af41246c5d6689b1f5
2023-03-24 02:38:59,False,0.1062,5.858e-05,1100.0,0.0644,0xf2...09bb,https://etherscan.io/tx/0x67a5e72ea0f0f775d7616b37963a8765b7f21ca382b03b23182a83085601f02e
2023-03-24 02:33:47,True,0.1068,5.893e-05,1620.49,0.0955,0x2c...24c3,https://etherscan.io/tx/0x1de495c12712f2d7971cc00d085a5257be72dcefd5b41b36170c5a060c060238
2023-03-24 02:32:11,False,0.1062,5.856e-05,260.22,0.0152,0xff...f3a3,https://etherscan.io/tx/0x0704f079c80c9ea215fb6aad0c24b3eca0488a9fff61bc65dc3c9c5766825cf0
2023-03-24 02:31:59,True,0.1068,5.89e-05,2473.75,0.1457,0x51...c0f0,https://etherscan.io/tx/0xa225f27a098a5bc3217f0f84119729c51ef4f58b7529a87fac108441e44dc96c
2023-03-24 02:30:47,True,0.1067,5.887e-05,1507.5,0.0887,0xa2...5a3e,https://etherscan.io/tx/0xb5cdc13434da2ca482970d775ca75ba755419f9ab2c6d0f75e1f578e1c71bc5b
2023-03-24 02:29:23,True,0.1066,5.884e-05,2379.03,0.14,0x75...d3fc,https://etherscan.io/tx/0x2dbcdaca46c224f2ba4154428390ece8d14cb3f0dd8fefa58461adb9b8807082
2023-03-24 02:28:11,False,0.1061,5.856e-05,12812.2,0.7504,0xc2...b42a,https://etherscan.io/tx/0x4fcf724e31aa99b1b913e4cb8d50eaeba12a7cb50616dc6c4a16c31d84747347
2023-03-24 02:26:47,True,0.1067,5.887e-05,18852.4,1.11,0x08...0788,https://etherscan.io/tx/0x047726c1d33f2a6cdda7f4059cf4e698a95e1226bb4e1b36b7d8e8844d4e1933
2023-03-24 02:24:35,True,0.1064,5.874e-05,372.938,0.0219,0x45...bdb1,https://etherscan.io/tx/0xf23b02a6c28b2f62daa28b36abfbc68a981882e0350efb60373d8b90be846cfb
2023-03-24 02:17:59,True,0.1062,5.872e-05,2363.29,0.1387,0x2f...243e,https://etherscan.io/tx/0xddb02aed2c7ecc8ff81cd6fb511c861e87f9fbddf425c03904606f4dc378bda1
2023-03-24 02:17:35,False,0.1056,5.837e-05,2684.0,0.1566,0x75...6ba0,https://etherscan.io/tx/0x9022b0a92fbb757053e37e4d115c2694ef5010a9e352994a2fd04f0535bb8fbf
2023-03-24 02:17:35,False,0.1058,5.846e-05,10454.0,0.6111,0x7e...3879,https://etherscan.io/tx/0xc04e79254e42cbedf9690a7278a15d1b7bc61e8c91d9d8b23bb5a24a0080fa4e
2023-03-24 02:16:11,False,0.1059,5.854e-05,400.105,0.0234,0x75...6ba0,https://etherscan.io/tx/0x67310b2f12f09a739159d28871c0b77959446a190d1d166b3a239641761e785d
2023-03-24 02:15:47,True,0.1065,5.889e-05,807.922,0.0475,0x8e...3ca5,https://etherscan.io/tx/0xa917fa7bbf9c57de727d2f800433aeeeb765abe8297b272f20fdb202fb25b26b
2023-03-24 02:15:47,True,0.1065,5.887e-05,1330.05,0.0783,0x3f...a62d,https://etherscan.io/tx/0x10ddd370c2d1eb259ed5ab57d6eb58c68939fa0f700c499c57e834395b5f934e
2023-03-24 02:15:23,True,0.1064,5.883e-05,3874.76,0.2279,0x45...1b72,https://etherscan.io/tx/0x3911d9ec94633506a820857217494ac3d88ae9905869246c54934a924122c10e
2023-03-24 02:13:35,False,0.1057,5.846e-05,1090.57,0.0637,0x83...b975,https://etherscan.io/tx/0x0601949fab6094f9f55d6e739422fbdc5312306c7e25a253872df620596d6637
2023-03-24 02:10:59,True,0.1064,5.885e-05,794.991,0.0467,0x5e...5c3f,https://etherscan.io/tx/0x2a789d88409e7c1974cdc5f4b2c5366e0a2842ca6be35ab557e25693e6d1db75
2023-03-24 02:09:47,True,0.1064,5.884e-05,936.671,0.0551,0x33...6620,https://etherscan.io/tx/0xaf5152a15c196cdda83a66768e3c5957ed7a90a1ac87f3c69a118e8ba33573d7
2023-03-24 02:08:23,True,0.1063,5.882e-05,891.922,0.0524,0x1c...064f,https://etherscan.io/tx/0x7d8179b561521843df4a6f2fe28f5dd00a8d486d1962731d793c7bb26da77b9b
2023-03-24 02:08:23,False,0.1057,5.848e-05,2401.22,0.1404,0x89...4e20,https://etherscan.io/tx/0x50a72239d6ec734d5015db8017430c921527724f8f884dae7b50111e4dbf791e
2023-03-24 02:07:47,False,0.1058,5.855e-05,7442.51,0.4358,0x76...7d5e,https://etherscan.io/tx/0xbcb95d4643bde88c30a2e22f5db8cdfccfb477d0fac7b4a90d06e7a21c7552df
2023-03-24 02:07:35,True,0.1066,5.895e-05,336.251,0.0198,0x33...6fcf,https://etherscan.io/tx/0x71f78fc489554c3c1b2e1554c9092ac9f6ba9afea62915fb60a6578aa31c9df8
2023-03-24 02:02:23,True,0.1064,5.883e-05,16996.9,1.0,0x00...bde7,https://etherscan.io/tx/0x4b346459a206c50ef2a8a84159ac2b7a350e1a461d9f3683aa82d4957c32db90
2023-03-24 01:59:23,True,0.1063,5.87e-05,827.356,0.0485,0x92...fa25,https://etherscan.io/tx/0x5be9589304441708fd47dc9ae6f31b8d25144222ea6c6fa11257fc37abc2cce6
2023-03-24 01:58:35,False,0.1058,5.842e-05,10000.0,0.5842,0xa1...ac02,https://etherscan.io/tx/0x4be019d6069cdbcb9a014dd17cc78384cdadcd3c1996be7b1e5d6ee6f3713741
2023-03-24 01:58:11,True,0.1065,5.884e-05,523.254,0.0307,0xc9...63f3,https://etherscan.io/tx/0xc4afa1d559a73162f7f2d05cd512aae96fa7c2bae661256f2e44702ba8b47d45
2023-03-24 01:58:11,False,0.106,5.851e-05,4800.0,0.2808,0xcf...116f,https://etherscan.io/tx/0xfc180dda452e3533af83d9f6ffc56231fa801def3e995b3d61ae58d6e93ae393
2023-03-24 01:56:59,True,0.1066,5.888e-05,2574.3,0.1515,0x25...137d,https://etherscan.io/tx/0xed15d6f1777385fc044377dbed70bcf6b4a295e06f707e75685a50acf78072d6
2023-03-24 01:56:11,True,0.1066,5.886e-05,384.744,0.0226,0x42...cf69,https://etherscan.io/tx/0x5682a063f206bdd83721d497171e3ec6fea17285432ad9ece8885e677994f1dc
2023-03-24 01:55:11,True,0.1065,5.884e-05,2863.83,0.1685,0x29...0850,https://etherscan.io/tx/0x8f69e1decc722025a7edc9fcabdb8395acc2319c8ac60af82be64b61141286e7
2023-03-24 01:53:47,True,0.1065,5.88e-05,2891.14,0.17,0x27...3fea,https://etherscan.io/tx/0xa30fe9d4d7ab0b54c81566497398c197d872c20ca578dd43a0d5eda6def1ee0a
2023-03-24 01:53:47,False,0.1058,5.845e-05,3668.35,0.2144,0x6d...f87f,https://etherscan.io/tx/0xf57013caeb12357afff3bda3e48f2ee4f06a9d08d12c7dff2a8b5432901da2aa
2023-03-24 01:50:59,True,0.1067,5.881e-05,2022.35,0.1189,0xee...0319,https://etherscan.io/tx/0x241beb3e5b0ff8b26df7f1e96c0b2309c5b48014352209da95f11d25e754a621
2023-03-24 01:50:35,False,0.1061,5.845e-05,1000.0,0.0584,0xad...d064,https://etherscan.io/tx/0xf44061849bb74dbe8ed1ceaff9190664d3c889ec15c0e031021dd15036dd8831
2023-03-24 01:48:47,True,0.1067,5.881e-05,778.35,0.0457,0x52...fdf6,https://etherscan.io/tx/0xd5cb439bf983a7e49742428237e246e7c7ec26fa0508636480e038df92435aa8
2023-03-24 01:48:35,True,0.1066,5.877e-05,4764.17,0.28,0x2e...f345,https://etherscan.io/tx/0x7eebf961808805ff6ae77c316cc64a2c443d72ad9c2cea0d60ebb1462f3bd23c
2023-03-24 01:46:59,True,0.1064,5.863e-05,14325.8,0.84,0x2e...f345,https://etherscan.io/tx/0xdb0c98c7e012cd9f7e4d0b8a4cde94a53f1808288aa8409c222faffcb24f5a83
2023-03-24 01:46:11,True,0.1062,5.85e-05,4235.87,0.2478,0x05...6367,https://etherscan.io/tx/0x420532e91063b7ce408228b09001f517cf3cb87724e6f41277c521ecb91d98f8
2023-03-24 01:46:11,True,0.1061,5.847e-05,372.526,0.0217,0xd7...202a,https://etherscan.io/tx/0x54d26327f816a3888d46f880b36023fbe801d8114c9779e5af4596fe93bbe23b
2023-03-24 01:43:11,True,0.1061,5.845e-05,1526.12,0.0892,0x2f...1787,https://etherscan.io/tx/0x5763a212186f94b2105006d4be8741bb6b01277169145e371d427592599c9830
2023-03-24 01:41:47,True,0.1061,5.844e-05,427.766,0.025,0xb5...b638,https://etherscan.io/tx/0x88571877ebb2a7e483685d2eebe949bfcc1d06e3f909c491fe2561c31e2f4525
2023-03-24 01:41:23,True,0.106,5.839e-05,6850.32,0.4,0x2e...f345,https://etherscan.io/tx/0xb7b95197b54c2f2dabc66053064ed98fca900076b9a78cd205a2cea57e818936
2023-03-24 01:40:59,False,0.1053,5.801e-05,2836.22,0.1645,0x06...b09a,https://etherscan.io/tx/0xddfced4b313ff68072e16ef987a9098c9f1204d4c742798013fc63e3c02a8ba4
2023-03-24 01:39:59,True,0.1059,5.836e-05,2837.42,0.1656,0xbc...3018,https://etherscan.io/tx/0xd4b4750a536962fd32da91fa8080a5d5538ccbf9fe766f9d1e6e4b8af6d5279e
2023-03-24 01:39:35,True,0.1059,5.834e-05,336.176,0.0196,0x5b...499a,https://etherscan.io/tx/0x4ee1605ca95553a88118c10893320621d7fb63c66a8617fa11b4f4957192e19f
2023-03-24 01:39:35,True,0.1059,5.833e-05,1002.9,0.0585,0xb5...b638,https://etherscan.io/tx/0x49ec766e26389b25f92787a8b730ed38e4f537706fd58c330c387771dfa1ee71
2023-03-24 01:38:11,False,0.1054,5.806e-05,12420.9,0.7211,0xff...8cea,https://etherscan.io/tx/0x95fb349210dae6c8e794affc8cadba10553ac3dbc27f6d3b9cbd7439ad5120f7
2023-03-24 01:36:11,True,0.1062,5.849e-05,1186.29,0.0693,0xde...4fee,https://etherscan.io/tx/0x10c4df43a4e0183b4127672473ffbfb9c55f450ced706bd99e47c344635a0190
2023-03-24 01:35:47,True,0.1061,5.845e-05,4118.29,0.2407,0x6e...289b,https://etherscan.io/tx/0x3fd3de9188e96a89abffe0a1232d87a29498e426bc3416d870c3364b1ce5a99d
2023-03-24 01:35:23,True,0.106,5.841e-05,1204.79,0.0703,0x27...fdb1,https://etherscan.io/tx/0x73e2d93551cfd20c7fc66f4127a7e306d937bc88894d95fb63faa2393eac6929
2023-03-24 01:33:23,False,0.1055,5.811e-05,8766.97,0.5095,0x17...e35c,https://etherscan.io/tx/0x4832c235b487edd384d3da2b9cf4c5393504022052c4e7520d6aa29181fa417c
2023-03-24 01:31:35,True,0.1062,5.852e-05,284.265,0.0166,0xf2...7c72,https://etherscan.io/tx/0x3432bb9234a5a399ecccaf4bfe4ea6c86ceacc2ba99dd8583ed8a2caeae635b1
2023-03-24 01:30:23,True,0.1062,5.85e-05,3592.46,0.2101,0x6e...289b,https://etherscan.io/tx/0x67e2b98c94966dc99b6b580d71835fe3c8c8ebb16ef1f1c6727716cd8d6f4d72
2023-03-24 01:29:35,True,0.1062,5.847e-05,930.526,0.0544,0xec...2cf6,https://etherscan.io/tx/0xe99ed3ea6e65986b568f2c0ca4b1d96047dfb36cf12c4d77c476f4e1aff32aaf
2023-03-24 01:27:23,True,0.1062,5.845e-05,864.805,0.0505,0xe8...f8f5,https://etherscan.io/tx/0x2064d134f9518a0bfac4292b255d7f31e918eafe43da6cf15e1c058e21374570
2023-03-24 01:26:11,True,0.1062,5.844e-05,877.561,0.0512,0x42...cf69,https://etherscan.io/tx/0x387f1e045651a18db58f041ae4995aecf28f9d9fad4d23292462a57caa6d9ed5
2023-03-24 01:25:11,True,0.1061,5.843e-05,754.548,0.044,0x42...cf69,https://etherscan.io/tx/0x822d5672b776c163be85a14d4afb39844b0fdbf53a8ed44d7b39b3d32b04976c
2023-03-24 01:24:47,True,0.1061,5.842e-05,512.19,0.0299,0xff...f95b,https://etherscan.io/tx/0xb954fa5b77cb504a6066971421d9010c24d0d9e9a2c8a47213f1190bf586a703
2023-03-24 01:23:47,True,0.1061,5.841e-05,509.059,0.0297,0x0a...2f2d,https://etherscan.io/tx/0x088662857799bfd4c97082ecb4b0b69997c78f645998c5f93c9212a17d0be04b
2023-03-24 01:21:23,True,0.106,5.84e-05,1119.64,0.0653,0x5f...6367,https://etherscan.io/tx/0xfea85b271037782c9e51b6bef1fca91f51ddbdc7f9d8d2b047cb4b7534eb1d98
2023-03-24 01:20:35,False,0.1054,5.806e-05,2133.0,0.1238,0x34...e12d,https://etherscan.io/tx/0x643dee502be12c369f1e9b82a08b2ba42adacffc2f08469126e227107230ec82
2023-03-24 01:17:59,True,0.106,5.842e-05,848.364,0.0495,0x3b...dbb3,https://etherscan.io/tx/0xe50b6a84345adba9c5bc0ff460ea7a337f90d01ff7827a3d2bf651029c05fdba
2023-03-24 01:17:59,True,0.1059,5.839e-05,3038.56,0.1774,0xe5...1be0,https://etherscan.io/tx/0xdfbc51e5b13ceaefaf6f361fb39771e4bcee607460265fae5b447e1385a93450
2023-03-24 01:17:11,True,0.1059,5.836e-05,1188.88,0.0693,0xd2...c859,https://etherscan.io/tx/0x16c1aefdd742c83509302a6a6acd8edec6f375db85e344c960a22f7811473373
2023-03-24 01:16:23,True,0.1059,5.835e-05,718.49,0.0419,0x81...6852,https://etherscan.io/tx/0x291e86efed70c5a587e8a1ed8b655571be8ef700a1d82de51576e0a6267ca6ab
2023-03-24 01:15:23,False,0.1055,5.813e-05,19895.2,1.15663,0x3f...5ab2,https://etherscan.io/tx/0x271841eb98f2b74c8442b38b149310a6e6448fc67da84ab562bc95c3b101abd1
2023-03-24 01:13:35,True,0.1064,5.862e-05,232.527,0.0136,0x87...1893,https://etherscan.io/tx/0x87e67bae2914c806c2ca0d2068ae108c155f67b781ac29842c9d486896bcb425
2023-03-24 01:13:23,True,0.1064,5.862e-05,71.0168,0.0041,0xfd...ee1c,https://etherscan.io/tx/0x72e7f5d19eed6915f1798bbbcf1e67922896d37fea4ccbd1289b9086eb758dbc
2023-03-24 01:12:59,True,0.1063,5.859e-05,4398.68,0.2577,0x62...5c39,https://etherscan.io/tx/0x3f790d2ccbed4da23994ec2f2907d6ff65ab1d5e8c9b04787eae525e9b211db8
2023-03-24 01:12:35,True,0.1062,5.855e-05,389.34,0.0228,0x5d...8de1,https://etherscan.io/tx/0x3f6b7e19766055361363ec7cd7209b1405a35bda0b928fcff9af8862eb8f7fca
2023-03-24 01:12:11,True,0.1062,5.854e-05,735.37,0.043,0x4f...96ff,https://etherscan.io/tx/0x413ea2cd9bc747ad60340bdeb3c2fc736340d73edfe06bf96094a3b487bbb13f
2023-03-24 01:11:23,False,0.1057,5.825e-05,8091.95,0.4713,0x2e...f345,https://etherscan.io/tx/0xf069cd5df8eec89cfea69b566a1563fde8cbe7cade83702fb1016b563979a1da
2023-03-24 01:09:47,True,0.1064,5.864e-05,2557.94,0.15,0x90...59d9,https://etherscan.io/tx/0xcaa9a905fdf554fda8334a0142e8bf77701fb06cb694b285204ecd34709721c8
2023-03-24 01:09:47,True,0.1063,5.86e-05,2790.93,0.1635,0x4d...a8db,https://etherscan.io/tx/0x3098de4a272fbc1c3fab7dd86fc98ed8dfc7848bb4c8cdb0ac51c382103b6770
2023-03-24 01:09:35,True,0.1061,5.846e-05,16955.4,0.9912,0x17...1787,https://etherscan.io/tx/0x6cddd3c92793f0dd935a1501c2b1fddea65e638511f8d0697c75ecf65b4576b2
2023-03-24 01:08:59,True,0.1058,5.831e-05,3739.58,0.218,0xe0...05b1,https://etherscan.io/tx/0xd8b300c473bddce1571966e9e43b024b252719649c6973f935c0c1ecd6f51f46
2023-03-24 01:08:11,False,0.1051,5.795e-05,1600.0,0.0927,0x7b...d399,https://etherscan.io/tx/0x38b15e633daab1884a42feb90c8c857f4e4b0cddb731b3f90a56a0bb506c16f5
2023-03-24 01:07:47,False,0.1057,5.826e-05,42698.1,2.48775,0xa4...9a95,https://etherscan.io/tx/0x1c2349568a541556a789e9dae33391a9931f2c942fd7f4760788c7d3539ade39
2023-03-24 01:07:47,True,0.1069,5.891e-05,138.805,0.0081,0xf4...7d7a,https://etherscan.io/tx/0x14baa4c17e5a47758a7828b6d018c1ab644b24843134f21b55495838ea55a51b
2023-03-24 01:05:59,True,0.1068,5.891e-05,168.249,0.0099,0xd4...6861,https://etherscan.io/tx/0x63ab930256149c0cdf7d9fe333731fc100c80aded7bdd39727fdb5cb707f95e7
2023-03-24 01:02:59,True,0.1068,5.885e-05,8421.26,0.4956,0x67...b686,https://etherscan.io/tx/0xae727b734d5b0d2bbf124be34ca193b4db1d06245a5f208a21eb0ed0713c3a3c
2023-03-24 01:02:35,True,0.1065,5.873e-05,8438.59,0.4956,0x1f...9210,https://etherscan.io/tx/0x5952e577f8f614cdc21ec9b664aec33d19fa4b599bd829158f07f6a29fe63d5d
2023-03-24 01:01:35,True,0.1064,5.866e-05,855.541,0.0501,0xf7...8f8c,https://etherscan.io/tx/0x3d6059e9b50c7666fb135fe99c9e599d0177eb25c2ec4074c3997090db37dbb2
2023-03-24 01:01:23,True,0.1064,5.865e-05,422.473,0.0247,0x56...492c,https://etherscan.io/tx/0x9f989216dc30c445fadb11061979037eb5c0530286d229fe0c4f2729539858a7
2023-03-24 01:00:23,True,0.1064,5.863e-05,2366.65,0.1387,0xec...d568,https://etherscan.io/tx/0x1c23f5349a56128cf19bca563bcd13f691fffa3dced246c213716b5114058d97
2023-03-24 00:58:23,True,0.1063,5.861e-05,980.869,0.0574,0x2e...0aa2,https://etherscan.io/tx/0xcbf9345286fb6a1562547290b717875601633f16d228262c246cc67883d8ef27
2023-03-24 00:57:59,False,0.1057,5.826e-05,550.0,0.032,0xaf...d953,https://etherscan.io/tx/0x8f137fcfa9d804fa0edd4c39a7910e33255765f35b76eb83c132af7c0ceae575
2023-03-24 00:57:47,True,0.1063,5.859e-05,2510.82,0.1471,0xd2...766d,https://etherscan.io/tx/0x11bacc4716ec3bcf9ca54dd267b0d20f069f094fadb44ede1091106886f8817c
2023-03-24 00:55:23,False,0.1057,5.826e-05,4718.85,0.2749,0xb9...a608,https://etherscan.io/tx/0x5edc1634566e2a6ff931eec1b399fe2157cd4ceee50d5e3f90ad3a2fcd874c3c
2023-03-24 00:50:23,False,0.1058,5.829e-05,563.07,0.0328,0x63...003d,https://etherscan.io/tx/0x5c6958b0568f5e3d946e9b4393d06b6522c27739b66db43c55b0b0a47a2082b6
2023-03-24 00:49:23,True,0.1064,5.865e-05,507.03,0.0297,0xfc...5f52,https://etherscan.io/tx/0x62ed503895dd18d90f411a35f6f04dc2658ef9e98429c13d69e229f55e25e2ee
2023-03-24 00:49:23,False,0.1058,5.83e-05,1575.0,0.0918,0x18...06f2,https://etherscan.io/tx/0xb7d4be4015a19f4ec48b8d966e410967cfa9e1c68127f0e196a423c7c68b1937
2023-03-24 00:48:35,True,0.1064,5.863e-05,4406.16,0.2583,0x3d...53f6,https://etherscan.io/tx/0x3838508e27b7a4b694e8b930bf66b9637cc7b2d5b0f839ccfd2664052d56d8b1
2023-03-24 00:46:23,False,0.1058,5.832e-05,10000.0,0.5832,0x44...4bb5,https://etherscan.io/tx/0x2a44a87a6799550ddcd26b9cee193fcce8f0c4e5800a5250c17d7c6ca8335848
2023-03-24 00:46:11,True,0.1065,5.87e-05,6257.04,0.3673,0x0d...e656,https://etherscan.io/tx/0xcb2bc2957468af6722ff7f4105404efccf1ba16b75833e59b11fb48347989818
2023-03-24 00:44:35,True,0.1065,5.865e-05,292.135,0.0171,0x2e...f345,https://etherscan.io/tx/0x91cbf9bf58ef719ddb3c9c764a4e049cd63dee1bb11e33473b28e5fe9f279801
2023-03-24 00:42:11,True,0.1065,5.865e-05,388.71,0.0228,0x96...96b0,https://etherscan.io/tx/0x76350839d9d578c2aee21ddd133f0231d35e2d8f976ced08d0e3dd58f2d2ba43
2023-03-24 00:40:23,True,0.1065,5.864e-05,1352.32,0.0793,0xda...4cf3,https://etherscan.io/tx/0xafcb60e25d7212fc8c04a90f43a38ea3028aa55b2d25c91ba87fb6716bebc3f8
2023-03-24 00:38:47,False,0.1059,5.828e-05,1000.5,0.0583,0x93...7c5c,https://etherscan.io/tx/0xd4e944b742f152484293accb14828018b466b81e03e491f82b6e13383b650fb6
2023-03-24 00:38:35,False,0.1059,5.832e-05,4442.27,0.259,0x78...2bfa,https://etherscan.io/tx/0xd15b79ea596463651a82480d70b0deec3f66b17ac81a09ffb8a814fe0fa42a4f
2023-03-24 00:38:35,True,0.1065,5.87e-05,793.647,0.0465,0x34...5f2d,https://etherscan.io/tx/0xb1e904c7c888b618caea1a36e2b5d37937b0fd7ed264e8207ec44be3b0412a20
2023-03-24 00:37:59,True,0.1065,5.866e-05,5069.45,0.2973,0xc8...0fb7,https://etherscan.io/tx/0xadae96d46eea009c0cdcfe431d6e0c1f87d43a85eae82001c1170806d9fceb93
2023-03-24 00:36:35,True,0.1065,5.861e-05,1559.9,0.0914,0x15...9535,https://etherscan.io/tx/0x699e586337cce1a6e2961e2f1201734294f6921b30a9607efad7ec78a9de7d50
2023-03-24 00:36:23,True,0.1064,5.86e-05,169.154,0.0099,0x35...8659,https://etherscan.io/tx/0xbad4a5274dd8eee4b7aa82a800c25edba71cdd30650a4fd6f8c35c47ebb14389
2023-03-24 00:34:23,True,0.1065,5.859e-05,1207.33,0.0707,0x94...b496,https://etherscan.io/tx/0x450636b4bcf1fe5675960b35587a223dad8652d1a84acfff5ef88a1b729d4f64
2023-03-24 00:33:23,True,0.1064,5.856e-05,1912.48,0.112,0xe4...174c,https://etherscan.io/tx/0xfa8c4774e200d1167b5785ea32a49e7cd5124d8c75ceda608f05bc822874fda4
2023-03-24 00:32:35,True,0.1063,5.854e-05,1708.16,0.1,0x5a...5b06,https://etherscan.io/tx/0x1809c7b87281780cf24d1fcad044b45c9cb79e0ed3ff9abf8a66becbf6c31fa6
2023-03-24 00:32:11,True,0.1063,5.852e-05,437.88,0.0256,0x2b...a154,https://etherscan.io/tx/0x17778b5006080e6ca969878fdb7285d235fd38721193216159568cd1b838a206
2023-03-24 00:30:35,True,0.1063,5.849e-05,4445.01,0.26,0x09...fcb7,https://etherscan.io/tx/0xe07383dac9cd39e5fb7df1ad3a48b646f315413f632014dd21f3bf1543feda18
2023-03-24 00:29:47,False,0.1056,5.814e-05,5000.0,0.2907,0x09...e790,https://etherscan.io/tx/0x105b48893a7a965ebb05b0ceece1f49cf21797083fd05194ad558fc2c54f03b9
2023-03-24 00:29:47,False,0.1058,5.824e-05,8970.7,0.5225,0x18...68a5,https://etherscan.io/tx/0xfbf0c8be9c75c38a77ebca0d95d509bdead3cfbd13282785339afa81cb94e7d8
2023-03-24 00:28:47,True,0.1065,5.865e-05,912.613,0.0535,0x5b...abc9,https://etherscan.io/tx/0xd206a5c6540463c218051063d0c7ca60bf742ee1ae76c83c8b72fd7a4a5ebf66
2023-03-24 00:28:11,True,0.1065,5.861e-05,4669.42,0.2736,0xcf...9a5a,https://etherscan.io/tx/0xb9b361fc9017a7728906715cb2e25feb79bca7775945937fc623625f3c6a4f69
2023-03-24 00:27:47,True,0.1065,5.857e-05,846.154,0.0495,0x05...e293,https://etherscan.io/tx/0x13c02ccb3d4c19d35743337e3798ee305c371356ed68312e8f847cb067c5578c
2023-03-24 00:26:35,True,0.1065,5.856e-05,604.234,0.0353,0x10...126a,https://etherscan.io/tx/0x6dbfbb880d924f29f24999e2dcb1809466b9fe99471a384627e8c8e260716962
2023-03-24 00:24:59,True,0.1063,5.855e-05,391.071,0.0229,0x82...ec39,https://etherscan.io/tx/0xc060fd5f4580662f0e2efba220d53feee264dd3ec9619cf17b3835dea4ac5612
2023-03-24 00:23:59,True,0.1062,5.853e-05,2709.52,0.1586,0x08...b923,https://etherscan.io/tx/0xd2235d20524c2cfed4ff8982765f23dfceba73173b05285df74bd6904d574d3a
2023-03-24 00:23:11,False,0.1057,5.822e-05,9000.0,0.524,0x83...f511,https://etherscan.io/tx/0x54de02d991aec8894bbf3aa17ab49bd05696a4ec05d5453eca16612e31ba9ccb
2023-03-24 00:21:47,False,0.1059,5.836e-05,10409.3,0.6075,0xd5...9477,https://etherscan.io/tx/0xb632c64ea21dfb3ec5a037e41d89d3469af06273a4164bf1165be3a732170239
2023-03-24 00:21:23,True,0.1066,5.872e-05,9264.93,0.544,0x2d...0d2d,https://etherscan.io/tx/0x4ae1d1ed0e4735db3c08d7e711ab22ba8cc9251deee06aec55ec438ae728c952
2023-03-24 00:21:11,True,0.1061,5.848e-05,25025.3,1.46349,0x82...b667,https://etherscan.io/tx/0x14760eca2722656977b03734581daae6b1dd5f93d8c2b0df5adea5d172b8b7db
2023-03-24 00:20:35,True,0.1057,5.825e-05,6543.42,0.3812,0x72...3569,https://etherscan.io/tx/0xd09e06102eb8a7f0f5472bbfb17c87c7807aced867bec3d5a9680fcb45cdcd88
2023-03-24 00:20:23,True,0.1053,5.804e-05,23630.8,1.37162,0xea...56b1,https://etherscan.io/tx/0x0a3e8ef19634c02af085f8f1a24b16f545bc3e5088659098ca20b49fcd85948a
2023-03-24 00:19:23,True,0.105,5.785e-05,2826.84,0.1635,0xc3...39c7,https://etherscan.io/tx/0xa8412216fed2c01d8e3835a4b9397fb0ba8c812342359f2d027502e4e022f561
2023-03-24 00:16:59,False,0.1046,5.755e-05,8727.66,0.5023,0xd6...95dd,https://etherscan.io/tx/0x34353b8818d8d29b3a97d7790e20ca10cb9931c5f504fcac888a8deddcd28a5c
2023-03-24 00:15:59,False,0.1045,5.764e-05,5000.0,0.2882,0x65...eef7,https://etherscan.io/tx/0x0ccc5ab468adc1e7a8fd020c251faa76c83b8326cc92013f0d99d0b477e98ea2
2023-03-24 00:15:11,True,0.1051,5.802e-05,1011.21,0.0586,0xd3...746e,https://etherscan.io/tx/0xb62b2a183919d272b9d329c59fd6f06540d3116416ac2409265ad0ab4f8d910e
2023-03-24 00:14:59,True,0.1051,5.801e-05,622.204,0.0361,0x4f...56dc,https://etherscan.io/tx/0x624c1eb2310bd454eb0f7494f90d9e0042e39632123122b9c610efd05d4926b3
2023-03-24 00:13:59,True,0.1051,5.8e-05,991.241,0.0574,0xdf...80f8,https://etherscan.io/tx/0x339d79d9c1b6135a54da0306bfee28a464a1ab9c06a419f8ce32a948f4fd63dd
2023-03-24 00:12:11,True,0.1051,5.798e-05,791.33,0.0458,0x0d...f622,https://etherscan.io/tx/0xcf31c1e0572fa400fa6c72ad5703eba37d951e8033b3bdd84e32382eb6dd17b8
2023-03-24 00:10:59,True,0.105,5.798e-05,169.59,0.0098,0xc4...990b,https://etherscan.io/tx/0x7146ed422be62ae3d3fec5660bfefd9dae0511828e8d815733ceee9688f8b78b
2023-03-24 00:07:35,True,0.1049,5.796e-05,1709.99,0.0991,0xe7...f66c,https://etherscan.io/tx/0x78496b51b24ad9ed42955deeea30d3266ed93fe9b2eeb1d6e884b36aa22f72bd
2023-03-24 00:07:11,True,0.1048,5.79e-05,6710.62,0.3886,0x6c...e880,https://etherscan.io/tx/0x0fd55080aeafcb808bd6ce7d0026a132ed39417b6fdf18a24594e5d23db37d19
2023-03-24 00:05:59,True,0.1047,5.785e-05,519.72,0.03,0x26...6614,https://etherscan.io/tx/0x38a01fdd00b5691e59bf1861d7afe58f28c98bd6f0d0019a1b596fa48c9d8de3
2023-03-24 00:05:47,True,0.1047,5.785e-05,130.969,0.0075,0x95...40cc,https://etherscan.io/tx/0x2ac98f8c1b8a119c5783ff7ea10c09ee6662cf276200b275c904292da491b6c3
2023-03-24 00:04:35,False,0.104,5.752e-05,2377.59,0.1367,0x89...520b,https://etherscan.io/tx/0x72ab3d6a9609145aa005eb69b9a29bd01d72461780745fa45b45a72afd959557
2023-03-24 00:00:59,True,0.1046,5.788e-05,428.126,0.0247,0x89...975b,https://etherscan.io/tx/0xbcf0095b5048d11f75f5579e627e06187724b9b11542577eba328f773b8fa41b
2023-03-24 00:00:35,True,0.1046,5.786e-05,2071.17,0.1198,0x90...1aab,https://etherscan.io/tx/0xad5ad2d7eb1ba65e7a86014ac19b218dac50b2e70316b6ae4e356966feeaabc4
2023-03-23 23:58:59,True,0.1046,5.784e-05,514.067,0.0297,0x17...ac47,https://etherscan.io/tx/0x35f2be76136e03db9ee29646a2e75fc78519ab9c1c1c9948b817c0a33a4873bf
2023-03-23 23:57:35,True,0.1044,5.775e-05,13388.2,0.7731,0xd0...95cf,https://etherscan.io/tx/0xfdf3e6767d29eda0438fda1987d4d6ec9797a0180b85635b1f3a289bf9f28fac
2023-03-23 23:56:47,True,0.1042,5.765e-05,1048.46,0.0604,0x9b...a904,https://etherscan.io/tx/0x70d094ccd43be90f8baf75075ffc220d4f87d6ce513c9907c769db8f59a5e4b2
2023-03-23 23:55:59,True,0.1042,5.763e-05,719.285,0.0414,0x52...c650,https://etherscan.io/tx/0x17c3cbeadb5cd65a3fd7cc4f8693b3a24109932af825c2417230b6f854ad05d0
2023-03-23 23:55:11,False,0.1036,5.732e-05,5000.0,0.2866,0x95...448e,https://etherscan.io/tx/0xc889ff52a811cb8847114d3ef01ef97f2fc5898b64a293c39e3561c878ffa139
2023-03-23 23:53:35,False,0.104,5.756e-05,30000.0,1.72693,0x55...3e32,https://etherscan.io/tx/0x15234979722fd9bee9a0d8f6f47f937ed185f574c933d06da21a45b031d30b38
2023-03-23 23:52:11,True,0.105,5.812e-05,120.44,0.007,0xf9...d00c,https://etherscan.io/tx/0x3db5d0c71c713cbfe61a96b621f2c6f96770fca5bb825aa6406ad7334dad7f3a
2023-03-23 23:44:11,True,0.105,5.811e-05,907.918,0.0527,0x52...c650,https://etherscan.io/tx/0xaa739611c9eafad17e1145fa7fe6b4b469264202827cf798f0f3b1c3a6b9a59b
2023-03-23 23:44:11,False,0.1045,5.781e-05,8489.03,0.4908,0xc9...27b6,https://etherscan.io/tx/0xf9e3612d18b2b98f5df3a298e68bfa1ce3ebaf1e20737e229c2caa431036f094
2023-03-23 23:43:59,True,0.1051,5.819e-05,5110.42,0.2973,0x6a...0179,https://etherscan.io/tx/0x4cf80ed09c5f835efd773767f7670992a551adb7a6f88e39723c13853d1a2a72
2023-03-23 23:43:23,True,0.1048,5.798e-05,23544.2,1.36528,0xc2...c228,https://etherscan.io/tx/0x02e50d3c92a572cafb425b43ad2e9e27d73aaf056d723854852e83e3006b77dc
2023-03-23 23:42:35,True,0.1045,5.781e-05,1092.0,0.0631,0xc5...9b63,https://etherscan.io/tx/0x98df280e4fe14dac857b82531484191f08b783b39e4e3953fa62b563b3061108
2023-03-23 23:41:59,True,0.1044,5.779e-05,1715.09,0.0991,0xfd...9fbe,https://etherscan.io/tx/0x5d0998a9156de5953357b518578deb0cafcf7aa75db55768a26215882f439e82
2023-03-23 23:41:47,True,0.1044,5.777e-05,1372.58,0.0793,0x46...c739,https://etherscan.io/tx/0x860b54f7f22cc19fb8e6a059b5023201d88c5be901798833f7e55997b8b48875
2023-03-23 23:40:35,True,0.1042,5.766e-05,13872.5,0.8,0xe7...d24c,https://etherscan.io/tx/0xe67638e97e3236e46d2978504cd0c450e529000409c08e5da3303d693dc8abcd
2023-03-23 23:40:11,True,0.104,5.757e-05,52.1094,0.003,0x23...51ed,https://etherscan.io/tx/0x3850cbf081e12d4292fcef3eb7658d15283feb3d455bef1286d99c6a7cbdb9d3
2023-03-23 23:39:11,False,0.1037,5.74e-05,26445.5,1.51821,0xca...18b0,https://etherscan.io/tx/0x828a933d47b809428392be631596555796ab0a98bdbac0a3a54984d9261b2425
2023-03-23 23:37:47,True,0.1046,5.793e-05,1003.88,0.0581,0x44...5704,https://etherscan.io/tx/0xa139911b4cafec858268d50f1989e0cd20e6cc522dbb3e34aa5f96e013bac3d8
2023-03-23 23:36:23,False,0.104,5.759e-05,1944.37,0.1119,0x09...5104,https://etherscan.io/tx/0xd999622ce71484abf30a3d8f20520bd8afb46b9531a86f05490af4726ff21c9c
2023-03-23 23:35:59,True,0.1046,5.793e-05,2435.49,0.1411,0x2e...f345,https://etherscan.io/tx/0x2542de37ddadb268cf925004a6b5ccd25026ffaa4ed59b869ac8a1efc5fd56d6
2023-03-23 23:35:35,True,0.1046,5.791e-05,170.272,0.0098,0x72...fcdc,https://etherscan.io/tx/0xcf485342b135b1c9490759fff12697bebc55faeaf27afb1a993f01508dec879f
2023-03-23 23:35:23,False,0.104,5.758e-05,1866.13,0.1074,0x94...c4d3,https://etherscan.io/tx/0xfc4d000159b5a241711a6caacb65fb395624aa60ea8a7caf776f66ff214659a4
2023-03-23 23:34:23,True,0.1047,5.793e-05,359.278,0.0208,0xf2...1065,https://etherscan.io/tx/0xdc9d88629469c0793d8c883e4e2ada4d3315eb8d38a75b728e38e80b809a443c
2023-03-23 23:33:11,False,0.1039,5.76e-05,1880.52,0.1083,0xee...7cfd,https://etherscan.io/tx/0x8cab7b02936bd4a9b1cbaba84aad224a89cd817583ce49c191fea1cb12af38c3
2023-03-23 23:25:35,True,0.105,5.789e-05,9959.79,0.5766,0x35...401f,https://etherscan.io/tx/0xcbfdeb16ed2557fc58bded3489ae46b46fc0c0d96e656a05679ede2d15ba6066
2023-03-23 23:25:23,True,0.1048,5.78e-05,3289.29,0.1901,0x50...6d1c,https://etherscan.io/tx/0x24e7d8a4c1718bc9d1a078678a947d41476ed324e3b761d5e87daeaa8d2ab513
2023-03-23 23:24:47,False,0.1045,5.764e-05,30000.0,1.7292,0xdd...4e07,https://etherscan.io/tx/0xee5eb079efcd96e708c691799cdc7bd4c345f46944d8378a9adfcb93c3431167
2023-03-23 23:21:11,True,0.1053,5.818e-05,1448.02,0.0842,0xa5...5d38,https://etherscan.io/tx/0xc78219d32317574122915333ac0cdcf0ef8bdd9505206277bbf5226d9ab0cc08
2023-03-23 23:20:59,True,0.1053,5.815e-05,2773.53,0.1613,0x0c...f13d,https://etherscan.io/tx/0xf3ad05ed25f8bdf4f8c9cad6941d3e6bc84cca864ad936670d3d17e9eaefeb5e
2023-03-23 23:19:47,True,0.1053,5.812e-05,1449.5,0.0842,0x82...cec3,https://etherscan.io/tx/0xb02ab5761f2869de60d33edf641109c247f0cfae3997caba1c565fa4c6468160
2023-03-23 23:18:59,True,0.1052,5.811e-05,948.422,0.0551,0x5e...2199,https://etherscan.io/tx/0x0993011c09f84a0ff2164b25ee479fd3aefacaf6b35a85ecbcae672107a01295
2023-03-23 23:18:47,True,0.1052,5.81e-05,504.299,0.0293,0x0f...c680,https://etherscan.io/tx/0x254652a6d62b6337eca8ace94d9bf289a3454bb2438e5e8cc55867cf3d6003ef
2023-03-23 23:18:11,True,0.1051,5.803e-05,8615.31,0.5,0xe9...0193,https://etherscan.io/tx/0xde0b0dc62f41af0a06bf92e589cbf661b794a4a6c995a446bc6720bffa2cf793
2023-03-23 23:16:35,True,0.1049,5.797e-05,470.438,0.0272,0x84...cf16,https://etherscan.io/tx/0x7eab15985b65f3e74bce4137553cff73a17a2c2263616543177766e54dc37ecb
2023-03-23 23:15:59,False,0.1044,5.769e-05,9999.0,0.5768,0xa7...eb71,https://etherscan.io/tx/0xcbba544e258f58bec41cde0809859c2b57bccf05d1f1307cdb54cada1212feb5
2023-03-23 23:14:11,False,0.1046,5.778e-05,3965.0,0.2291,0xd5...a8a1,https://etherscan.io/tx/0x38ef654136c31cf801e3358f4e8401a01a675e6bbc41d5eaac2502326a0001e9
2023-03-23 23:13:35,True,0.1052,5.812e-05,5115.78,0.2973,0x1c...4bab,https://etherscan.io/tx/0xeb9a600fdbd5ce5c87a7cb9232f5b30f95f35aebd5ca736fd8c65118677d221f
2023-03-23 23:11:11,False,0.1047,5.778e-05,5000.0,0.2889,0x1b...ef2e,https://etherscan.io/tx/0x927f6b471ba8a9e81d3dff7fabd5306970f541e7d297a3b68865905521f07d5a
2023-03-23 23:10:47,True,0.1053,5.816e-05,494.263,0.0287,0xc2...e9a3,https://etherscan.io/tx/0xba1867af5ceafacf3884507d040cdec9c1b566b46524046603488d4e4d6b6f2b
2023-03-23 23:07:47,True,0.1053,5.815e-05,852.318,0.0495,0x79...a792,https://etherscan.io/tx/0x11fa4b1c2734ff00823cb10b03292d2528d468d28686b7840bcaed379de107c5
2023-03-23 23:06:59,True,0.1052,5.807e-05,9882.67,0.5739,0x52...c650,https://etherscan.io/tx/0x77c4ce4f0677add1b6c37781f1e3cfc53c2130cbd74e671ee4dce7f390954dea
2023-03-23 23:06:47,True,0.1049,5.794e-05,8553.36,0.4956,0xed...18ec,https://etherscan.io/tx/0x396266aad7274774b6d8c57e893f7fee9a537cfee0c92f11e7bb73d24af8050a
2023-03-23 23:05:59,True,0.1049,5.787e-05,1316.82,0.0762,0x5a...3369,https://etherscan.io/tx/0xa7b1d88c44c163a88f04d8918648dff8fe3775ac3fa40e3b30341efc71cd2714
2023-03-23 23:04:35,False,0.1042,5.754e-05,3826.0,0.2201,0x9b...a36c,https://etherscan.io/tx/0xddefa594dae28d317a238349f65841ffe5bab9378ca393233e342df7e653ef7d
2023-03-23 23:01:35,True,0.105,5.791e-05,973.822,0.0564,0xae...ae13,https://etherscan.io/tx/0x1a84da0edd9fcc70ebbeb2a12304ad421d31feaf7ac3b692f9b4b5789008510d
2023-03-23 23:00:59,True,0.1049,5.79e-05,257.067,0.0148,0x92...3c7f,https://etherscan.io/tx/0x105dc83d139b4c231466a161fd68e0ad9388827d6ee393cb14c0a500cf8f8263
2023-03-23 22:58:23,True,0.1048,5.778e-05,16511.1,0.9541,0x82...e4b7,https://etherscan.io/tx/0x26c5fe9a581c7a97f89b7ed4148270837f2bab1992bcf4ef9f9abbff723ce09d
2023-03-23 22:57:59,True,0.1045,5.76e-05,9559.83,0.5507,0xf2...832a,https://etherscan.io/tx/0x894fd38839d23c535d94ca90f8bc8d7065c0e4a8ddc4bb42734ed4e231e3a952
2023-03-23 22:57:47,True,0.1043,5.749e-05,6261.33,0.36,0x2e...f345,https://etherscan.io/tx/0x7f92a3b8c7b4901129cada357cfc9838b49350e1cedf56e42c99de4a644f94ed
2023-03-23 22:56:23,True,0.1041,5.741e-05,5248.16,0.3013,0x7f...18eb,https://etherscan.io/tx/0xbe444b60b9f8bd0d2705a03e44513cd5d674c65ff6224e0852606781466aa024
2023-03-23 22:56:23,False,0.1041,5.741e-05,55263.0,3.17308,0x55...1919,https://etherscan.io/tx/0x756f674e9fed75af2315f32557d6fc4086f396b56f75422961846db490849f0f
2023-03-23 22:51:59,False,0.1051,5.799e-05,27390.4,1.58846,0x2e...f345,https://etherscan.io/tx/0xb3bb2e7a2785b49e136b6e3a61fe960a955f023fdb79be0b8883ce59b20accc0
2023-03-23 22:46:23,True,0.1059,5.853e-05,647.046,0.0378,0x1b...c639,https://etherscan.io/tx/0xe79840efb6d6a89304c695636bd5247408cd283917c6963f715d31758b9b6bde
2023-03-23 22:43:47,True,0.1059,5.849e-05,4670.39,0.2731,0xba...37d1,https://etherscan.io/tx/0x707c7f77c9272b03af0bd13b558a142c45bdad776dc5bc5844795f3f4cf289f8
2023-03-23 22:43:35,True,0.1058,5.846e-05,16.9559,9.912e-05,0xed...d6e3,https://etherscan.io/tx/0xbf989c81010439f93023d7da93231ad3cb066353b34d933e5d9a4c5c2ea6654a
2023-03-23 22:43:23,False,0.1052,5.811e-05,400.0,0.0232,0x88...9162,https://etherscan.io/tx/0xdf52dc7b72dac41626e7e1bd0851d5e50130d5eb722080ae0419a53fba896d91
2023-03-23 22:42:35,False,0.1055,5.832e-05,30133.2,1.75765,0xc6...fed0,https://etherscan.io/tx/0xb5f3ec7ea5bbe946a4db0103cfed87c7d3f6014ccc760978ceafe94865190993
2023-03-23 22:38:35,True,0.1065,5.888e-05,1819.99,0.1071,0x16...a064,https://etherscan.io/tx/0x6f105751a062c46f09a977cdfb720cd99062f821dbacfd9920bd559a104bbcca
2023-03-23 22:36:59,True,0.1064,5.884e-05,3537.53,0.2081,0xf1...8a07,https://etherscan.io/tx/0x32f8448817fac93e951c76947e507bf7ab98c4d1bd8b83e7e8b6e46b4c73cd76
2023-03-23 22:36:35,True,0.1064,5.881e-05,573.031,0.0337,0xcf...30b5,https://etherscan.io/tx/0x9cd0c4478f97a95ca531f807b22406fb4f136cf7231cf23e6644ab5fd9fbd991
2023-03-23 22:36:35,True,0.1064,5.88e-05,202.265,0.0119,0x31...ae6c,https://etherscan.io/tx/0x8ada2d9168ba8482a7ea2efcef23aa11539ac373546ab44ded08276185aa0bab
2023-03-23 22:36:35,True,0.1064,5.88e-05,944.036,0.0555,0x33...6fcf,https://etherscan.io/tx/0xb5691ca1256df454b860b4f8a62c2e12b5c714353ec348073aac9661ff2b2f66
2023-03-23 22:34:47,True,0.1064,5.879e-05,324.914,0.0191,0x6a...3490,https://etherscan.io/tx/0x7e2e10a002f57ae287257e4fa6dec70c864e23f36c0cbd63b8d27abbdc9442cd
2023-03-23 22:34:23,True,0.1064,5.878e-05,1028.65,0.0604,0x33...5bf3,https://etherscan.io/tx/0x10ed1938c0a55ae855d591440327c4122f424bb26e074e49344f2677cc22232a
2023-03-23 22:30:59,True,0.1064,5.876e-05,797.806,0.0468,0x98...26a1,https://etherscan.io/tx/0x86cc8ad1d295d331105bcf85fb0e57b8a7da428460faf4bc0b156d03947063c7
2023-03-23 22:23:47,True,0.1062,5.875e-05,1518.45,0.0892,0x5b...0b96,https://etherscan.io/tx/0x8498186abf32ca3056efa850f8a5ebb34c52d4d56c59865368f35e17bca4c3be
2023-03-23 22:23:11,True,0.1062,5.874e-05,219.379,0.0128,0xaa...d55e,https://etherscan.io/tx/0x153202773289a6379048d9182b4e9a998be97b3c81171668c1c4b8684d99c117
2023-03-23 22:22:59,False,0.1059,5.856e-05,25400.0,1.48761,0x64...4422,https://etherscan.io/tx/0x9472339187c71e68dbb0b85a5a6d612298dc24317ddb111fe5ce201690043060
2023-03-23 22:21:59,False,0.1062,5.875e-05,436.782,0.0256,0xcc...1fdf,https://etherscan.io/tx/0xa1f4f02dc12b4766f6874ff8fdea366706694f4a11a8d90b97461711a1bc1111
2023-03-23 22:20:23,True,0.1066,5.91e-05,923.588,0.0545,0xda...2574,https://etherscan.io/tx/0xb2df0d51e3c5e5479d6c999e8bfd32181224297507483901f58e0ab1500655be
2023-03-23 22:19:23,True,0.1066,5.909e-05,285.976,0.0169,0xaf...3b17,https://etherscan.io/tx/0xbade225a7c6b06c236f7387108ef3ef66529e8bb8b768fd7803a6bd5897659b1
2023-03-23 22:18:47,True,0.1066,5.907e-05,2772.07,0.1637,0xb7...df3b,https://etherscan.io/tx/0x2cc3fede39e196242c1e8dd5c0380bbf852ad01f1ed0e0dc1f9cd490024f1862
2023-03-23 22:17:59,True,0.1066,5.904e-05,1135.81,0.067,0x43...c8a6,https://etherscan.io/tx/0x9ebadf1c3361ea1e997cabb522fa123ce07b017f057547507c6689884c1cbb9d
2023-03-23 22:16:23,False,0.1063,5.869e-05,1400.0,0.0821,0x3c...fe56,https://etherscan.io/tx/0x5918358d98808248b42e36c5df58a8548008df42ebaf064579c15b19affb7dee
2023-03-23 22:14:23,False,0.1064,5.872e-05,3146.94,0.1848,0xe9...e2a0,https://etherscan.io/tx/0x0271782443612574ae9e6765ebe3b574ca3b105b31675ae36e2af55b12e48106
2023-03-23 22:13:59,True,0.1071,5.91e-05,92.2851,0.0054,0x8e...80be,https://etherscan.io/tx/0x1b25729bb07ee3e84ba45cd5cf7f3633d0c0c7afbe8de2dbaca493f6286d2710
2023-03-23 22:12:47,False,0.1065,5.876e-05,3000.0,0.1763,0xe5...8408,https://etherscan.io/tx/0xf0e131b58c478970056c183dfd7f9dc5243dc07895a09274888259e03604b09b
2023-03-23 22:11:35,True,0.1072,5.91e-05,4652.46,0.275,0x63...4699,https://etherscan.io/tx/0x82390660eca2dfe24813a1cd0ebc20531206d0325efeac347565dcd135f92ebb
2023-03-23 22:06:23,True,0.107,5.906e-05,1006.89,0.0594,0x81...e942,https://etherscan.io/tx/0x468df7b52611773dfa225ed44c8ae9febb4e9ec4f7605bf000194c87a8c85e42
2023-03-23 22:06:11,True,0.1069,5.902e-05,4533.6,0.2676,0xaa...bf5e,https://etherscan.io/tx/0x3a85bdd6f56dcb5ef91a26e0e5864a485b590e3dedd654b075fb8fd89f738941
2023-03-23 22:05:35,True,0.1068,5.898e-05,1860.53,0.1097,0xa3...2f3d,https://etherscan.io/tx/0xa4edcc05890dabf582af27eb988d87e06637e42284897fa73dbee01f7e8d73d8
2023-03-23 22:04:35,True,0.1067,5.89e-05,8886.05,0.5234,0xc7...1491,https://etherscan.io/tx/0xfceb8d81499e153400525a91f9e2d91927100d5a6d5a1ed6aad9e7dc59fd68f3
2023-03-23 22:04:35,True,0.1065,5.882e-05,2864.89,0.1685,0xdd...7e98,https://etherscan.io/tx/0xb5e38b2ccff6e6ec4627c6bc0f94b36856ee3ebb1e55218ddd210b0f0c3a898a
2023-03-23 22:04:23,True,0.1065,5.879e-05,842.995,0.0495,0xb8...fa84,https://etherscan.io/tx/0x3f13b38697a74b08aa953463147d5dec8477726d838b6bf99ad19ba9e3f81ede
2023-03-23 22:04:11,True,0.1064,5.873e-05,7893.18,0.4635,0x52...a593,https://etherscan.io/tx/0x30d6741b5c1b7da260cbf831a7f2d333cf67dcddc6143b16e07668bca7044abe
2023-03-23 22:03:11,True,0.1063,5.862e-05,6822.97,0.4,0xb9...1ffa,https://etherscan.io/tx/0xb406f200fa18489ef935ea385642c82cdad23025bd6d4380a4d9ab261baf26ea
2023-03-23 22:02:47,True,0.1061,5.855e-05,2817.78,0.165,0x93...e948,https://etherscan.io/tx/0x3bc08aaf6c04e31cdd762a1ddbfa76c1a9b0059326a1a762341cc8b3149dc45b
2023-03-23 22:02:35,True,0.1055,5.82e-05,46588.9,2.71177,0x79...0fa0,https://etherscan.io/tx/0x2e4c1f774a145cd033dcaacf4624942e47d75b153e0425ea984e7bddc6fa9eda
2023-03-23 22:02:35,False,0.1048,5.783e-05,42639.4,2.46583,0x1d...f241,https://etherscan.io/tx/0xf7f0adde7a95f684cfe236625f5cbd0f458fa086a0e60bbbe7e6b1dba9c63a55
2023-03-23 22:02:23,True,0.106,5.846e-05,2457.26,0.1436,0xa8...8881,https://etherscan.io/tx/0x6e498c603d8388ebff3db784a04c8066303e5cde7bfb282e5e026272ad13bcd6
2023-03-23 22:02:11,False,0.1064,5.869e-05,84304.4,4.94819,0xd3...2ec3,https://etherscan.io/tx/0x7b94c197cc8eb610996d159d9d8fdb95d2fda7d27a292c10afeee58d94f61820
2023-03-23 22:01:47,False,0.1076,5.931e-05,1843.72,0.1093,0xaa...75e6,https://etherscan.io/tx/0xb66e62c685981e859fb8cd6d91f5013a61b9de9c5d2530986b57b7adf8a509cb
2023-03-23 22:00:11,True,0.1082,5.966e-05,2679.57,0.1598,0xcf...a3d4,https://etherscan.io/tx/0x85a5c0ad8b15a425dd0ab936eb2920e1a174390768ac76c0d8d67b4e0f75baa6
2023-03-23 21:56:47,True,0.1079,5.96e-05,5820.92,0.3469,0xa8...5f38,https://etherscan.io/tx/0xa14ebdf36e35d597737ce081a3539e01e1425b3d005b2ac59a003cbe680be4b1
2023-03-23 21:55:23,True,0.1078,5.955e-05,671.655,0.04,0xed...a5ff,https://etherscan.io/tx/0x2c50635317ba7b9ee2516f482a95325d346657bdb3a528e13c01d588b9ec3103
2023-03-23 21:53:35,True,0.1076,5.942e-05,16827.5,1.0,0xfa...f46a,https://etherscan.io/tx/0xe49e49e1452d01713f3c04aace0ddc881dd6266bb1baa014535643230525ef15
2023-03-23 21:53:11,True,0.1073,5.929e-05,1150.13,0.0682,0x14...6f21,https://etherscan.io/tx/0xef089b94731885806b474e40231271d8927e448967dd25b0ce14f75eb28fbba2
2023-03-23 21:52:35,True,0.1073,5.928e-05,710.467,0.0421,0xda...99e8,https://etherscan.io/tx/0x61c775660ab5b4d490e639fa568f53985a84f6e676282f2eae810ec593735a63
2023-03-23 21:52:23,True,0.1073,5.925e-05,3719.9,0.2204,0x95...d2e4,https://etherscan.io/tx/0xe13c7a7699df9cf6187232717d5c2d1b70dffe3ec626b601decf73d6d0a33026
2023-03-23 21:51:11,False,0.1067,5.89e-05,5000.0,0.2945,0x1a...c049,https://etherscan.io/tx/0x3602f2ec19cdd051210b221e73b832f6e04a393b230cb4a62962eb511e3d63ff
2023-03-23 21:50:59,True,0.1074,5.928e-05,1337.59,0.0793,0xba...7a9f,https://etherscan.io/tx/0x82dc134ffc692a10cc17b79bc960b13004b5877dd22519d8f0791bace13eb7c5
2023-03-23 21:49:59,False,0.1068,5.898e-05,8477.13,0.5,0x7d...2778,https://etherscan.io/tx/0x57a55c0224e71ed2bbaa7f6d0bb5641e68cedbe0f60f63f8d2e848f2d7489e63
2023-03-23 21:49:35,False,0.107,5.905e-05,2000.0,0.1181,0xcb...1a0d,https://etherscan.io/tx/0x1fa90d14725ea8133313b873929f6f6efbdc5e3782148a492645c58b7ebedf08
2023-03-23 21:49:35,True,0.1076,5.942e-05,533.789,0.0317,0x7f...508a,https://etherscan.io/tx/0xbb56b0947abfc6110af2241df9becff548b0b993b48d4647cf88944463d4c38f
2023-03-23 21:49:11,True,0.1076,5.941e-05,500.491,0.0297,0xfc...5236,https://etherscan.io/tx/0x2dce5098973b3d1e428e7a9b3aa8c691cd7abd28896d1fed00982b5b079a6535
2023-03-23 21:46:47,True,0.1077,5.94e-05,1852.35,0.11,0x40...bf1f,https://etherscan.io/tx/0x792dd2fab02302798f9951193cacaf69f6106489d929f644245072093b0ec17f
2023-03-23 21:46:11,True,0.1077,5.935e-05,4079.43,0.2421,0x37...7e6e,https://etherscan.io/tx/0x16bb25fe207f3f8ace4ed60d2fffe20989bbbae189b9b88efd5f2a21f9da8504
2023-03-23 21:45:11,False,0.107,5.897e-05,942.0,0.0555,0x1b...ea67,https://etherscan.io/tx/0xf633debf423b0d24084b40c4b69eaf1a04dd85311501cd2bdbcbf536c830dc6a
2023-03-23 21:44:23,True,0.1076,5.933e-05,780.933,0.0463,0x01...a27a,https://etherscan.io/tx/0xd2f7f4165de2c8e97928962b414009b00f7b74471a84cf0d82b0396fe432b720
2023-03-23 21:44:11,True,0.1076,5.93e-05,3472.61,0.2059,0x2e...f345,https://etherscan.io/tx/0xf819e89653b61ab573dd99d13c73bb6fe3efad4019330cb431eccbdbb6d09455
2023-03-23 21:43:35,True,0.1075,5.927e-05,752.554,0.0446,0x2a...3bc1,https://etherscan.io/tx/0x032798d0c96576f7c0550c4ec29d934649e64a5e247dabe8e61f71204c467d8d
2023-03-23 21:42:47,True,0.1075,5.926e-05,50.1752,0.0029,0xe6...5877,https://etherscan.io/tx/0x903576cec5c95ce236d38f44c20de2c5ee6b4d25b8469a237c65ea68b491686d
2023-03-23 21:41:23,False,0.1069,5.892e-05,2000.0,0.1178,0x2e...f345,https://etherscan.io/tx/0x17bee05d71e3297c773b0cfaec09a34634927abbf40908238262154b5f0b6c38
2023-03-23 21:40:23,True,0.1074,5.927e-05,2377.59,0.1409,0x89...520b,https://etherscan.io/tx/0x84524f665ada62becc0477f0287376d51764a72bdfb48f1142c7c077c849b5d0
2023-03-23 21:39:23,True,0.1073,5.924e-05,2422.54,0.1435,0x41...6846,https://etherscan.io/tx/0xcc175da5e1cd0a7cfa5677f467b991622312810e2de79def546ca1cb627c7b3b
2023-03-23 21:39:11,True,0.1073,5.922e-05,84.4229,0.005,0x81...441c,https://etherscan.io/tx/0x19f846b785f34bddfe662e91827d0e5f29b5df0f37911e9eeccb32159e882f69
2023-03-23 21:37:59,False,0.1067,5.889e-05,3313.02,0.1951,0x7f...18eb,https://etherscan.io/tx/0xd179474e04cb504296e2bfd6a4591e121b4d82c4a97d4f980002b1cec3471a7e
2023-03-23 21:37:59,True,0.1074,5.925e-05,2341.96,0.1387,0xa3...4cca,https://etherscan.io/tx/0xdd4e3658fb1cf50691683dade906c18fccc029e4c931572f8f4172818480ef95
2023-03-23 21:35:35,True,0.1074,5.923e-05,1054.32,0.0624,0x68...a4af,https://etherscan.io/tx/0x7c39f89c6febc2b6908cf7a849ac777e12f699536e5c8d218ae184b41e83d34b
2023-03-23 21:35:11,True,0.1073,5.921e-05,836.956,0.0495,0xc9...f6d4,https://etherscan.io/tx/0x34816368529d7e8b92db1665b502ed2a1ef1ce55dbc98931be467d6a7bec8cb0
2023-03-23 21:34:47,True,0.1073,5.921e-05,251.12,0.0148,0xa1...84fb,https://etherscan.io/tx/0x12ad109c267b4e2bd3507a6f47929a887c49d7bac9b659e6d1f921b3b98e40be
2023-03-23 21:34:23,True,0.1072,5.919e-05,1222.34,0.0723,0xcd...7159,https://etherscan.io/tx/0xd62430bf1bac30222b2968644e5fb510e26bbaf612aeb621bbc81f54726e0ca0
2023-03-23 21:33:47,True,0.1072,5.918e-05,150.725,0.0089,0x21...c1c8,https://etherscan.io/tx/0x118573578f7d64858837d41a82594bfb16bc02263e3702d24371ff3e8c63be45
2023-03-23 21:33:47,False,0.1066,5.884e-05,2023.0,0.119,0x0f...9ff3,https://etherscan.io/tx/0x26bbeef28e529b4e5032661f25c6ff78658e88ec0ec7472b1d8daa904e8b2bb0
2023-03-23 21:32:47,True,0.1072,5.921e-05,869.483,0.0514,0x4c...8e25,https://etherscan.io/tx/0x31e895d06bca023b2f0f5227416917f7ebdfbca68e587be4e040a9a5f03e474e
2023-03-23 21:30:35,False,0.1065,5.886e-05,1449.0,0.0852,0x1b...ea67,https://etherscan.io/tx/0x1b95a01eec308e54b4fcc99cec98c46944a730b5dbfd35375cf499addcdeb543
2023-03-23 21:28:11,False,0.1068,5.906e-05,26624.7,1.57253,0x76...7d5e,https://etherscan.io/tx/0x64c982d21a053b76f4571b08f6c25bb7f078716544c5d716a30c50f5237f610c
2023-03-23 21:27:59,True,0.1365,7.544e-05,37112.6,2.8,0x94...7a9c,https://etherscan.io/tx/0x2071cbf78505c8b3254adee8cbb6695e96787905d7880b955ac3ddc256e1c18f
2023-03-23 21:26:47,True,0.1068,5.902e-05,1679.51,0.0991,0x2d...973d,https://etherscan.io/tx/0xc44fa56ba4e92c0c2b5525376d0103ec510a623a51124adbaa260ec6f2490a31
2023-03-23 21:24:35,True,0.1066,5.9e-05,833.012,0.0491,0xff...8eea,https://etherscan.io/tx/0x2238acdbcf6a77cadd250843fc5c57335f57814f957658a7e20d6c0c356318b8
2023-03-23 21:22:59,True,0.1066,5.898e-05,1008.24,0.0594,0xb5...5587,https://etherscan.io/tx/0x408f57904d0d6ab5ad5b7c63c49ee4251cff94cd7866ada19bff717895ba17a8
2023-03-23 21:22:47,True,0.1064,5.891e-05,9154.03,0.5393,0x2e...f345,https://etherscan.io/tx/0x7097d9d6e935ac4fc35ccd9724254cd229537d78b5197a73189fae23b7fe1adc
2023-03-23 21:22:35,True,0.1063,5.883e-05,2021.97,0.1189,0xf7...733d,https://etherscan.io/tx/0x70d83ce45d29ff3b4d1344fc0ebf41c947abc7513ae160db977c5e0b26579f5c
2023-03-23 21:21:11,True,0.1062,5.878e-05,5196.72,0.3054,0x91...7839,https://etherscan.io/tx/0x09709409bd5cda3d1db13d0c7a224d9d078407ecd0901bb6e8d71a56356affbf
2023-03-23 21:20:35,True,0.1063,5.874e-05,168.738,0.0099,0x0e...12ab,https://etherscan.io/tx/0x3a283ad5652b52e8b6241ab80bbdaf9e7929c043563d3c01aa89cd357c79644a
2023-03-23 21:18:35,True,0.1063,5.87e-05,5403.27,0.3172,0x8f...1ed2,https://etherscan.io/tx/0xe649d1a5ab046780aa880f76b7c66145de9aa03a8e89933a985489d12e6d0ebf
2023-03-23 21:18:11,False,0.1056,5.834e-05,3844.49,0.2243,0x2a...bf28,https://etherscan.io/tx/0x889e28d0ccc3b20d3845124845efdaf6be30fa5e59ee61371e8cff6c9a99de65
2023-03-23 21:18:11,True,0.1063,5.87e-05,2747.79,0.1613,0x92...9f04,https://etherscan.io/tx/0xcd579c8674cc9523aa91c406e82afc19b6956fc258713c1737fa4731bf662d38
2023-03-23 21:16:47,True,0.1062,5.868e-05,253.386,0.0148,0x36...eebd,https://etherscan.io/tx/0xf0dd6468eb2853a61970fbdcdac13e77297f1ead4cdedea4ac4a861a51ea819c
2023-03-23 21:15:59,True,0.1062,5.867e-05,464.725,0.0272,0xbb...4c45,https://etherscan.io/tx/0x4f7e99f8ea9e8780409ee199c02a6be055f786fa4de5e404236c13af61d03684
2023-03-23 21:15:47,True,0.1062,5.866e-05,929.321,0.0545,0xc5...20b5,https://etherscan.io/tx/0x54091297ec18a9cc9a1594a73775ad9aa2b5c1ac472516886d736b3ddeeacb6d
2023-03-23 21:15:11,True,0.1062,5.863e-05,2852.05,0.1672,0x42...cf69,https://etherscan.io/tx/0x0f1f4043590caeba37153c786ca449ff760bbca2e54cd061eae67f19260bcbf4
2023-03-23 21:14:11,False,0.1056,5.827e-05,1000.0,0.0582,0x40...e43f,https://etherscan.io/tx/0x169efd2007f7537de084e45248fb2e765d5392c4b86dddf995537062330a1ba4
2023-03-23 21:13:47,True,0.1061,5.856e-05,9408.39,0.551,0x0d...acb5,https://etherscan.io/tx/0x84ec4b852e2175ee9c7eee4ec09a217dc77a15f41a0712be7a4b6d1003323345
2023-03-23 21:12:47,True,0.1057,5.837e-05,16980.1,0.9912,0x0e...a60c,https://etherscan.io/tx/0x1f8d3885159aabcb9d88bf30fdfaa919a539c220353365a7d6092042d2932e1f
2023-03-23 21:12:47,True,0.1055,5.823e-05,2553.07,0.1486,0x06...3978,https://etherscan.io/tx/0x2f94b16ed790a0a1b9f2253fde60af7d5e77b0033cc8aee35cada4ae6f99fe89
2023-03-23 21:11:47,True,0.1054,5.821e-05,289.447,0.0168,0x8b...143f,https://etherscan.io/tx/0x84e6fa65601f80aaf8e99ba2d449a01e365dfb9177c169ff001260f2611fec20
2023-03-23 21:11:11,True,0.1054,5.821e-05,556.208,0.0323,0x0b...67af,https://etherscan.io/tx/0x1a2c32a8ac2c8067b79e3fa859c624e51b5b09ce78d3e307af3fa09137618d0a
2023-03-23 21:10:59,False,0.1049,5.793e-05,10000.0,0.5793,0x2e...70b4,https://etherscan.io/tx/0xb5b343d1dfc85aaeaccd71cdb14a5865cc91e5632cb1e0728e764e926b5d3464
2023-03-23 21:09:23,True,0.1056,5.831e-05,5144.61,0.3,0x2e...f345,https://etherscan.io/tx/0xdc650618dfcbaf3fa35687c327dfbc4ed9854990729c4fd31540eeab0587c986
2023-03-23 21:08:47,True,0.1053,5.823e-05,5849.17,0.3406,0x1d...5541,https://etherscan.io/tx/0x46209f5240cc5b3ad15c3426fda746ee9c160f80120c70afe0b03c4424a5bc92
2023-03-23 21:08:11,False,0.1046,5.784e-05,500.0,0.0289,0x06...2bec,https://etherscan.io/tx/0x3d2339779925b65604460a5786326eef7736c4ec2e27fd31fd01bbd2840d5f26
2023-03-23 21:07:35,True,0.1056,5.818e-05,1987.55,0.1156,0xef...bdba,https://etherscan.io/tx/0xaa91e3f6d60d5aa972459c00199fb2aad0f86b02904ea20ba95d1cf4a314dbb7
2023-03-23 21:06:23,True,0.1056,5.816e-05,681.641,0.0396,0x0b...f09e,https://etherscan.io/tx/0x2f7e121d50b0506fff322b17443086fd6c62f1471aa846f7d0ef80b302d2cf12
2023-03-23 21:03:11,True,0.1056,5.813e-05,4533.57,0.2635,0x4c...9ae9,https://etherscan.io/tx/0x58c8d7c33c016c58626eb80948b626a9bf1ad5b0c3171ee6fece6ee0f74bc806
2023-03-23 21:02:11,True,0.1054,5.805e-05,6830.13,0.3965,0xab...8f76,https://etherscan.io/tx/0x949e9f08e1bc9ac1976198303935100315b306529de03a08fe5add972bed46b6
2023-03-23 21:01:47,True,0.1053,5.799e-05,1128.06,0.0654,0x65...e31f,https://etherscan.io/tx/0x6aafa13270df2ae12774d249e3a3714964d1f160bb5b15339df819233d81b51d
2023-03-23 21:01:35,False,0.1048,5.768e-05,6000.0,0.346,0xd5...88b5,https://etherscan.io/tx/0x1db568be9ae00bd7da7d018679eb0e8c51241888ae8ba20e721c9a8c3ea6d8c4
2023-03-23 20:59:23,True,0.1055,5.806e-05,1707.29,0.0991,0x2f...7194,https://etherscan.io/tx/0x7dfb0fe3141e3b9f0446c08234965b9934612fa3958e045b8fbc8e641a956ba7
2023-03-23 20:58:59,True,0.1056,5.802e-05,2841.49,0.1648,0xf2...18ae,https://etherscan.io/tx/0x9941df15d1fd02beef052344de0b238541fb2f64ecabfecd005b45a9a8ad4b7b
2023-03-23 20:56:59,True,0.1053,5.789e-05,15913.0,0.9213,0x23...4e1b,https://etherscan.io/tx/0xbf198dbf746fb53374f5fff8160e342a379d50520f9fa4cac93a4ea36d714c3d
2023-03-23 20:56:47,True,0.105,5.774e-05,6058.39,0.3498,0x94...89bb,https://etherscan.io/tx/0x5ce4e7030956493c5d49aed34b3395cdbef33f1919703c6321cf1c227a7ecfbf
2023-03-23 20:54:23,False,0.1047,5.753e-05,25400.0,1.46128,0x7a...2b66,https://etherscan.io/tx/0x59e43893f4bb578daca63059dcd190d182bab54f96cfff50c2388e97b14f0b5c
2023-03-23 20:54:11,True,0.1057,5.804e-05,1979.33,0.1148,0x42...cf69,https://etherscan.io/tx/0xcff94df7b329dd67bbb503d1de0e38f7d7701f30733291175b504512adcb9fa5
2023-03-23 20:53:35,True,0.1054,5.799e-05,5127.94,0.2973,0x8f...1ed2,https://etherscan.io/tx/0x59c54d642738bca281a8277b7cce4f47fc9fd283cf7aace2fc2238c830e75c93
2023-03-23 20:52:11,False,0.1047,5.761e-05,1000.0,0.0576,0xcc...a966,https://etherscan.io/tx/0x2c5275e3ace30d03bdcae00990b09e404b6b45363c04ea15a6bba7ef716144d6
2023-03-23 20:50:11,True,0.105,5.795e-05,1881.39,0.109,0x84...1122,https://etherscan.io/tx/0x78a34daaac2f8558652de0a758f012563d238d896122839e08c860853619fe4d
2023-03-23 20:50:11,True,0.1049,5.792e-05,2971.02,0.172,0x2b...1aad,https://etherscan.io/tx/0xe80130f1bf6742c6b3f49c6d252aeeedc2d768163da247281ffd84ae9a6659d5
2023-03-23 20:47:11,True,0.1045,5.776e-05,20184.2,1.16583,0xae...48c6,https://etherscan.io/tx/0xf5ef26d8aaf87a9676a896df34bd349cffb1a4911792b3123076991df33c263e
2023-03-23 20:46:35,True,0.1042,5.761e-05,929.093,0.0535,0x09...a21a,https://etherscan.io/tx/0x9c2b6c2f320be294da983055a4092646fc5c85c6751aed966e6aad53202fce2a
2023-03-23 20:46:35,True,0.104,5.748e-05,17747.1,1.02015,0x58...c3aa,https://etherscan.io/tx/0x387cd19fe52aca2213e1c3ec064a7adde50db5869325fa29be7825c44423d751
2023-03-23 20:45:35,True,0.1037,5.735e-05,345.638,0.0198,0x9c...7f55,https://etherscan.io/tx/0x695a547a50097ca45bad26a85517331cf5e512b385aced251ca64e00c31eed49
2023-03-23 20:45:23,True,0.1037,5.734e-05,864.222,0.0495,0x3b...dbb3,https://etherscan.io/tx/0xd0a15766d7ff30497b2d199ebd8526ed25e814a43f7584558b1f0be4921398e5
2023-03-23 20:43:35,True,0.1035,5.731e-05,4496.86,0.2577,0x6d...9604,https://etherscan.io/tx/0xe90978834dc23b1b19797440a47f7b8eb04564fa19fb41f0bfff95c38e4830e2
2023-03-23 20:42:47,False,0.1032,5.717e-05,35003.4,2.00145,0x2c...d8c1,https://etherscan.io/tx/0xe27d8dcbbe6fae8b923fb3795f4ccef93fdf9677f4b3d477ab7bfc38be9055bd
2023-03-23 20:42:47,True,0.1042,5.776e-05,408.593,0.0236,0x6f...0d44,https://etherscan.io/tx/0xaf8859a75742ad6b9015f4602c9bbba59c7ccf0ae5fdda20539870911671af48
2023-03-23 20:40:59,True,0.1042,5.775e-05,1251.62,0.0722,0x52...83df,https://etherscan.io/tx/0x9e6f03567c0e97d2dbd9e68b10c602010c8d677f53d0f31ed11df1014ce60482
2023-03-23 20:40:23,True,0.104,5.759e-05,20651.6,1.1895,0xe7...9fc2,https://etherscan.io/tx/0x5560ba79eadcc70f875e00137416115f426ff75524301ca5b2a433f22d927014
2023-03-23 20:40:11,True,0.1035,5.73e-05,22097.7,1.26625,0xc4...f010,https://etherscan.io/tx/0x2add9897b2b8315698c037f951577819c0ef95c7b4df953947afe7bb228ac314
2023-03-23 20:39:59,False,0.1034,5.728e-05,69400.8,3.97565,0xd3...2ec3,https://etherscan.io/tx/0x5a03e61e17d9cfd4b368c76f94d8bdb0e08f888fe0d17e8337dcf5c57e2f0a3f
2023-03-23 20:39:23,True,0.1046,5.795e-05,23163.0,1.34231,0xc9...27b6,https://etherscan.io/tx/0x1401f0a394204649fb241ecd691d26ac9b8ad355a454d82385a8bae679443ebe
2023-03-23 20:39:11,True,0.104,5.762e-05,23637.9,1.36209,0xc6...fed0,https://etherscan.io/tx/0xfc299045c8de71c197e378980a117783e1b9d50ffbc745ab2ebf2f801834f91a
2023-03-23 20:38:11,False,0.1034,5.729e-05,26533.4,1.52032,0x83...fa88,https://etherscan.io/tx/0x9c356d8a4d155b5b1533cb30141a4652da73aa722acc2221e94bb49e5374405a
2023-03-23 20:34:11,True,0.1041,5.782e-05,379.869,0.0219,0x39...2232,https://etherscan.io/tx/0xdf28edf6f338b7047ac952c92044fd5d79e4022777f646d0ec6f6ebaa9aeab42
2023-03-23 20:31:35,True,0.1039,5.777e-05,6691.19,0.3865,0xea...a71a,https://etherscan.io/tx/0x0d2ed97ced83dc393c4f5ed4d8eda5d07899d353a22a476861b66262352810d4
2023-03-23 20:31:23,True,0.1038,5.769e-05,5154.44,0.2973,0x01...0423,https://etherscan.io/tx/0xeb84a74a5d8d2e9814d234e2cea6eca8d96d696cec57b719a76fd8f64897b5f2
2023-03-23 20:30:11,True,0.1037,5.761e-05,5718.59,0.3294,0x56...2b63,https://etherscan.io/tx/0x2a54e1e96af9a68f677290889c74180001b3a593837441d11cebd46271559466
2023-03-23 20:29:11,True,0.1036,5.755e-05,3444.62,0.1982,0x1b...9bfd,https://etherscan.io/tx/0x4e7cb1c95f24ed14c043cb449c7bc9c56e9b8adfe36c4ff1f6751382d4c62ca7
2023-03-23 20:26:35,False,0.103,5.721e-05,4533.5,0.2593,0x95...d573,https://etherscan.io/tx/0xb285e45e1956df7df66aed52e146b123394f17257636a2a47f1ff32d755460c4
2023-03-23 20:25:47,True,0.1035,5.753e-05,7666.2,0.4411,0x5a...b541,https://etherscan.io/tx/0x430575d986639e281c026a17af950ec7820a619e51400c9c20ead3dc4f08e8b7
2023-03-23 20:24:47,True,0.1034,5.747e-05,1051.98,0.0604,0x78...dafa,https://etherscan.io/tx/0xe31d2bd6e187a27ea92d8ee53f3d924e5dcc82d932544809131d16512e4369cc
2023-03-23 20:24:23,True,0.1034,5.745e-05,1796.62,0.1032,0xc8...015e,https://etherscan.io/tx/0x9729be6675eeca2d9abb4a6188572020cd4d7a7a175d87a7ad5771bd79d4fa17
2023-03-23 20:22:59,False,0.1028,5.727e-05,25000.0,1.43187,0x03...f886,https://etherscan.io/tx/0x9c4d27ad0e4b0dbc27c71366f95015595b61ff4c8a60d1aa469a5a62a408d1bb
2023-03-23 20:21:47,True,0.1039,5.779e-05,343.047,0.0198,0xec...d4cf,https://etherscan.io/tx/0xe9f329f559f016a94fd1dfe655e8153d1b6aa45bd9db8db4ed2648d194e310fb
2023-03-23 20:21:35,True,0.1038,5.773e-05,7759.38,0.4479,0xe5...1be0,https://etherscan.io/tx/0x3f2dd97764da178a5939ed3630dcdbc29bf808c37968563e93ed7cae01f99ce7
2023-03-23 20:20:59,True,0.1037,5.764e-05,5660.93,0.3263,0x96...ef4a,https://etherscan.io/tx/0xdf28f4982dfd2e03b02afdef6240592f3b00697e7d54222ce7b490c5d350cf43
2023-03-23 20:20:35,True,0.1033,5.739e-05,30149.5,1.73034,0xc7...b61e,https://etherscan.io/tx/0x4047ba511b707a1b9d86e071eba5896cda0db70f7c358023c58c8ab1892de580
2023-03-23 20:19:35,True,0.103,5.717e-05,1220.33,0.0697,0x46...14b1,https://etherscan.io/tx/0x0418ce7e22b4808190ae232aca3c315076054a8932578a621893b585e61c026b
2023-03-23 20:19:35,True,0.103,5.715e-05,1560.84,0.0892,0xef...bc53,https://etherscan.io/tx/0x35d24215d2693226331bda2c0475e2e257851f504aa13fbd955727830edf55ea
2023-03-23 20:19:11,True,0.1023,5.679e-05,51355.5,2.91672,0x60...4b04,https://etherscan.io/tx/0x0c85b2328bfeecf7a5439971e6a618731e69a46290ea39ba11a852e74b071792
2023-03-23 20:18:59,False,0.1017,5.643e-05,52917.6,2.9865,0xc9...27b6,https://etherscan.io/tx/0x8fbc99b01e57accbd61ac57e6580ec4e63350bf278772e56a65eaee7f0d4b4aa
2023-03-23 20:17:47,True,0.1028,5.712e-05,5342.0,0.3051,0x81...08a1,https://etherscan.io/tx/0x9f80346b62db0989dd7b9eda1d62c1ea0502dc6c6e8d24c9085e00c6d49c3b6f
2023-03-23 20:15:59,False,0.1024,5.685e-05,16000.0,0.9097,0xb3...4c10,https://etherscan.io/tx/0xaa2d1e82300226e0723c9194bc04dee28bc5a738537a56045c0b9e922aefc32a
2023-03-23 20:14:59,False,0.1026,5.7e-05,5000.0,0.285,0x47...5346,https://etherscan.io/tx/0x0d8d28509f33e626e286f2850da9bb9bd8e624e902b73a67c011caea98b56be0
2023-03-23 20:14:47,False,0.1027,5.707e-05,6150.0,0.351,0x81...08a1,https://etherscan.io/tx/0x1abdf013d969d82a6ecf922e66c6248d9f1d27a6b4b8f81030694d3646b8100a
2023-03-23 20:14:35,True,0.1033,5.743e-05,3831.18,0.22,0x1c...a1f7,https://etherscan.io/tx/0xa76f2ff37bf864bbc38d2a7b4405aa286100a4d14255a80515aca53a479348fb
2023-03-23 20:13:11,False,0.1028,5.708e-05,2863.42,0.1634,0x3b...1236,https://etherscan.io/tx/0xf40db38b507c8e42a390ee99ba0880ad76aab2b46bd2e9b857bd2dbc2abf5926
2023-03-23 20:12:47,False,0.1029,5.714e-05,5000.0,0.2857,0xb5...4505,https://etherscan.io/tx/0xbb9442d36849397054f3c7fa2343960b6774215cfe3957e837461420493992e8
2023-03-23 20:12:35,False,0.103,5.72e-05,3500.0,0.2002,0xe5...8408,https://etherscan.io/tx/0xe1f88facf95cbf94bf24851bff5177a4c537b9d855999904a5557afd43378805
2023-03-23 20:11:47,True,0.1036,5.756e-05,275.503,0.0158,0x67...4e1a,https://etherscan.io/tx/0x4223fe31dcc4132ba7d18a72800b4c2c153c4114b6352187fc6c49c7528cd9cf
2023-03-23 20:08:11,True,0.1033,5.755e-05,2016.89,0.116,0x81...441c,https://etherscan.io/tx/0x2f3c3cddfb4ca1d93b353e9adb1d2ad461de2272caa66ad60cf9071acfe5f33f
2023-03-23 20:07:47,True,0.103,5.736e-05,25278.0,1.45,0xb0...eb46,https://etherscan.io/tx/0x6687c653abdc44bf276f47d1a5c553cdc0d67582937a0bfa5cd179efc32ed55f
2023-03-23 20:07:35,True,0.1026,5.716e-05,3815.06,0.218,0x97...3045,https://etherscan.io/tx/0x016db1f3af0222eb58417c57dbe3445679df9d876d8f4e21afbcd4892af08da7
2023-03-23 20:07:35,True,0.1026,5.713e-05,694.023,0.0396,0x20...ac03,https://etherscan.io/tx/0x32f8ac2fec2b58ba18f5102bc3251a9ecf9f9d9b4546e3348a60f3dc2d3ca873
2023-03-23 20:06:59,True,0.1025,5.709e-05,4517.5,0.2579,0x8b...1a3f,https://etherscan.io/tx/0x8d38c5022d1dd868002f4975dcd773d34360c6e516c254282c369a731f4040ba
2023-03-23 20:05:35,True,0.1026,5.706e-05,57.5241,0.0032,0xc6...89d8,https://etherscan.io/tx/0xc9675694c2482366c247fa70e9269eb0774b4384d8714f010451b626dbe42c8d
2023-03-23 20:05:35,False,0.102,5.673e-05,2125.85,0.1206,0xdc...2541,https://etherscan.io/tx/0x648b9ddc0ec9f923f07f5d89344f1496fa28c8750d64a7e1b3ded3cf3022a6e6
2023-03-23 20:02:11,True,0.1029,5.703e-05,8690.22,0.4956,0x41...5cd6,https://etherscan.io/tx/0x95e818044a88c7d169e43ed12ba2caba2b9989b85b6c681b1c416b5ebaee5b00
2023-03-23 20:01:35,False,0.1025,5.67e-05,10000.0,0.567,0x67...1812,https://etherscan.io/tx/0xafa38babc7346a60d63ccd99d59c9cc0c92984165b7ab2918b0f5748c81b0721
2023-03-23 20:01:23,False,0.1027,5.681e-05,7274.34,0.4133,0x5d...a6a1,https://etherscan.io/tx/0x61a7e5e0650571de06338b58e87cf3d992f27afdc2d4851467dd79478b40f811
2023-03-23 20:00:23,True,0.103,5.72e-05,112.625,0.0064,0x62...9f77,https://etherscan.io/tx/0x7f34f407ca4b621e6cae48e9897fff3afd1cff72900258af8308d2daa1e5ceb7
2023-03-23 20:00:11,True,0.1029,5.719e-05,1733.08,0.0991,0x01...18b6,https://etherscan.io/tx/0x69b082e13e5be5650c242a3498f323ccd30a55f0d9e6696dd36913c9c78fbff5
2023-03-23 20:00:11,False,0.1025,5.693e-05,13616.9,0.7752,0xc6...fed0,https://etherscan.io/tx/0x90b1c4467ac5e999593200602a94ed5c654304b3ad6b7048737634aeabdc70d5
2023-03-23 19:59:23,True,0.1032,5.736e-05,467.582,0.0268,0x78...b603,https://etherscan.io/tx/0x5528bb2ee76c58ca4dac9a2216c3a1524a24b0ccb4d50bc224f32cafdd3e6071
2023-03-23 19:58:11,True,0.1031,5.735e-05,794.944,0.0456,0x52...8624,https://etherscan.io/tx/0x6410283e2c9244a33ed2211a4ce60c0c033007d69a8ee8692f7aa8547e62a5d2
2023-03-23 19:55:47,True,0.1033,5.735e-05,47.7246,0.0027,0xf2...9ad8,https://etherscan.io/tx/0x573170993e81d3d69f2cfcf93beae06551ab1843f4838488664d2e2b7f8188a4
2023-03-23 19:50:35,True,0.1035,5.734e-05,777.819,0.0446,0x95...d7e2,https://etherscan.io/tx/0x625805ceb3fe0a4ae010180fc7dd76d1d20c28b0d7fef17fd8652562fc8853bf
2023-03-23 19:49:35,True,0.1034,5.721e-05,18555.4,1.06164,0xd2...8438,https://etherscan.io/tx/0x369c97846332582b1b2d00ce7dff28cdb98cad41b4095037ba0e29ff05fbc31d
2023-03-23 19:48:59,False,0.1027,5.681e-05,10000.0,0.5681,0x4e...7fe0,https://etherscan.io/tx/0x68b3ba68644bd7c2da81ce7c14c5587d7c36f0e53fa842d6253fb50fca10123b
2023-03-23 19:47:59,True,0.1046,5.768e-05,4708.36,0.2716,0xb9...029a,https://etherscan.io/tx/0x26419ec3a2d6eda4313f901db25e2359b28f5e28ac29159e724966da3cd87172
2023-03-23 19:47:59,False,0.1035,5.706e-05,35921.4,2.04978,0x55...35b8,https://etherscan.io/tx/0x387f24e9d87bbb9982e8a302c86072db07ed38eb81ca9a8b3ab858312bfc41ef
2023-03-23 19:47:47,True,0.1037,5.721e-05,63609.9,3.6394,0xfa...a85a,https://etherscan.io/tx/0x34c5554fdd5464565a19c93afc208335ccb438c54522e64d2234f4071a528169
2023-03-23 19:47:11,False,0.1024,5.647e-05,5300.0,0.2993,0xe1...76a7,https://etherscan.io/tx/0x21642cff5dc79a299754cb408216d75ab8026b99e9232706f7a098014aef2f7d
2023-03-23 19:46:11,True,0.1031,5.682e-05,3488.67,0.1982,0x20...9ac5,https://etherscan.io/tx/0x9fd36e5f239e788dcbcfdb5702881400ab48c198249ecba1080859402c4c9c7c
2023-03-23 19:46:11,True,0.103,5.679e-05,1004.85,0.057,0xc8...2aea,https://etherscan.io/tx/0x94245f969d31c53a673e6e81158ce0f78735fa5fd33780c0d551a806c286bc4c
2023-03-23 19:45:35,True,0.103,5.675e-05,5286.03,0.3,0x65...8dbc,https://etherscan.io/tx/0x3fbfcd9b782437ea3ea826e3001e9225eeded53aec071264c0a730cbfbb1546b
2023-03-23 19:45:23,True,0.1028,5.67e-05,1748.07,0.0991,0x90...41a4,https://etherscan.io/tx/0x7d2890a7928bd894457404e424bdc1b1d56f3f73f4896950c87b4d20189ef9d6
2023-03-23 19:45:11,True,0.1028,5.667e-05,2209.37,0.1252,0x2e...f345,https://etherscan.io/tx/0xeab90aa866159054959cb0e20848cd3a4088b2af75d40aa9f6c07a33fb83db8a
2023-03-23 19:44:23,False,0.1022,5.633e-05,1049.86,0.0591,0x82...3e24,https://etherscan.io/tx/0x9bf771bc55555e699e96e37330aeb5b8db12fed1b15c50e23b40717446763784
2023-03-23 19:43:35,True,0.1029,5.667e-05,814.207,0.0461,0x85...86c7,https://etherscan.io/tx/0x734f6ae4f8fb52759838422d2dc203050e0943b7d3b24f87a20b985e53726c05
2023-03-23 19:42:59,True,0.1029,5.665e-05,1399.64,0.0793,0x3b...1b14,https://etherscan.io/tx/0x899c778445e7909c6d026eba81f20aff1397d7474a3c5328709a29a21a3b3556
2023-03-23 19:42:23,True,0.1028,5.66e-05,6854.95,0.388,0xf5...29b9,https://etherscan.io/tx/0xc6d0bcf2e32e23ce529d52da7bcb201691015e2c2e051f5778e4256dffcb8bd5
2023-03-23 19:42:11,True,0.1028,5.653e-05,3331.5,0.1883,0x50...8b73,https://etherscan.io/tx/0xcc2c47a728edd0399c7c1dfe40f7b4f3fa6fe3516391c91ca6e1083b152b59b1
2023-03-23 19:41:35,False,0.1025,5.636e-05,29381.7,1.65622,0x37...d3d1,https://etherscan.io/tx/0x8e6a0afbd4cc7f16f65f2c664e2787111ed441e5f725aeedd48d4bb8361f6f79
2023-03-23 19:40:59,True,0.1034,5.685e-05,7562.92,0.43,0xaf...9233,https://etherscan.io/tx/0x54855bfb2fbf01b3e7ba67ea7441309591d1d3a6bbe00faee0e1a908f73bd501
2023-03-23 19:40:35,True,0.1033,5.679e-05,1518.44,0.0862,0x4a...68d5,https://etherscan.io/tx/0xc122b11540f11f77d0c6c4238a0cb0b31699c4f8026a7e3b9a24c3435348b858
2023-03-23 19:39:59,True,0.103,5.661e-05,24937.6,1.41183,0xc2...b42a,https://etherscan.io/tx/0x3ca080814d1ed54581de9f561662cad466649817ab6bf090bdb00a1623bd0303
2023-03-23 19:39:47,False,0.1027,5.644e-05,49555.9,2.79702,0x62...3d69,https://etherscan.io/tx/0xceeb8210363dae13667233d4a608b383a28680c8fd3d1822014180c717483e9e
2023-03-23 19:39:35,False,0.1036,5.694e-05,24000.0,1.36658,0x67...e0d4,https://etherscan.io/tx/0xc94ad082b443c243dbda8ac812001ea5df7c7367f48bffd591fccec04d27154a
2023-03-23 19:38:35,True,0.1045,5.744e-05,945.8,0.0543,0x95...a3bc,https://etherscan.io/tx/0x10b58abf351de24fff4561ece5484ffcea108cd1e3ffeff346e97d21fe447c40
2023-03-23 19:38:23,True,0.1044,5.736e-05,9828.18,0.5638,0x2e...f345,https://etherscan.io/tx/0x55156bd1db9319f99913082cd757ffdb339afe9d8a3efbde8f7a4cc8f461c8c2
2023-03-23 19:38:11,False,0.104,5.717e-05,32213.4,1.84191,0x85...6536,https://etherscan.io/tx/0x8b003c2bf7402e23bbc591a85986ba8c75faf807147ea9af9abbb3e26ecb8b7a
2023-03-23 19:38:11,True,0.1051,5.774e-05,377.663,0.0218,0x1c...a1f7,https://etherscan.io/tx/0xa27147a1f6485052d69345d1c9d4407c28644ee8b8065d7edfdebfaa5a25035f
2023-03-23 19:37:47,True,0.105,5.773e-05,930.343,0.0537,0xda...62ea,https://etherscan.io/tx/0xef1c51bc316b5487dc544c2e82c8fe3346130e757ba17bdd18c79b4a08b1d464
2023-03-23 19:36:11,True,0.105,5.771e-05,1889.26,0.109,0xc2...a9e3,https://etherscan.io/tx/0xa2b8464fb71f6557af82398354766991b351ca26de53d9662adfcc1493c78d94
2023-03-23 19:34:47,False,0.1044,5.739e-05,5000.0,0.2869,0xb5...4505,https://etherscan.io/tx/0x2c3185044307ce2ea2f497553112556a5a9bac7178b4eaf3ec883996d8841642
2023-03-23 19:33:47,False,0.1044,5.744e-05,2151.74,0.1236,0x76...7d5e,https://etherscan.io/tx/0x3fe8dcce9b7da75f0fe6df550b8507cb54be9aa91a00b87ad51f50d6328f94bb
2023-03-23 19:33:47,False,0.1045,5.747e-05,2764.7,0.1589,0x76...7d5e,https://etherscan.io/tx/0x3fe8dcce9b7da75f0fe6df550b8507cb54be9aa91a00b87ad51f50d6328f94bb
2023-03-23 19:33:47,False,0.1046,5.753e-05,6207.58,0.3571,0x76...7d5e,https://etherscan.io/tx/0x3fe8dcce9b7da75f0fe6df550b8507cb54be9aa91a00b87ad51f50d6328f94bb
2023-03-23 19:33:47,True,0.105,5.772e-05,28392.1,1.639,0x7b...3cf1,https://etherscan.io/tx/0xec106437d91b60dcdfee2ce21a6a2208b250481354a795d55b8b5a80e3a363da
2023-03-23 19:33:35,True,0.1044,5.74e-05,17418.9,1.0,0x3a...737c,https://etherscan.io/tx/0x45c132f218be6cfc5c4c1da3902587cbe2c9d3c024ea2c6cf94e0d1812fac921
2023-03-23 19:33:11,True,0.1042,5.728e-05,259.549,0.0148,0x0a...4072,https://etherscan.io/tx/0x963535d91c78345ca90797707dfb93c576c7f02254a35dc5f4ae55f52c63a36e
2023-03-23 19:32:35,True,0.1038,5.71e-05,26037.2,1.48687,0x10...6272,https://etherscan.io/tx/0x171b9c0db9ce1cdc59851510f2246882005f66e00d7113718800ec43ed526052
2023-03-23 19:32:23,True,0.1035,5.692e-05,522.407,0.0297,0x0a...4072,https://etherscan.io/tx/0x5ea43980f611c04b29cf2a89604f935d577de4e7f32a9ee5aaf490a6666b64b3
2023-03-23 19:31:47,True,0.1034,5.685e-05,10000.0,0.5685,0x06...1b4f,https://etherscan.io/tx/0xf89dbd4fc2783ee924e6adcd74f9af7cd3f342e16ee39a27b9fd8e5edd9122c0
2023-03-23 19:31:35,True,0.103,5.667e-05,15879.8,0.9,0x88...1cba,https://etherscan.io/tx/0xd7954aa01eab9a9d97614f20a70fcb0e66eb8c06c1f45069baad5b1f82ebedbd
2023-03-23 19:31:35,True,0.1028,5.656e-05,350.476,0.0198,0x0a...4072,https://etherscan.io/tx/0xed38281ae5baaf6ed7256303dded46a416d122cf2977ed5ffccd3fd179584001
2023-03-23 19:30:59,True,0.1029,5.656e-05,525.769,0.0297,0x0a...4072,https://etherscan.io/tx/0x033b5ca7ea7854512074522453ad55811959f21a777c6f9ac33037deff37e980
2023-03-23 19:29:59,True,0.1029,5.648e-05,10799.6,0.61,0x74...297e,https://etherscan.io/tx/0xd1b73830fbab4cf03f7dc7f61f0c75cf87760ea67e564360448f81855b6fc422
2023-03-23 19:29:11,True,0.1026,5.639e-05,2460.81,0.1387,0xfb...94fd,https://etherscan.io/tx/0x8cb79321db1fedb251206f1c5c8f8e349f11d7f9f2c9b1fca79d81fa1b1d65df
2023-03-23 19:26:35,True,0.1025,5.636e-05,1626.69,0.0916,0xe9...9de6,https://etherscan.io/tx/0x9ce926f4c33945a9b562ee60712bb1e837c03ca7ba4d1e051d021b8bebec1197
2023-03-23 19:25:59,True,0.1023,5.62e-05,21882.9,1.23,0x9e...868e,https://etherscan.io/tx/0xc032f592c411ecf0b79e19ce42a2fc4c8d74528378f679de85fd3b53bd593c31
2023-03-23 19:25:59,False,0.1015,5.577e-05,7966.48,0.4443,0x45...7793,https://etherscan.io/tx/0xa6def71877e0d83c4b75c6ab3b2da22bb4d6bfd5f2511d5c9ff82a72e7a8aabf
2023-03-23 19:24:59,False,0.1017,5.587e-05,5993.91,0.3348,0x00...6bba,https://etherscan.io/tx/0x1e7c0ab70e897fbd8994f3b51f5aeb79f90582c5f876b1c195c852557eef267f
2023-03-23 19:24:47,True,0.1031,5.656e-05,29990.6,1.69629,0x89...b678,https://etherscan.io/tx/0xeabc5327488048197f094d9df553987d5bacc966a995af2207832c34b48ba6c7
2023-03-23 19:24:47,True,0.1025,5.626e-05,14516.7,0.8167,0xb6...af13,https://etherscan.io/tx/0x3aed4a7ea2eff7131054ec19c6e37816167fff7f7439c86555342772db58d3a3
2023-03-23 19:24:35,True,0.1011,5.55e-05,23306.6,1.29352,0xa2...fb83,https://etherscan.io/tx/0xe11b5231b866416dc3e9abdf46918771a8200417cd6d4467cb612a6a58f1e692
2023-03-23 19:24:35,True,0.1008,5.534e-05,978.316,0.0541,0xd4...75c7,https://etherscan.io/tx/0xd08d0a5f72278754e175c36cc99b63bdc1cd98f59b9e6626c03dc8ebd24824c2
2023-03-23 19:24:23,True,0.1008,5.53e-05,5165.06,0.2856,0x58...5d73,https://etherscan.io/tx/0x5dc6f37e675d8e131b42ebc7937012b7993012eec66bec565204683eb3c55b0f
2023-03-23 19:23:35,False,0.1003,5.508e-05,23000.0,1.26697,0x47...5346,https://etherscan.io/tx/0x40fda8c1fdcb3e51ec88159e7fe30ad14bf6e2e828759f7dc886df79e2bdae16
2023-03-23 19:23:23,False,0.1006,5.526e-05,4068.56,0.2248,0x4e...135f,https://etherscan.io/tx/0xd360b675bba2c844561592843e68ec36242f20dee931b409e27b1688d775d46a
2023-03-23 19:22:35,True,0.1012,5.551e-05,16212.0,0.9,0x37...63d2,https://etherscan.io/tx/0x45a3968134fbc05d0393c7bc62fd03265b9e2c5a0039985565a0837d3fc82f70
2023-03-23 19:22:23,True,0.101,5.54e-05,144.386,0.008,0x86...b5f1,https://etherscan.io/tx/0xd067329fb807c3f3cbd7ea28b75a0064fd4b561db721ede6c825bd4d4db9a3d3
2023-03-23 19:21:47,True,0.101,5.534e-05,9576.59,0.53,0x41...44f0,https://etherscan.io/tx/0x6a25e04b55f5c22661992dc12889e2a83e518bcb8eafaf92790357647e59d84b
2023-03-23 19:21:35,True,0.1008,5.521e-05,9960.97,0.55,0xe8...5659,https://etherscan.io/tx/0xc976c589d122eb45ad3b5de77131041eacf7d7df3bdc7359aa00e0e0254cd02d
2023-03-23 19:20:59,True,0.1007,5.513e-05,2575.55,0.142,0x31...839c,https://etherscan.io/tx/0xc9da966c36dda2fd39ab50b7790b70040637c6513b69f47f0b91f0678bb21145
2023-03-23 19:20:47,True,0.1006,5.511e-05,269.776,0.0148,0x0a...4072,https://etherscan.io/tx/0x4a539be3b895e11d63e5d329af96ccb24bad953ba89a341468c202ac7484da1f
2023-03-23 19:20:35,False,0.1,5.479e-05,1308.08,0.0716,0x86...b5f1,https://etherscan.io/tx/0x17a9762ac0630affec949b73831fceb6d9000a73f0788d8b74ee7efb1142a0b1
2023-03-23 19:20:23,True,0.1006,5.509e-05,5397.47,0.2973,0x08...b6ed,https://etherscan.io/tx/0xac541f164b0a349eb423712e03977d5d6405c9a7e6bfe71eb8ef6fb91307b4b4
2023-03-23 19:19:47,True,0.1003,5.49e-05,23676.6,1.3,0x58...1a52,https://etherscan.io/tx/0xe944064b4343b8c89d33710ca1d0777a09805032a02480835718ec74f29d76a8
2023-03-23 19:19:47,True,0.1,5.471e-05,5434.63,0.2973,0xfe...781d,https://etherscan.io/tx/0x417a45d00cd052480a686b210839fc79ee1439a630a1a21093930b8088fbb490
2023-03-23 19:19:47,True,0.09995,5.468e-05,271.914,0.0148,0x0a...4072,https://etherscan.io/tx/0xead5393ebf899cbdc987fed1525f0ce22ffc0de77cbaf99c608e792410c43c16
2023-03-23 19:19:35,True,0.09964,5.45e-05,27268.7,1.48628,0x27...c008,https://etherscan.io/tx/0x49f92766f1d2ebfb4b66c9df6ed966d9eea7a75ac862f72d2f8642cff4f63048
2023-03-23 19:18:35,True,0.09909,5.427e-05,8475.07,0.46,0x21...7ff8,https://etherscan.io/tx/0xf9da3b535d1ab765792fa8182dcf21930b963cfa7dcb4376c4ee523802c13921
2023-03-23 19:18:23,True,0.09894,5.419e-05,4613.09,0.25,0x99...33da,https://etherscan.io/tx/0x58f3c2c0669b4bacd4fb2b3034556593c014391c2002e47ab48fcb748bf27005
2023-03-23 19:17:59,True,0.09901,5.414e-05,3324.78,0.18,0x0d...cbdb,https://etherscan.io/tx/0x8cba1bfab7fcd51011f4be8448e21c1907f7edbf07ba9b631330e1cc581794c5
2023-03-23 19:17:47,True,0.09874,5.399e-05,20232.9,1.09246,0x4a...77e9,https://etherscan.io/tx/0xd904d1131c4213af1d9f3a3714dbcc5ced96bfdee6a779befcfd640c594cd698
2023-03-23 19:17:23,False,0.09792,5.355e-05,1395.91,0.0747,0x58...fa4f,https://etherscan.io/tx/0xad4f56e2a39f21db08809e078f847a9e48903787e164dc1fb9fdd5c36a5b33a0
2023-03-23 19:17:23,True,0.09853,5.388e-05,367.938,0.0198,0x0a...4072,https://etherscan.io/tx/0x1847ac5078ee765eb3c67b0096a2e63a739f742ad937d656b0a450b3b46e37db
2023-03-23 19:16:47,True,0.09852,5.387e-05,1010.14,0.0544,0x70...65ad,https://etherscan.io/tx/0x6c3c2aadbce05abaf566045c6bcb918341a5c4340ebbd36b817806d4ab1fb091
2023-03-23 19:15:47,True,0.09795,5.356e-05,48878.0,2.61794,0x99...7a78,https://etherscan.io/tx/0x63becf1de7423684d0a26e7e869421ab2163f09befc2ef2c5afa2ffba6884c4d
2023-03-23 19:15:35,True,0.09739,5.325e-05,428.11,0.0228,0x0a...4072,https://etherscan.io/tx/0x69fb5bcf24c8182b904a12332c64944be176a966278532492fb0bc02da885834
2023-03-23 19:15:11,True,0.09733,5.321e-05,5587.95,0.2973,0x0a...14a0,https://etherscan.io/tx/0x0e8ab9260a2c68526755833e1601479ad43cc2a8ac2a1bb03b99f9c29b0c5f65
2023-03-23 19:14:59,False,0.09677,5.291e-05,7559.94,0.4,0xb2...3ed4,https://etherscan.io/tx/0x87cbd4b69ef1b4097da2ddaf3a9bb7451f0c59e94a6863c188fc734c49cee2ed
2023-03-23 19:14:59,True,0.09712,5.31e-05,28247.8,1.5,0xd5...9477,https://etherscan.io/tx/0x180ec17f1e25d915814b09c3bb0098af1cac02067328d3553d431ed95cfb4108
2023-03-23 19:14:47,False,0.09659,5.281e-05,32957.3,1.74054,0xbf...73b6,https://etherscan.io/tx/0xdbeaee462a3b297628284fc29d7eb15c1a44e44db7f40b81b7659e67d6cc8bae
2023-03-23 19:14:47,False,0.09718,5.313e-05,19625.7,1.0428,0x00...bde7,https://etherscan.io/tx/0x52c8b53c2856654c1be5ef47deac9753ee7765a821d98b404aa984ee20fbb114
2023-03-23 19:14:23,True,0.1058,5.785e-05,37702.3,2.18112,0xe3...a523,https://etherscan.io/tx/0xbe4c56494062bc25c06a95903126fa30ca237b55a6ec652773e48b0fb175c50a
2023-03-23 19:14:11,True,0.09704,5.306e-05,5653.83,0.3,0xc7...2915,https://etherscan.io/tx/0x357a6adfec599780767f1adca8e5ffccc82b4fe53c502d3532dd505f3b3d5389
2023-03-23 19:14:11,True,0.1015,5.549e-05,55325.9,3.07037,0xbb...38bf,https://etherscan.io/tx/0xb795191ef3264c461dc47075eb6bed67086bfd47b8608c75100ad7bb1b08a1fa
2023-03-23 19:13:35,True,0.09574,5.234e-05,806.984,0.0422,0x76...7d5e,https://etherscan.io/tx/0xce4eed1ca6b65219bb247a7af6ca9fb24603fa396aa039a6cc5a99623790b014
2023-03-23 19:13:35,True,0.09571,5.232e-05,1932.94,0.1011,0x76...7d5e,https://etherscan.io/tx/0xce4eed1ca6b65219bb247a7af6ca9fb24603fa396aa039a6cc5a99623790b014
2023-03-23 19:13:35,True,0.09565,5.228e-05,4253.1,0.2223,0x76...7d5e,https://etherscan.io/tx/0xce4eed1ca6b65219bb247a7af6ca9fb24603fa396aa039a6cc5a99623790b014
2023-03-23 19:13:35,True,0.09557,5.224e-05,2492.42,0.1302,0x76...7d5e,https://etherscan.io/tx/0xce4eed1ca6b65219bb247a7af6ca9fb24603fa396aa039a6cc5a99623790b014
2023-03-23 19:13:35,True,0.09553,5.222e-05,1305.32,0.0681,0x76...7d5e,https://etherscan.io/tx/0xce4eed1ca6b65219bb247a7af6ca9fb24603fa396aa039a6cc5a99623790b014
2023-03-23 19:13:23,True,0.09539,5.22e-05,1785.83,0.0932,0xc1...958c,https://etherscan.io/tx/0x1822ecd813e2bc85cf1f2378a69d6b68e8965767f5b16908696b01bcca6a998e
2023-03-23 19:13:23,False,0.09524,5.212e-05,40000.0,2.08481,0xe9...9db9,https://etherscan.io/tx/0x75f6c7306e64762bfaba68480f9bd81689812e0d1fa7bae52b8120a34302187e
2023-03-23 19:12:59,True,0.09599,5.26e-05,11975.8,0.6299,0xf0...6953,https://etherscan.io/tx/0xf378f4bb9c1dba15d92bad7414f86cc732cfb9151eea3c13abd06b857f43d144
2023-03-23 19:12:59,True,0.0957,5.244e-05,14898.5,0.7812,0xa7...0e24,https://etherscan.io/tx/0xc9475d90cba3cb49cd072b54c6f979ec7d40677ce0bcc41b45fa25cb409b5d59
2023-03-23 19:12:23,False,0.0956,5.238e-05,58450.0,3.06212,0xbf...3fe0,https://etherscan.io/tx/0xcc9e0fab699cdfd55c309f582524f312a14a7ab9c2a5f19e6c19e6f8370c1d8d
2023-03-23 19:11:59,True,0.09713,5.322e-05,26283.2,1.39878,0x4e...135f,https://etherscan.io/tx/0x4b8d14722dc91783239868fa753c18367f13e8f88a8b300dce9bebcaded3202d
2023-03-23 19:11:59,True,0.09636,5.279e-05,42639.4,2.2512,0x1d...f241,https://etherscan.io/tx/0x615ac4e297e744d4bbb32a32563f2920b9e7653968deabb6d47bca20858e03a6
2023-03-23 19:11:47,True,0.09522,5.217e-05,8064.93,0.4207,0x0c...d434,https://etherscan.io/tx/0x93f3fd5449e79f3b882f999b4916e1b7c9f570ea93ecd12397da4d9308c5235a
2023-03-23 19:11:47,True,0.09458,5.182e-05,50284.1,2.60596,0xf7...f2d2,https://etherscan.io/tx/0x5e6397e46a3c604f182079722bbf595f99950c1e62fae8be28366c2e80fb67a9
2023-03-23 19:11:35,True,0.09395,5.149e-05,6180.61,0.3182,0x8e...94f5,https://etherscan.io/tx/0x1398c9fbbbab49ff48657a6f995183bc50219a849bc15d876aff55dc89a8b2c5
2023-03-23 19:11:35,False,0.09668,5.298e-05,304997.0,16.1614,0x55...1919,https://etherscan.io/tx/0x42b17d4ac28fdf0df1193473108b2e6f475e1257b43ac295f05a9e3fb890d9d1
2023-03-23 19:10:35,True,0.1007,5.522e-05,384.147,0.0212,0x6d...fc48,https://etherscan.io/tx/0xb6693378f668a661e87503856e387d4444240ec734f31f9a36366b5beed0959b
2023-03-23 19:10:23,True,0.1006,5.519e-05,4264.7,0.2353,0x44...f78d,https://etherscan.io/tx/0x222ca1273e6a65f90190cf8e462f30bf07c12f0cce08a00d159a4b60b92bb7b8
2023-03-23 19:10:11,False,0.1004,5.505e-05,34557.7,1.90262,0xc6...fed0,https://etherscan.io/tx/0x05b899ffec4136269710b0d410f9b9341df7cd2641399b11fd1d33ce62d0fce4
2023-03-23 19:09:47,False,0.101,5.539e-05,17699.9,0.9805,0x39...d989,https://etherscan.io/tx/0x4db11ea44eb2d4f69c416c5f26bd227ad19822cb089c461e6dd562a81c64468f
2023-03-23 19:08:23,False,0.1015,5.571e-05,30001.2,1.67143,0xc6...fed0,https://etherscan.io/tx/0x761f7cc909d0649a36fac14e503f41068a32cc19cd7344a945b36dbd41219798
2023-03-23 19:08:11,True,0.1023,5.612e-05,17816.4,1.0,0xd5...9477,https://etherscan.io/tx/0x9fd9ae1923c9783b2b12cc0dc6c13fe69eb782b08bc7892faabad4d90c8cf37b
2023-03-23 19:07:47,True,0.1021,5.598e-05,3272.01,0.1831,0xe5...7a09,https://etherscan.io/tx/0x4d72c16f041abb6dd84340b6f05b9598ba04ba5d73e38a7336a02f25dd3b69f6
2023-03-23 19:07:47,False,0.1016,5.575e-05,18795.8,1.04796,0x4e...135f,https://etherscan.io/tx/0xed1a9a0b6a0a9ea2e46fab0d9550f3ed439c2a713bd6281ee89110a360aaf767
2023-03-23 19:07:35,False,0.1023,5.605e-05,25490.4,1.42873,0x61...dc3f,https://etherscan.io/tx/0xdd549aae32a02054cc44de2ae7e18164d13a2ab619c83653dae426fd333136a0
2023-03-23 19:06:35,True,0.1031,5.652e-05,5481.31,0.3098,0x4d...f765,https://etherscan.io/tx/0x66ee53c54bcfc0d66753aad475f92fafde3c1045039fb4dfd52f7061940fd89a
2023-03-23 19:06:23,True,0.103,5.647e-05,958.033,0.0541,0x6f...645c,https://etherscan.io/tx/0xfdef5a71664e2c047bb08234bc8d81cb36f9029c578430037caafc0d58dd4a26
2023-03-23 19:06:23,False,0.1027,5.631e-05,26825.6,1.51065,0xc6...fed0,https://etherscan.io/tx/0x7cee35615edf2005dd8a8c47c086de2440e89599cda8edb9d176f5e121d0219a
2023-03-23 19:05:59,True,0.1037,5.683e-05,467.535,0.0265,0xd7...cde8,https://etherscan.io/tx/0x1ae83695b526da5cc14be37596b777629489e8128fd121c92ccd5668b3f7b427
