datetime,buy_order,price_USD,price_native,amount_token,total_native,maker,etherscan_url
2023-03-19 16:20:59,False,0.08424,4.697e-05,2599.0,0.122,0xd5...0beb,https://etherscan.io/tx/0x2a427d93a177d1064234775f6bc86581c8bfa7e05b1df0b8b2db7824c5eff30f
2023-03-19 16:17:47,True,0.08471,4.716e-05,20850.0,0.9833,0xe9...a86b,https://etherscan.io/tx/0x84aa952a6b63638d25d1456081b0c1df67360a9c39fc17b8b7207c5f0d530fad
2023-03-19 16:17:35,False,0.08402,4.677e-05,297.0,0.0138,0x31...08be,https://etherscan.io/tx/0x0bf42682af7233505ac43bbf126b319b48871a4ce6c821c56cb19f152a8eff54
2023-03-19 16:14:59,False,0.08387,4.68e-05,6000.0,0.2808,0x53...f16d,https://etherscan.io/tx/0x7ce077af0727071ddf6cceda3531d3153d882f21cc398b1297f847afd614f09b
2023-03-19 16:10:35,True,0.0849,4.709e-05,4920.54,0.2317,0x81...0bda,https://etherscan.io/tx/0xe4f3cc9241308953a7bd0a011a5e297c00711b08aee797db7e01f1aafc9ea47d
2023-03-19 16:07:59,True,0.08482,4.703e-05,5900.66,0.2775,0xf0...91cd,https://etherscan.io/tx/0x713b233e8ee27d386a6a6706d88d08f33935d3bce09c2c11a8d7a78845fc1f53
2023-03-19 16:04:11,True,0.08401,4.69e-05,20596.3,0.9659,0x70...4545,https://etherscan.io/tx/0xb33103dada150d5be00c680391582f3b69efe5c6736d87bc4f0c35602ca3839a
2023-03-19 16:02:59,True,0.08371,4.679e-05,320.552,0.015,0xed...a5ff,https://etherscan.io/tx/0xde78e78c4f4ef950ac348540115cf3bf73a0d441dd9ecf8beaf9a939b3992767
2023-03-19 15:57:35,False,0.08302,4.652e-05,3000.0,0.1395,0x78...c262,https://etherscan.io/tx/0xcb5ac980bb0e73b4183b2231f7ee86a15aef66310bf3bdac5ccffbed580304bb
2023-03-19 15:57:23,False,0.08311,4.657e-05,7094.52,0.3304,0xd9...7a91,https://etherscan.io/tx/0x7a09941654815e18a7ad23bc58fd418ebb476670dd3b307c1aa22b286672a3cd
2023-03-19 15:52:11,False,0.08336,4.667e-05,10893.6,0.5084,0xee...8509,https://etherscan.io/tx/0xbe04930e01f8c86858392f653163dba38ca0d5dbd38777d967a4a8d2a3c16a91
2023-03-19 15:49:59,False,0.0835,4.673e-05,2752.0,0.1286,0xe6...7380,https://etherscan.io/tx/0x0180e7151438dfa83eb3aa506f5db64017828ecfea13b2d3061ef7cd1e2b8992
2023-03-19 15:46:35,True,0.084,4.702e-05,2107.96,0.0991,0x4b...e6fa,https://etherscan.io/tx/0x54aef32e399d35142940e59657632def31720f45a51a9faf5e666addc9d7fa77
2023-03-19 15:46:35,True,0.08389,4.696e-05,9920.43,0.4658,0xf6...18f4,https://etherscan.io/tx/0x6048d06895e005266a2366c81f0b53811f97f83297ae4b05bcdc3f558325fa59
2023-03-19 15:44:35,False,0.08334,4.665e-05,4850.0,0.2262,0xe5...8408,https://etherscan.io/tx/0xf77aa0cea2f8b22a1f61edce4eb3a1ae472f5112e707ec8483b4d914e4f8ee2c
2023-03-19 15:41:23,True,0.08386,4.696e-05,23.5153,0.0011,0x28...a921,https://etherscan.io/tx/0x4b4a47d6f288b5291302424a54e7ac4380b1c384919d21872ced167fd5e55af6
2023-03-19 15:40:59,True,0.08385,4.695e-05,473.554,0.0222,0x12...5d63,https://etherscan.io/tx/0xe3ca535d122f008e6af59038db194e9874f0bc9cc469178345fbb6038e542dd9
2023-03-19 15:39:59,True,0.08385,4.695e-05,165.884,0.0077,0x5d...c7d4,https://etherscan.io/tx/0x8c0e47e6278d4b4c9d6837cf237dc0c22cbcfc039987620bfad0b53c2e18701c
2023-03-19 15:35:47,False,0.08341,4.672e-05,10950.4,0.5117,0x92...f2fe,https://etherscan.io/tx/0x3579b9cf44fe5f90e1ef6140eea96600f442e711c5fb341536253e99e1598133
2023-03-19 15:32:47,False,0.08368,4.68e-05,3867.23,0.181,0xd4...8e03,https://etherscan.io/tx/0xc7b9c1081fe4b5aa5cfdfd68101b25e68735d72ca57bf603f6527fda74a11759
2023-03-19 15:29:59,True,0.08408,4.71e-05,1005.0,0.0473,0x05...2ff7,https://etherscan.io/tx/0x842d8877f38662b95f0e6b129b753349cdbee6912c92831b8264b15b135f531e
2023-03-19 15:29:23,True,0.08398,4.709e-05,1004.79,0.0473,0x05...2ff7,https://etherscan.io/tx/0xf205bf7babb7d55036d628e5573850f867fc6761ddf0dce8f1ba70e51cc00d1a
2023-03-19 15:29:23,True,0.08396,4.708e-05,947.442,0.0446,0x74...bec2,https://etherscan.io/tx/0xd66e3c86cc516b1e5b0fad96122e33384530be02ed3d642224853af44809a05b
2023-03-19 15:28:23,True,0.08386,4.707e-05,1005.0,0.0473,0x05...2ff7,https://etherscan.io/tx/0xfd2934f82247b29ceab5da8ab35bbb2a4998e464fb33ee12c7caf89643898ed1
2023-03-19 15:27:35,True,0.08376,4.706e-05,1005.0,0.0473,0x05...2ff7,https://etherscan.io/tx/0x9ef999c39d0ccad23bc8be7413cbf8f6c26ce8398ee707d907cd61c148ad3dad
2023-03-19 15:26:23,True,0.08375,4.705e-05,421.334,0.0198,0x98...b14c,https://etherscan.io/tx/0x7fc87c0aa91f8656633c7a7cff1fe4ec9e5ccea9a4871d9807c126f283ca4927
2023-03-19 15:25:59,False,0.08329,4.679e-05,5000.0,0.2339,0xe4...6771,https://etherscan.io/tx/0x31ae5d597ffe24a8de9c8fb3ab98532ab7657c37ae4fcf68bbb8d675e1bf6bfd
2023-03-19 15:21:47,True,0.08385,4.71e-05,349.187,0.0164,0x96...dd50,https://etherscan.io/tx/0x1691372805f6d6efc4a62f0a164274342ab78e2da4066653e016fc701422c924
2023-03-19 15:19:35,True,0.08384,4.709e-05,251.25,0.0118,0x2b...cf82,https://etherscan.io/tx/0xb64cecd32f1546d3aab4125d41a92569e011bcc3525156e641e44f6d8d44c029
2023-03-19 15:15:35,True,0.08372,4.708e-05,1698.17,0.0799,0xaf...4210,https://etherscan.io/tx/0x1300e9ade6757dd9ae81b0b68d60667178337654f27e201473808b33a28ff66f
2023-03-19 15:12:23,True,0.08371,4.706e-05,2527.33,0.1189,0x55...57f4,https://etherscan.io/tx/0x842efec6c8f5fe248394f309417d386de022f68109c5329096f5256bfcbc2eb2
2023-03-19 15:11:11,True,0.08367,4.704e-05,1369.56,0.0644,0x6d...f25f,https://etherscan.io/tx/0x9acdc30827a437a16495732ed3b66b1f7528a4a9238f775a31d97f5b0558aa31
2023-03-19 15:07:35,False,0.08311,4.676e-05,1000.0,0.0467,0x18...f6fa,https://etherscan.io/tx/0x754cbbeed3c45ea0f8dece5c475ca96554b9b049c92e9ae9433efcab3d2b8df2
2023-03-19 15:04:47,False,0.08314,4.677e-05,1906.5,0.0891,0x8f...4553,https://etherscan.io/tx/0xf21aaad9b8b1d51165981f48dd81d2c92eb61d3b4df45d86aaeaf6fdeb0c9495
2023-03-19 15:04:23,True,0.08365,4.706e-05,147.422,0.0069,0x21...1e80,https://etherscan.io/tx/0x8824de43bd3adb5d396d1fb1fc27274e600d4f5344754cf2496756b058cfae10
2023-03-19 14:57:47,True,0.08361,4.706e-05,168.488,0.0079,0x98...b767,https://etherscan.io/tx/0xebc4b5dec07a3c2413814193d9f00c798ad2d27e1242561e02aea1f0302ce530
2023-03-19 14:44:47,False,0.08314,4.68e-05,4747.79,0.2222,0xdd...8a2f,https://etherscan.io/tx/0xa90c0f57e4a6f15d69bf2f8e97b6da35295d39be6f45ad923d1afc95ba177f5c
2023-03-19 14:39:35,True,0.08361,4.711e-05,526.019,0.0247,0xfe...3c4a,https://etherscan.io/tx/0x74d4ea773cca352f4a3c34c24281066b4a24d4e043e7b907092e556fa82033b7
2023-03-19 14:35:23,True,0.08382,4.707e-05,6044.5,0.2845,0x7f...7e3d,https://etherscan.io/tx/0x4e8e78dda07fdf87b95d7706ba4f5cc1c548c52df68211faf036420f708d4217
2023-03-19 14:35:11,True,0.08375,4.703e-05,2318.27,0.109,0x5e...3ef2,https://etherscan.io/tx/0x8a052d3aa19faa520f17e3cfad3d9d18b62e5805439d07b6147cbb6fb2790c32
2023-03-19 14:33:59,True,0.08372,4.702e-05,472.009,0.0221,0xe9...e8e1,https://etherscan.io/tx/0x0bc5db326fbea04291e134aea63386821f9ba0f42ab6950283837c0a731ab14e
2023-03-19 14:31:59,True,0.0837,4.7e-05,2285.98,0.1074,0x7b...1be5,https://etherscan.io/tx/0x0f8c8ec2e51beffb8238015acffe8fac1c8664aaf3d1251c26d909b2242d0385
2023-03-19 14:31:23,True,0.08362,4.696e-05,5909.91,0.2775,0xd0...bfc5,https://etherscan.io/tx/0x99c39af4a06185fb711855cd309df6f550c41fdaae1736a1db744bb2d7ac22fa
2023-03-19 14:28:47,False,0.08326,4.677e-05,23859.6,1.116,0x28...5428,https://etherscan.io/tx/0x47cf30d017c6c4c4edde500619633fb283fa29578333ed9d9f68926bcd1e0602
2023-03-19 14:26:35,True,0.08396,4.717e-05,210.113,0.0099,0x28...3692,https://etherscan.io/tx/0xfdf10a85a9fa7468bf8db0172b93f201e0985b05c1e5b8c55e0ae27d42265532
2023-03-19 14:24:35,False,0.0835,4.689e-05,75.5731,0.0035,0x36...eebd,https://etherscan.io/tx/0x0a369424b65d0a1733ab2cdac8a044ba41749625354610bf715a60edc9c1268c
2023-03-19 14:21:11,False,0.08343,4.689e-05,691.065,0.0324,0x0b...6526,https://etherscan.io/tx/0x04a8b9d77619a3029d1860366af48d52355f361bc7cb985cd22e46111c6f636a
2023-03-19 14:05:47,True,0.08406,4.718e-05,503.871,0.0237,0x3d...7b7b,https://etherscan.io/tx/0x96f963f98e360b480393d06b5af078fdea920c52e18314ff3fd82e636efc4b1b
2023-03-19 14:05:11,True,0.08405,4.712e-05,11247.8,0.53,0x41...44f0,https://etherscan.io/tx/0x40681bca2888a30403dffbc30d166b7f5dd8b8e992e6315f8f8f39358ee174e8
2023-03-19 13:59:35,True,0.08392,4.705e-05,1445.11,0.068,0xb0...9915,https://etherscan.io/tx/0xaed18cf00c59685a20a9cff0d6f8f3fb3e9517fbae438c9baf0971df6e77f97b
2023-03-19 13:56:23,True,0.08389,4.704e-05,929.24,0.0437,0xc6...3ad7,https://etherscan.io/tx/0x486992b7c1f7245445d88990bb750fd2bff81a948c183060124654358f92a546
2023-03-19 13:53:23,False,0.08349,4.681e-05,11543.3,0.5404,0x14...f0e7,https://etherscan.io/tx/0x922eb8aef98845832e7e360520840d53af532fea19fb2401ef806293aafbffa6
2023-03-19 13:45:47,True,0.08416,4.715e-05,998.576,0.047,0x4f...7fb9,https://etherscan.io/tx/0x6259420853cf8a26fbcbd19924290dea9f96dbd5a4ecca3cb02719a0e289dc9c
2023-03-19 13:43:11,True,0.08413,4.714e-05,129.213,0.006,0x9f...3269,https://etherscan.io/tx/0x9e96df3b9ceccb28817434f56a36a03fd865b7c670f84e604996613a870247e6
2023-03-19 13:42:47,True,0.08405,4.71e-05,8492.35,0.4,0xc4...43d7,https://etherscan.io/tx/0x9fd95e4fc5c2e27cdfc65f7c569fcbf9ef736c68e27e2e630103c4bfe143a27c
2023-03-19 13:41:23,True,0.08396,4.704e-05,1622.27,0.0763,0xb6...eaa5,https://etherscan.io/tx/0x814006ded38bdd09e5b5ebfe082d8f6c4a1a5b369fa3ca96e1d97d2ab83cab53
2023-03-19 13:34:47,True,0.08389,4.703e-05,2107.7,0.0991,0x60...721e,https://etherscan.io/tx/0x227a370c8ba11366e1cb3ec5a730f2f2f6e69adcf36ea0f92bf67a4e1a974a7a
2023-03-19 13:30:11,True,0.08381,4.701e-05,1054.21,0.0495,0xa9...f71c,https://etherscan.io/tx/0x2cf77c1aac1452cc76631ce24febd9aa8a3b0df5be506f8e032c4deb53f606f7
2023-03-19 13:26:35,False,0.08337,4.673e-05,1132.32,0.0529,0x6d...ddae,https://etherscan.io/tx/0x5233a7452865ea0ddf42aeb5c5d0307347d72f89d74a32e8a5785a896ea7d30c
2023-03-19 13:13:11,True,0.08417,4.702e-05,210.788,0.0099,0x0e...a60c,https://etherscan.io/tx/0xdc2974709fbb87603b5396471338f9fbca832912573ce41832748adbc2f405b9
2023-03-19 13:11:23,False,0.08372,4.675e-05,1340.0,0.0626,0xc7...4ac0,https://etherscan.io/tx/0x8d65f4162ebfca335dd87b46fb4a634d1abc9a41cb987b458ea04cf3161eeeee
2023-03-19 13:08:59,True,0.08417,4.699e-05,8241.35,0.3873,0x76...7d5e,https://etherscan.io/tx/0xeac3d6a84a32e554f011a154ed29127bdc2350bfd8d3db1a3208e88e444f3bcc
2023-03-19 13:06:35,True,0.0838,4.695e-05,422.241,0.0198,0xd6...0615,https://etherscan.io/tx/0x54f3186189c088ce5329a7597e49b5feb01c58cd9c5a2f7e715e8275f2d92ec2
2023-03-19 13:05:23,False,0.08357,4.682e-05,30412.5,1.42403,0xaa...29b9,https://etherscan.io/tx/0xdab2bad57da18c1d8a7b16b2236241bfe66ad5eca6d1199395e0f3c3edd953ea
2023-03-19 12:57:59,True,0.08431,4.726e-05,146.816,0.0069,0xaa...60e4,https://etherscan.io/tx/0x06e3fba3baa8e22561b699149268e799757c246791654c49aa097fd08a6814ac
2023-03-19 12:56:47,True,0.08415,4.719e-05,11873.5,0.5604,0x98...1544,https://etherscan.io/tx/0x770222cb43d08ea8486073aa2e85bac909e344af3b1caa2be9a44eaa51a634be
2023-03-19 12:56:11,False,0.08378,4.699e-05,26228.1,1.23246,0xb1...49a9,https://etherscan.io/tx/0x067fd6d61cce6f48912e8f611e8ed09c6c6ad186a06422b860c8a417d7f98af4
2023-03-19 12:52:59,False,0.0839,4.712e-05,700.0,0.0329,0x22...6177,https://etherscan.io/tx/0x9cf9b8040dfbebd7b60e95f84ed11d25fdddad0d7f0a0bc937c7d7770ed60062
2023-03-19 12:49:11,True,0.08432,4.741e-05,0.1045,4.956e-07,0x85...dccd,https://etherscan.io/tx/0x1231c52c0d2b1cbd4c43b75610e05f0807850d04c121ea4e717967f4bf16ca4c
2023-03-19 12:48:11,True,0.08424,4.739e-05,4192.2,0.1986,0x44...b1e7,https://etherscan.io/tx/0xeccb88e3fdd92a1e73fa29a31c82a2f19f07921522e3a81809909ee9d8a59a5b
2023-03-19 12:41:23,False,0.0837,4.712e-05,7124.18,0.3357,0x76...7d5e,https://etherscan.io/tx/0xc60e4c3819b912c921ca4218293162c32d5a96569be973f2e6ffa5fd77525bdb
2023-03-19 12:40:59,True,0.08427,4.744e-05,394.965,0.0187,0x35...9769,https://etherscan.io/tx/0x241ed61d77ae2a5003252c9d62aed122c7557014a05fee86932465f473ea9c76
2023-03-19 12:40:23,True,0.08426,4.743e-05,1671.81,0.0793,0x5c...dc91,https://etherscan.io/tx/0x360e471977f2442321c65024aec287b5bd33cd89145c6777a7003232cb8bc753
2023-03-19 12:40:11,True,0.08416,4.738e-05,8472.94,0.4014,0x1f...c2e0,https://etherscan.io/tx/0x03e18076af04c673963d63d1bba57e7ad8c5bbfd61e8317875b035eb294f065c
2023-03-19 12:39:11,False,0.08356,4.706e-05,2000.0,0.0941,0x2e...f345,https://etherscan.io/tx/0xf8777f835355275e29c2e481180350185b605f3fb65fa3102de734739b4deaa9
2023-03-19 12:35:11,False,0.08354,4.709e-05,3550.47,0.1672,0x69...8078,https://etherscan.io/tx/0xce3d283fc46b2501ce635bd2aa21add147689f6269c9650687cf2de0241b1604
2023-03-19 12:34:59,False,0.08358,4.711e-05,1000.0,0.0471,0xc6...fed0,https://etherscan.io/tx/0x929a6bee98144f4172cbd678606d13af93f60e67f76a64963eb5594be23af2b8
2023-03-19 12:32:23,True,0.0841,4.74e-05,70.423,0.0033,0x5e...4f03,https://etherscan.io/tx/0xf3d4d5e4f48ad4418dc8362804aadc079f4ddaba3948a4c7c19244d7b18f3dcf
2023-03-19 12:30:59,True,0.08408,4.739e-05,1568.57,0.0743,0x23...7a39,https://etherscan.io/tx/0x84afc927d4ec0aba574f83a5f7d59235c6f982a169d2db8ec12c2802da1720eb
2023-03-19 12:29:23,True,0.08404,4.737e-05,2000.0,0.0947,0x80...6348,https://etherscan.io/tx/0x47e6eb861e55beab834bdb5dcef7783aad077abe8bbe00bdf731b80a8ecf8c7d
2023-03-19 12:27:59,False,0.08376,4.717e-05,18495.8,0.8726,0xb2...3036,https://etherscan.io/tx/0x27cdfeb3d2cd7b1e940026ce9e512bb2cfa17ce399b16ef896bcd4676a991867
2023-03-19 12:23:11,False,0.084,4.729e-05,4219.3,0.1995,0x6f...5fc8,https://etherscan.io/tx/0x1e98e149011d6c0b4bff77873a723b7ea4253b00f315f666c9faa98a58db2181
2023-03-19 12:21:47,True,0.08451,4.759e-05,737.202,0.035,0x64...67e3,https://etherscan.io/tx/0x424770d68e8447d7fe15410363d73fd1f8843a64020d904bcefccac08dd80af0
2023-03-19 12:19:47,True,0.08427,4.759e-05,285.235,0.0135,0x4f...bdc4,https://etherscan.io/tx/0x70c0bf6804c522b3c4afb69741b9a6c9dad11bd9f998c3eec99f7dd4d195d7b2
2023-03-19 12:14:11,True,0.08431,4.758e-05,672.426,0.032,0x6d...6b4f,https://etherscan.io/tx/0xc1fba79a5ba1f781c800244d640857140ec5120e3077fe080b80a902adb8ca60
2023-03-19 12:10:35,False,0.08397,4.74e-05,19198.2,0.91,0x88...d1d8,https://etherscan.io/tx/0x272dc062251a9c7ff8b1df8c2a2320fe71b925e8ad427a8fee3da5f000588656
2023-03-19 12:10:11,True,0.08465,4.778e-05,311.162,0.0148,0x60...75d9,https://etherscan.io/tx/0x9079aca52b61a9e100acfc8efa2e38a1e02a627577e41c08c8be0817864f5d0f
2023-03-19 12:05:35,True,0.08453,4.774e-05,6643.21,0.3172,0x50...fa86,https://etherscan.io/tx/0x208fd908adbfd79294c575820d7dd4d9bbdcb78cb5f360f6963da89976258038
2023-03-19 12:02:35,False,0.08418,4.743e-05,1000.0,0.0474,0x56...e95e,https://etherscan.io/tx/0x2d022860f03e3154ee5a43a07de5ca566a1ba4ea959e8773562419f20bafb22c
2023-03-19 11:57:11,True,0.08466,4.77e-05,4120.66,0.1965,0x81...fc8d,https://etherscan.io/tx/0xcb4b218518a15d0d3220f23be1f7d4150c7c68d2d42a564c4172d336a15dc764
2023-03-19 11:55:23,False,0.08411,4.742e-05,5000.0,0.2371,0x35...fa67,https://etherscan.io/tx/0x450af81a96c112c0b750fdfd1d0f8d490df2c8c3e403ba3e3bccf99dc20f2c13
2023-03-19 11:55:11,False,0.08417,4.745e-05,1000.0,0.0474,0xf7...9e1e,https://etherscan.io/tx/0x2e8d541fcf1c66b4a9bc393bd69b413dce09edba14fbe9e070780e929c25503c
2023-03-19 11:55:11,False,0.08419,4.746e-05,780.685,0.037,0x8f...67e2,https://etherscan.io/tx/0x3f4b6914810bc6a675026ef5ded812f5197487d51ab817c26096234c270806b1
2023-03-19 11:52:59,True,0.08468,4.774e-05,935.811,0.0446,0x3f...7d9b,https://etherscan.io/tx/0xe2b92434c31b62ae713095d61bed5397f6b0eca3dda860d55414eb2adfcf1cbd
2023-03-19 11:40:11,True,0.08483,4.773e-05,1164.24,0.0555,0xf7...6695,https://etherscan.io/tx/0xf55f84a7b046185157e52746d75ca0f1fbccdd3e2b34985be07eaf8ae5301253
2023-03-19 11:35:59,True,0.0848,4.772e-05,933.957,0.0445,0x94...c410,https://etherscan.io/tx/0xb649b689c1fa7d9e6a9fc1f62bd013bc57167e5b33c5c5de80bb1ef9f4a270de
2023-03-19 11:33:59,True,0.08477,4.771e-05,1163.41,0.0555,0xc2...a9e3,https://etherscan.io/tx/0x4026db073f370aca7c2ea417e6a2a42782755e0f115c7a328ac8dadaa5b19a79
2023-03-19 11:33:11,True,0.08475,4.77e-05,489.622,0.0233,0x3f...7d9b,https://etherscan.io/tx/0xe72733687d194b12d6b2b8b73c3e98c253539d5d10c5080e592d307a1a37b449
2023-03-19 11:29:23,True,0.08475,4.77e-05,41.5602,0.0019,0x8d...170d,https://etherscan.io/tx/0x860ab114a4dcdfa541b6a18872d30c6d340454b7ac8809fd43930fa769569a88
2023-03-19 11:26:35,True,0.08471,4.769e-05,881.027,0.042,0x15...f0d3,https://etherscan.io/tx/0x47a044b149ecbcad1c328f860fd6a118039eeec14f14e3d48bf1a086d509260f
2023-03-19 11:26:11,True,0.08448,4.757e-05,23407.6,1.11349,0x84...afc2,https://etherscan.io/tx/0x220d0461df0db8e1f3a7162247c6f4e1f38a552b3d85b261eec1510a9c95b3ea
2023-03-19 11:23:59,True,0.08419,4.743e-05,2047.83,0.0971,0x40...8734,https://etherscan.io/tx/0x98b1528865b820057a4b4c1259210ffd6cfc114da36bcf4eb6cef8951103db17
2023-03-19 11:22:11,True,0.08408,4.74e-05,3763.71,0.1784,0x47...c5cc,https://etherscan.io/tx/0xe7a1a0ae3e5e922fc6e8537b00365dfe3129ba3b8982cea2612696255d9d0e16
2023-03-19 11:19:59,False,0.08382,4.725e-05,30000.0,1.41776,0xc6...fed0,https://etherscan.io/tx/0x66d1f82231d4787399ddc9b9888a4b8fe80b6f11a2457d0cdbfc82b36d4cfaf8
2023-03-19 11:13:59,True,0.08467,4.769e-05,384.455,0.0183,0x18...fdfa,https://etherscan.io/tx/0xa96a1cf39ab141d82dbae0c63b04aba0a0f51331d4366d5086ea9a1bcd46b519
2023-03-19 11:13:23,True,0.08463,4.767e-05,3950.46,0.1883,0xd1...7440,https://etherscan.io/tx/0xa4cb52afb24030da7aee3e15e0f9866456f3eb480c5f96d202df573d53d2a911
2023-03-19 11:09:23,True,0.08461,4.765e-05,166.41,0.0079,0xae...3c40,https://etherscan.io/tx/0x4e1a419c3ead10787204a0c6afb852f302fd275e047cb9bd5cd4fcd1205ecbb4
2023-03-19 11:07:23,False,0.08431,4.744e-05,14160.7,0.6717,0xf8...0a8c,https://etherscan.io/tx/0x9f9d5452c43497dbcabe5a2c8137aa0d08b86854ea98b5dad19bbcbda248bfed
2023-03-19 10:55:47,True,0.08496,4.78e-05,62.2117,0.0029,0xea...0277,https://etherscan.io/tx/0x4713c0847c1420a20280b4a0c6dfe17f6650e3640bc82000de555a98eabf841b
2023-03-19 10:51:59,True,0.08489,4.778e-05,3682.24,0.1759,0x54...48db,https://etherscan.io/tx/0x92b34928118ef3f3c5a634bfca5a7092fc5689d140c44d6197761aae32f5798a
2023-03-19 10:51:35,False,0.08438,4.749e-05,4275.0,0.203,0xd8...9753,https://etherscan.io/tx/0xe391e444dc1a70180320f5694fe639e1d17aeebea14cbb53fc05a2a2e877d519
2023-03-19 10:46:47,False,0.08446,4.754e-05,5000.0,0.2377,0x9a...5d3b,https://etherscan.io/tx/0xdf148fdce0bf025a3edd134a09f9aae5b78efde0247c44e470d87acdeae97864
2023-03-19 10:43:35,True,0.08498,4.785e-05,1154.97,0.0552,0x35...5bc9,https://etherscan.io/tx/0xea5dfc27e57ab4c73edc4626930101ec9027163bae9e57e69b00fd42defe07eb
2023-03-19 10:42:59,False,0.08447,4.756e-05,600.0,0.0285,0x6d...e59e,https://etherscan.io/tx/0x9f72609d113f93613648b0586cb9e510736a7b6697291925b5ad03c227c08a5e
2023-03-19 10:39:11,False,0.0844,4.757e-05,2042.4,0.0971,0x8b...c131,https://etherscan.io/tx/0x69edae922609159a706f0bda9c20c1ce2c045565b249b63acc552e1bfd0cc340
2023-03-19 10:33:35,True,0.08484,4.787e-05,496.952,0.0237,0xf2...1065,https://etherscan.io/tx/0x6b4c3b0ad3ae0441d546f7985cae34bc9c67cdd31351c15ee25dcb05f27c41e5
2023-03-19 10:29:23,True,0.08474,4.786e-05,1656.9,0.0793,0x23...d158,https://etherscan.io/tx/0x706dd624559ee15b63c338cd76cdda1509e6db42e8cef49273369ba81b083a43
2023-03-19 10:28:47,True,0.08464,4.78e-05,9331.37,0.446,0xa7...7cdd,https://etherscan.io/tx/0x5dab2ccdd95350325ec2bc76cee29d10f78c813fbe7f55c716b7387fbb38b9a9
2023-03-19 10:28:35,True,0.08455,4.775e-05,628.271,0.03,0x2e...f345,https://etherscan.io/tx/0xbb2367760e5d1d3796e0de4f8b3e79b547f1609927ca4d120a9c86abf818e921
2023-03-19 10:19:23,True,0.08451,4.774e-05,73.7122,0.0035,0x08...e47c,https://etherscan.io/tx/0xaa3f5ca846342e38bf8e77281059f32f92b5e1f83bdd343c67f11961ba2ca946
2023-03-19 10:18:35,True,0.08449,4.772e-05,4777.78,0.228,0x04...f451,https://etherscan.io/tx/0x6136705c727936d8e56919b31943f72f6b0647ca996b5ec5f1898a7710578d71
2023-03-19 10:17:11,True,0.08446,4.769e-05,262.085,0.0125,0xd3...c1cc,https://etherscan.io/tx/0x20561068f4534e142b5d4f567293d089277eaef68a06152c60a38fb469c10a9e
2023-03-19 10:06:11,True,0.08449,4.765e-05,7406.35,0.3529,0x27...0add,https://etherscan.io/tx/0xd449ef6c272ca74781646cdfe97e9ff6cd8f70dd81a2566394e9faff978b856e
2023-03-19 10:04:11,True,0.0844,4.76e-05,1155.24,0.055,0x0c...f794,https://etherscan.io/tx/0x927a80736a3ad752de5296090b5b72c294d00e074ea67f7b429a97320cc1a918
2023-03-19 09:58:11,True,0.0844,4.758e-05,3749.71,0.1784,0x1c...cbd7,https://etherscan.io/tx/0xd0ba4c605ec641daa8a427bbd9b6652728cd8300a0a845be09dfc256e0d84df6
2023-03-19 09:57:59,True,0.08432,4.752e-05,6694.67,0.3181,0xfd...0f5b,https://etherscan.io/tx/0xb8a76767fa7a4d08e8bf6aa6f208800f0b82f844fceffa5770ff96f112aee47d
2023-03-19 09:55:11,True,0.08438,4.748e-05,2360.69,0.112,0xa3...2f3d,https://etherscan.io/tx/0x9c9fb09bc8afd1b0e08ee747cd55c4dac708f96df4c3da0ede5656c3519f0d28
2023-03-19 09:54:35,True,0.08434,4.745e-05,2899.89,0.1376,0x47...fe0c,https://etherscan.io/tx/0x0026f982651d01f2927de7431808e2ce93bd0387ab8ccba41524f22c46709769
2023-03-19 09:52:47,False,0.08396,4.722e-05,13000.0,0.6138,0xbf...c1bc,https://etherscan.io/tx/0xe864cfc885c12cced3dded4ebd03ad2021c63c4d73416b330a4cce7a9992f3d5
2023-03-19 09:45:11,False,0.08405,4.729e-05,450.0,0.0212,0x9a...bc8e,https://etherscan.io/tx/0x23851fe49295f4e4cdb4871182c2172f9c844794d6aace901d7cc1dd80c81b59
2023-03-19 09:31:35,False,0.08405,4.729e-05,683.746,0.0323,0x7d...b8a7,https://etherscan.io/tx/0xc781186e1d380306bed7c377e864543bdaf8965fd649408b9b0723b20da71cd6
2023-03-19 09:26:35,False,0.08405,4.73e-05,400.0,0.0189,0xe4...56ea,https://etherscan.io/tx/0xbf37352ecf3355c40ae1de9a07307ada59e6da4ee02a411b3dae88b2813e7a03
2023-03-19 09:25:47,True,0.08455,4.758e-05,664.203,0.0316,0xb1...75e4,https://etherscan.io/tx/0x08094832ce2c6e0e6353613b9914381c1abf2255ca0a8818b06eed586432def7
2023-03-19 09:23:47,False,0.08407,4.731e-05,2313.73,0.1094,0xec...56c7,https://etherscan.io/tx/0xcbc0b38b181ea585d863771ed10a93b7a270be594ec0ac849895351e2e3e1f51
2023-03-19 09:21:59,True,0.08457,4.759e-05,1666.0,0.0793,0x42...ca9f,https://etherscan.io/tx/0xd3c7f958d809be14319833a957796787ede88bca4b49037026d0fdf25a66a734
2023-03-19 09:20:23,True,0.08437,4.758e-05,1249.9,0.0594,0xd4...5b74,https://etherscan.io/tx/0x563c716127232eafbfae3ec201fe4604876c2553b317170553cad9a667c90d07
2023-03-19 09:19:23,True,0.08423,4.751e-05,11865.3,0.5637,0xe4...ef09,https://etherscan.io/tx/0xea57bf0cb641fd343fc89d602e66b7d2b448428dca22a47c229c5729ea691fd7
2023-03-19 09:18:23,True,0.0837,4.727e-05,34904.4,1.65,0x6e...c6a4,https://etherscan.io/tx/0x36c360aaada93408bbc1cd4b5d80b3a16456fe3ffd5f5e4bdd5d4e31afb80c26
2023-03-19 09:16:59,False,0.08285,4.681e-05,1365.31,0.0639,0x1c...c25a,https://etherscan.io/tx/0x60bc2fd48d44645b6112daadc1c4cdfbf123f992ef1021ae6a19e34dd7184d3a
2023-03-19 09:13:47,True,0.08335,4.709e-05,1262.76,0.0594,0x01...0423,https://etherscan.io/tx/0x6989119eabae1c1a18628d45fe3284feb8a74c6d5afbe999f4a1dd799c03a5a6
2023-03-19 09:13:35,True,0.08328,4.706e-05,6319.04,0.2973,0xed...01a5,https://etherscan.io/tx/0xae8e1bcd80a33a43086a27692eca59a804297870d589766c865ba1103cf664a3
2023-03-19 09:12:23,True,0.08319,4.692e-05,19644.7,0.9218,0x44...6f0e,https://etherscan.io/tx/0x333e720bcb50481252739a885f8f2293e83c86d9cb40b6d71731c275d745accd
2023-03-19 09:08:35,False,0.08253,4.655e-05,1500.0,0.0698,0x2e...2316,https://etherscan.io/tx/0xda493841ce717afe5fc8a4be275cf04cb14e68c9637e53bc6d45422ce0460c4f
2023-03-19 08:59:11,True,0.08307,4.683e-05,1269.88,0.0594,0x61...e8af,https://etherscan.io/tx/0x53388cd5389aed143a541947509515653f1add5b488b210dc8ef47337da42655
2023-03-19 08:48:35,True,0.08299,4.682e-05,1388.25,0.065,0xd9...1304,https://etherscan.io/tx/0x7ba26fc13ced6ceadb5c7fbc1a132c50af96c126e02427c6d055623edd367495
2023-03-19 08:47:59,True,0.08298,4.681e-05,508.204,0.0237,0x18...b506,https://etherscan.io/tx/0xbc4310aa0f34b029e835f11314967d289d025b346250e1f02cf8eaf218e7244a
2023-03-19 08:42:47,True,0.08296,4.68e-05,1220.31,0.0571,0x4f...58e7,https://etherscan.io/tx/0x92e66412c4d1a4f5d18f6de9516d633aba50c39c10c12c2ab8bf04fac1bde48a
2023-03-19 08:36:23,True,0.08293,4.678e-05,2565.48,0.12,0xec...e710,https://etherscan.io/tx/0x952d884ea95ce953633de925ebc53aa66a6c3c341aa47640252929d753a73132
2023-03-19 08:36:23,True,0.0829,4.676e-05,264.931,0.0123,0x62...9f77,https://etherscan.io/tx/0x58a05ac3068a894f1acb63ec80594b96354f7361344cdcf36062c2366b51f5eb
2023-03-19 08:34:11,True,0.08288,4.675e-05,2503.22,0.117,0x42...cf69,https://etherscan.io/tx/0x6e4c93e68408c00f377ec5ad7996efa429f7cccf816fcd6d606f129092db9a0c
2023-03-19 08:27:11,False,0.08257,4.665e-05,37500.0,1.74948,0xe0...06e6,https://etherscan.io/tx/0xc30405436f0b153abc43fe71b65b48fe935be829df827cbf0865ecf9cf6f48cf
2023-03-19 08:25:11,False,0.08292,4.685e-05,1392.33,0.0652,0x1b...ea67,https://etherscan.io/tx/0x7228988f5e7fa693707525f5beb98fad758c340dab70ff480b69d6c018a190e3
2023-03-19 08:20:47,True,0.08347,4.713e-05,125.398,0.0059,0x39...d41c,https://etherscan.io/tx/0x5f752a337e7d25cfe35b848eb5664d133f54d8c5419bdd81f6b7df525eae7d04
2023-03-19 08:18:59,True,0.08344,4.713e-05,190.359,0.0089,0xd5...9776,https://etherscan.io/tx/0x534bfbd2faa5ef9ff5076e37d6245ad6879926622e08623b49031724abef5af7
2023-03-19 08:13:35,True,0.08317,4.713e-05,57.89,0.0027,0xc9...6e10,https://etherscan.io/tx/0x82d6488b63a10322ea9bba0a3436076052bea7617f92f3db7c2839e90cae1b2f
2023-03-19 08:09:11,False,0.08273,4.69e-05,9912.5,0.4649,0xd3...c622,https://etherscan.io/tx/0x6ce171de4849c1b87d65a958d55c12ef5b9d260e3c891624f3bd2ebfd0d06bdd
2023-03-19 08:01:23,True,0.08358,4.723e-05,1133.28,0.0535,0x2b...d722,https://etherscan.io/tx/0xa9c39e0197c4d60b03211b8746e315ec1855f7912469d66e4316daefa724c61d
2023-03-19 08:00:23,True,0.08352,4.719e-05,5409.69,0.2553,0xe9...a86b,https://etherscan.io/tx/0x5f52bde2dcc7a7170331492240ea30c1f7d5dd125cf3e66dbf0478631e4e8362
2023-03-19 07:56:59,True,0.08345,4.714e-05,5288.09,0.2493,0x7c...b532,https://etherscan.io/tx/0xad4e27bc65b0b85a6587c76eaacd6cfe7efe668fc021be6a28fe6225a41674d0
2023-03-19 07:49:59,True,0.08332,4.711e-05,841.616,0.0396,0xfb...71e0,https://etherscan.io/tx/0x7cb8f40a2acfb54c688ed4dd9f4a4bdf6e2a993c38d46ebc4a698770c0745221
2023-03-19 07:48:47,True,0.08331,4.71e-05,1262.72,0.0594,0xfb...71e0,https://etherscan.io/tx/0xeb484e98c6cc247e57e8f430ff534a839308f1a48df8515725524e06b44a881a
2023-03-19 07:43:23,True,0.08344,4.708e-05,974.146,0.0458,0xa8...62a8,https://etherscan.io/tx/0xb9273be3198fef022270fec0102b0a2178bbb218540099256172b6f147b14848
2023-03-19 07:40:59,False,0.08312,4.688e-05,16365.0,0.7672,0xc6...fed0,https://etherscan.io/tx/0xb842677581e7cca5e53d7ca98c60353e2da0771bfccddb6549b74bf05e604072
2023-03-19 07:38:23,True,0.08373,4.724e-05,2518.0,0.1189,0x44...65c6,https://etherscan.io/tx/0x6a59154e05d9e13546e72bd74d7d1e499318b0405085daa86370f07b7384d97c
2023-03-19 07:37:59,False,0.08321,4.694e-05,333.0,0.0156,0x11...2d86,https://etherscan.io/tx/0xc7280d9df5f5e499d299f88d7110522641da2496911c51455d1a94ed23d37f0f
2023-03-19 07:32:35,True,0.0837,4.722e-05,524.721,0.0247,0x6b...96d4,https://etherscan.io/tx/0x1d9e7dd6afcfda0de392af105c0b2a5198f9e89a5d9d83f8e6efbd2e76b5af6d
2023-03-19 07:29:59,False,0.08325,4.696e-05,4128.66,0.1938,0x42...96ca,https://etherscan.io/tx/0xad683db65566c6a99aa02365b6115fd29f4b403f76b3007bfa904b29997b4f41
2023-03-19 07:27:47,True,0.08376,4.726e-05,1183.41,0.0559,0xd0...bb46,https://etherscan.io/tx/0x0abbefe33b51c405f2b948d4c459199ddefc95a0b163019c6db5ae825c38eefe
2023-03-19 07:18:59,True,0.08398,4.724e-05,1174.84,0.0555,0x42...ca9f,https://etherscan.io/tx/0x613adec388223c8d1cc5a7d4a3cfc360a09e9ac11e4aa2250f5d8f9fc74e61c6
2023-03-19 07:12:47,False,0.08356,4.701e-05,10004.0,0.4703,0x38...4da1,https://etherscan.io/tx/0xf8d85c54f2920f1f87e4a8d7989b38c68b1621e16445ba9b4d396e5fe4545f7b
2023-03-19 07:09:23,True,0.08415,4.734e-05,1046.93,0.0495,0xbb...c1bb,https://etherscan.io/tx/0xd28c3262033360a635dd8bcaded61186dd157e622b2a717ff0aa9f1e30e85837
2023-03-19 07:04:23,True,0.08417,4.735e-05,287.264,0.0136,0x2e...f345,https://etherscan.io/tx/0x42c5d48f6f80aa189fe60720245b7071575ec071fdeb30ebc93801b5c6376bbe
2023-03-19 07:00:59,True,0.08411,4.732e-05,5445.82,0.2577,0x74...e19d,https://etherscan.io/tx/0x0de4367aeb0cda82c53038402f9e6cf0ae9ed15cefd75e9a60cf3bc96a26d024
2023-03-19 06:56:23,True,0.08406,4.728e-05,2966.33,0.1402,0xd8...2285,https://etherscan.io/tx/0x66a36613a3a2ad47a83ddbb76be71c06b364cc74932cf35f6ad1a470087a6625
2023-03-19 06:56:23,True,0.08401,4.725e-05,2097.64,0.0991,0x9d...7824,https://etherscan.io/tx/0x0af0518c9360059a9d0d51b12b037232ad7f854f1ef55bd8f7fb5a37fb38bd0c
2023-03-19 06:53:35,True,0.08399,4.723e-05,1259.05,0.0594,0x00...d4ea,https://etherscan.io/tx/0xbd2912673d305d364e5ab4bb9ed33453b790edb57f94ba7a9d4fc86c31b5c73d
2023-03-19 06:52:47,True,0.08393,4.721e-05,2350.73,0.111,0x89...a3f8,https://etherscan.io/tx/0xa3ef9fe92f85e9f669088deb973bcf34cf72039afa0ba3957dcf1894658a6105
2023-03-19 06:48:59,True,0.08391,4.72e-05,75.5928,0.0035,0x46...267e,https://etherscan.io/tx/0x906c56fe979f6571e0f1efa2f5d68fd2102c92bb92e5862a2a7e628d6d1fc92e
2023-03-19 06:45:59,True,0.08402,4.72e-05,207.887,0.0098,0xd2...0590,https://etherscan.io/tx/0x8482b3da60dc9ef99ebb37128d181288d21d978b32e952a7c4ab1890b63fc725
2023-03-19 06:44:35,True,0.08402,4.719e-05,1173.1,0.0553,0xfd...496d,https://etherscan.io/tx/0xf319034f6debec1c8b634970ed9ef718d66c2fdd0c8b290fbc2e9472ffb05506
2023-03-19 06:34:11,False,0.08367,4.7e-05,18165.4,0.8538,0xbf...4d20,https://etherscan.io/tx/0xc3b44ffed2c5b9fc50f9c29d1b9cda848bf1f73680575887c13300d12cc8eabd
2023-03-19 06:29:47,True,0.08427,4.737e-05,414.26,0.0196,0xd2...0590,https://etherscan.io/tx/0x8f2d98fa6ea7ac8befa44894aa344dabb186243160c5404001f414d3c7af6fda
2023-03-19 06:21:47,True,0.08422,4.737e-05,62.77,0.0029,0x83...5af3,https://etherscan.io/tx/0xc30d7bead581219a66c63869370e7d19db3cab58eca17c5aa5af3e8e79f94619
2023-03-19 06:21:47,True,0.08421,4.737e-05,508.469,0.024,0x1d...47be,https://etherscan.io/tx/0x4c8ae002f5f726ba47f300818e6bad7752f6b207416141990a732ac8945679a9
2023-03-19 06:21:11,True,0.0842,4.736e-05,522.038,0.0247,0x3b...9f0f,https://etherscan.io/tx/0x420a7ba02b1eb5c2bb6ca89271f89d8276134ac17bbc58dea3419b62fab3b847
2023-03-19 06:20:35,True,0.0842,4.736e-05,417.733,0.0197,0xa6...00e4,https://etherscan.io/tx/0xc56d5be80d7ab95dfdeb6867f14d549c50114db45ce99e155042d600a588f869
2023-03-19 06:18:59,True,0.08421,4.735e-05,410.157,0.0194,0xd7...202a,https://etherscan.io/tx/0x85779a5b5b23d9d39463e0ce154745d9f9e65ef4653340d764abf2894d09fbf3
2023-03-19 06:17:59,True,0.0842,4.735e-05,944.302,0.0447,0x86...c2f9,https://etherscan.io/tx/0x779160275208960b1fe56bc0e5eb4ef35e8858936ba0883fd8519dd9ebf2866c
2023-03-19 06:14:23,True,0.08399,4.722e-05,23023.9,1.08734,0xcf...c445,https://etherscan.io/tx/0x582c14952b5d6ad1b841702e818662b39a31ee9522573c81180488b705a1f736
2023-03-19 06:14:23,False,0.0837,4.706e-05,46214.6,2.175,0xb0...5784,https://etherscan.io/tx/0x2a1d3df6deb2959aba1e5da66006216f1e48def8c219d60272a3138991f657a9
2023-03-19 06:08:23,False,0.08425,4.736e-05,12618.5,0.5977,0xc6...fed0,https://etherscan.io/tx/0x6f9384be0f6710250872cbd6f831414e6fb6ffddecab340d190658e9703269bf
2023-03-19 06:04:11,True,0.08477,4.77e-05,3117.02,0.1486,0x89...119e,https://etherscan.io/tx/0xaa802cb89fe6434d7bd285339c55771d6a8bf0386eea1e5a8a1821d40cc66823
2023-03-19 05:54:11,True,0.08478,4.767e-05,2703.15,0.1288,0x22...b0e7,https://etherscan.io/tx/0x684d099f3ab92343f81ffbe6e76a418b6fd7ee8b22763e786856fa9929116397
2023-03-19 05:53:11,True,0.08472,4.763e-05,4081.0,0.1944,0x08...be12,https://etherscan.io/tx/0xf670ce7e7fae13fa91cc1497ce688b7e178974e3c21145b25d16060dfd7a96dd
2023-03-19 05:49:23,True,0.08468,4.76e-05,2595.91,0.1235,0xe3...b792,https://etherscan.io/tx/0x11e9f598837abc98733f4b7a163fb088053b8ff59e7ecd20fcbc5b9a8abe0e5d
2023-03-19 05:46:59,True,0.08454,4.752e-05,11800.0,0.5608,0x1d...202a,https://etherscan.io/tx/0x027edc671c2b15b9f710f88c37404fba50903f98b0639faaa57fec28b009790b
2023-03-19 05:46:23,True,0.08442,4.745e-05,956.602,0.0454,0x39...3d0b,https://etherscan.io/tx/0x93e9ebc8cd8ec83250746af724bbbd82c9a2800c59c8860a44a42c2d3a9b06c0
2023-03-19 05:42:11,True,0.08438,4.743e-05,3552.47,0.1685,0xcb...0203,https://etherscan.io/tx/0x9b4afd57f2b71b44a29907f820a4290a1cd72ffe2744238e6c60cf78f0d92452
2023-03-19 05:39:11,False,0.08396,4.719e-05,11865.9,0.56,0xb1...9882,https://etherscan.io/tx/0x257e2ac0038fbfd898aba5fbe5e55e36ded7bc7b06678ec9c59a4617a376e492
2023-03-19 05:38:35,True,0.08455,4.752e-05,2294.16,0.109,0x26...effe,https://etherscan.io/tx/0xf0505dd6d806f1f48f0918ca1765dacd2191404e69ce2a2b05fd6e705ecf8e81
2023-03-19 05:38:23,False,0.08413,4.729e-05,11841.0,0.56,0xb1...9882,https://etherscan.io/tx/0xc184afe4ed19a725b873f6f403dbe2abf68f0f78fec7fbcb78c83315267bc094
2023-03-19 05:32:35,False,0.08422,4.736e-05,2500.0,0.1184,0x17...8ca7,https://etherscan.io/tx/0x042cdee4d2c1beec80df019d1bbb22e692712802bca934d9abe1810b327a528a
2023-03-19 05:29:23,True,0.08462,4.76e-05,11337.5,0.5397,0x6a...8e95,https://etherscan.io/tx/0xd1a7cef22d0ced955d1b1fe53d0393585c8f0822c1bf293d9e1ff848d934264b
2023-03-19 05:24:11,True,0.08449,4.753e-05,2525.85,0.12,0x71...7aaf,https://etherscan.io/tx/0x959228e311deb726b72580a4d95fb9f383f8f4e5830e9ffb2e974e41547f68a8
2023-03-19 05:17:59,True,0.08461,4.752e-05,250.318,0.0119,0x33...0342,https://etherscan.io/tx/0x46b7543f925c753c1421cee63764b9128bef9343e6dec80c810647e43af979f0
2023-03-19 05:15:47,True,0.08436,4.734e-05,33388.3,1.58074,0x4c...0d43,https://etherscan.io/tx/0x0dd5da72dca1390dfaba40324d5430afa08e5524e4ab328725da014ab882abdb
2023-03-19 05:13:59,True,0.08402,4.715e-05,3622.91,0.1708,0xd7...a3b2,https://etherscan.io/tx/0x875db02f9b257ef6e7d6c4139b3c9d14d70bfc1dca3601e1a67ebfbf796c6882
2023-03-19 05:13:59,False,0.08406,4.717e-05,63238.2,2.98343,0x88...8d78,https://etherscan.io/tx/0xaab8c62735f8d461c827320eb2126952750c4d3254dd36f46bfc5b133bab7b56
2023-03-19 05:11:59,False,0.08479,4.756e-05,10933.0,0.52,0xb1...9882,https://etherscan.io/tx/0xf21e7cba67b305db166785cbc2e2f89bebb1cf905fb4b671f54331407275a595
2023-03-19 05:11:47,True,0.08542,4.79e-05,502.528,0.024,0xbc...5b45,https://etherscan.io/tx/0xd490d5ad2acd421675eb9913ba0538019615723876836914268479280821011a
2023-03-19 05:11:35,False,0.08532,4.783e-05,40985.8,1.96036,0x75...4b07,https://etherscan.io/tx/0xfd16c9cbe1b56eb7dbbc3b76e5ceac0c471c15c1274f9b21bb3c79e1d259b51c
2023-03-19 05:11:35,False,0.08647,4.847e-05,80543.1,3.90462,0x75...4b07,https://etherscan.io/tx/0xfd16c9cbe1b56eb7dbbc3b76e5ceac0c471c15c1274f9b21bb3c79e1d259b51c
2023-03-19 05:11:35,True,0.08734,4.896e-05,44064.1,2.15767,0x1d...d176,https://etherscan.io/tx/0x9de95f42cc956ab9346e9bb15df63471bcd605f34dfee4bbc1cb6e28e07d8ff4
2023-03-19 05:11:35,True,0.08614,4.829e-05,80543.1,3.88968,0x66...af02,https://etherscan.io/tx/0x97444a51fc1fd6145cda746dfa177cc2ce869d5afd9b8dc64de055e14ead67e6
2023-03-19 05:10:47,False,0.0849,4.759e-05,3500.0,0.1665,0xb2...fcbf,https://etherscan.io/tx/0x16b656dd1a8a10d00cfacc02df929042d7395dd221640f5ebcdcfe6f782b3834
2023-03-19 05:10:23,True,0.08544,4.789e-05,957.627,0.0458,0xce...abf5,https://etherscan.io/tx/0xeb5fcab2361fd5736f363ea15e37722b70523663c88e6631dabde7ade259a31f
2023-03-19 05:05:35,True,0.08543,4.789e-05,310.478,0.0148,0xc7...7470,https://etherscan.io/tx/0xee1f6659ccb7fd48a73fdab9aa5a99f79552f4b0326643f0df0fdf8e5a657c3c
2023-03-19 05:05:11,False,0.08515,4.773e-05,25008.9,1.19374,0x79...0fa0,https://etherscan.io/tx/0xc6140915e6874ee10b74af8cbc627b4cb4b5523c25283fb3167bdd7c6f5a5715
2023-03-19 05:05:11,True,0.08547,4.79e-05,45911.5,2.19958,0x1d...d176,https://etherscan.io/tx/0x1537ac94eed6ecd89e830a71cf6d8200209945a4bc968c3d9d5df47f8a4d9f95
2023-03-19 05:02:47,True,0.08495,4.762e-05,7929.89,0.3776,0xf3...c201,https://etherscan.io/tx/0xdeff47d1dda06b2b43171d6c09b1638029b164ab9f6f6116ffa519c1a0681de3
2023-03-19 05:02:35,True,0.08487,4.758e-05,62.495,0.0029,0x16...9793,https://etherscan.io/tx/0xd7f078fd75d677c569aeeecc7a20b10f17b8ee894bbb667afd475f54edc7df19
2023-03-19 05:02:35,False,0.08486,4.758e-05,53970.0,2.56792,0xb2...3036,https://etherscan.io/tx/0x63802fce1eb6a7b02c5feb67a6277d17dc11755631d186e5c94ef283a2d5afaf
2023-03-19 05:02:23,True,0.08588,4.815e-05,123.517,0.0059,0xcb...0203,https://etherscan.io/tx/0x9bb2d250bf28ba973e1f1c9a377f48c86d02667d023951db967a185b98ba8615
2023-03-19 04:56:35,True,0.08579,4.813e-05,3564.73,0.1715,0xe3...306c,https://etherscan.io/tx/0x490be6593249bd69e44800de3a0b63cca526bdc0229ffa94a0bb8e73e4f67a9f
2023-03-19 04:54:59,True,0.08576,4.81e-05,1282.3,0.0616,0xf2...8293,https://etherscan.io/tx/0x35bc33f9d05814e03e5b63d32cb663006533a93cdb1771ee65d00965c548f2f2
2023-03-19 04:53:35,False,0.08525,4.784e-05,6000.0,0.287,0x9c...c89e,https://etherscan.io/tx/0x43d747b7f497f4e77ab4fe6be633e387c04c4cc10cfc0f9d3aeca37e8741f655
2023-03-19 04:49:23,False,0.08527,4.793e-05,11900.0,0.5704,0xc3...3a98,https://etherscan.io/tx/0xaa07733b5ecb190f5b79cf11fe33cef154fad8d5870782726b28448c976ea1aa
2023-03-19 04:45:11,True,0.08579,4.828e-05,849.13,0.041,0x40...05d3,https://etherscan.io/tx/0xeaaec9fc520dc3ca414f769fe5bcece3349d17c55cf97701c2a5b6865093ee1b
2023-03-19 04:43:47,True,0.08578,4.827e-05,825.578,0.0398,0xa6...00e4,https://etherscan.io/tx/0x707db9d6743200a7617448e60fb8daf11de02240e20df4025a727da95c092065
2023-03-19 04:37:23,True,0.08568,4.825e-05,2670.34,0.1288,0x00...d4ea,https://etherscan.io/tx/0x442d8ecda90dcc82718780b1cd7133a0c34b27097cdab9ece36a1b87e929bb9e
2023-03-19 04:32:11,False,0.08536,4.806e-05,20460.5,0.9833,0xfa...7fb0,https://etherscan.io/tx/0x22ae1b760934b5ed9013353a7825c61e279f29d462c942a701fd13aad0e92ec8
2023-03-19 04:26:11,True,0.08619,4.845e-05,515.498,0.0249,0xac...8e37,https://etherscan.io/tx/0x03849bec7aa71360c4828bf17af57c18790d9bc5a32577e56ffc28c735fe5d7a
2023-03-19 04:24:35,False,0.08576,4.822e-05,11008.1,0.5308,0x9b...9fb4,https://etherscan.io/tx/0x2ca32d9626fd6d3a3ef1bdad35532ddcced7a3f9c3f1eceff2ff0cbbec62e423
2023-03-19 04:20:35,True,0.08646,4.857e-05,408.157,0.0198,0x6a...54d8,https://etherscan.io/tx/0x60a46e76a609324930f2e1c5744b33019622adbef83a5ade77469ecf6d1b278b
2023-03-19 04:11:59,True,0.08631,4.856e-05,201.187,0.0097,0x6a...c2fe,https://etherscan.io/tx/0xfac2f8d3544f924fc351ef14e457748fd3594576da92300847e9e280759afd86
2023-03-19 04:09:35,False,0.08582,4.829e-05,3059.03,0.1477,0x66...3048,https://etherscan.io/tx/0xc6d30f04952be129f0687473000bf960ef423a506f2f85863122b27f71bc9555
2023-03-19 04:08:35,True,0.08637,4.859e-05,363.061,0.0176,0xb0...d232,https://etherscan.io/tx/0x5badd87fea29b59325d8e7778017193724c97158c94ba821270acd85200d59a1
2023-03-19 04:06:11,True,0.08635,4.858e-05,1983.29,0.0963,0xf7...4236,https://etherscan.io/tx/0xeaf8878901eb7ee8fc88b3632316867deb78dd04dd4e4b778c2b3000eb673969
2023-03-19 04:05:59,True,0.08633,4.857e-05,114.421,0.0055,0xdc...f045,https://etherscan.io/tx/0xf4d7ad0ebb259459b7e3bfb590da60e597f587d94ba111e8acf5dd89fc5bd7ab
2023-03-19 03:59:47,True,0.08631,4.857e-05,514.708,0.025,0x29...4872,https://etherscan.io/tx/0x954616527150bf7c3e405cb7ae4df8071e184e84b8ef7aed35666866a7857f0e
2023-03-19 03:53:59,True,0.0863,4.856e-05,1428.73,0.0693,0x0c...cc75,https://etherscan.io/tx/0x2333b34b9fcb92d5c47430c2d715c0bdf013bd9db9652976b1a2dc0375b8c1e3
2023-03-19 03:53:47,False,0.0858,4.827e-05,3000.85,0.1448,0xdf...15f0,https://etherscan.io/tx/0xfe60991338bb9fc7ced13a0d269ffdc1caaa43693ef0ceb530905118bf040cac
2023-03-19 03:49:59,True,0.08637,4.858e-05,612.109,0.0297,0x31...560e,https://etherscan.io/tx/0xd9626b08cb899f20a041b10b2b71cb56b5038331f8ddc711729618ffb1d29a88
2023-03-19 03:47:23,True,0.08645,4.857e-05,710.313,0.0345,0x5a...aef7,https://etherscan.io/tx/0x31ab12911578dc0fec54c29fd4410eac9a6e6a6eee542ec319291551c536d830
2023-03-19 03:37:35,False,0.08609,4.831e-05,5654.69,0.2731,0x06...7d1b,https://etherscan.io/tx/0xd769c14d8ec5a7588660d50b8f10f0849db74789336c7dc3f170f4a9a34c5f36
2023-03-19 03:33:23,True,0.08661,4.859e-05,6378.94,0.31,0x80...c882,https://etherscan.io/tx/0x3a7c10595448aa886296af4212baee80472ee890a4b74fa01a4342eb416ea517
2023-03-19 03:32:35,True,0.08646,4.855e-05,2248.67,0.1091,0x21...56b6,https://etherscan.io/tx/0x70e8de2a4ed8b3c09909a4a4cd4b47be9cebe384e19e2dcc0c0861c9fb57d51d
2023-03-19 03:29:23,True,0.08653,4.859e-05,9808.2,0.4766,0x44...f78d,https://etherscan.io/tx/0x380b39e52bc177819912d4699f8f2e0ee56d7860269c5619be41d46eb2d3615e
2023-03-19 03:29:23,False,0.08582,4.819e-05,10103.0,0.4869,0x44...f78d,https://etherscan.io/tx/0x380b39e52bc177819912d4699f8f2e0ee56d7860269c5619be41d46eb2d3615e
2023-03-19 03:29:11,False,0.08594,4.826e-05,2082.39,0.1005,0xd8...ab72,https://etherscan.io/tx/0xa6c3743deb5779877cfcbed400f83f7de374ff7be7180d5e24331ac430ac84d0
2023-03-19 03:22:23,True,0.08617,4.851e-05,9194.46,0.446,0x88...951b,https://etherscan.io/tx/0x8d3a9b9cc7d09c0c564077e18225e168100461574da3bb53c2ea5f6aac24ccf4
2023-03-19 03:20:11,True,0.08607,4.845e-05,2279.38,0.1104,0x22...724d,https://etherscan.io/tx/0x972d0196483f9bda4ec76f62549550bce9fcd990b68c2eed40dae9a98e1d433f
2023-03-19 03:15:59,False,0.08558,4.815e-05,575.457,0.0277,0xcc...2f46,https://etherscan.io/tx/0x8df3017774c7198aa9089f91a683e4d416aac0a92eca62e3532d7c97f43af621
2023-03-19 03:15:23,True,0.08606,4.842e-05,4000.0,0.1937,0x7e...3a6a,https://etherscan.io/tx/0x0f18b48177cda6ee7f971ad32cdbcfce2b5f53d5f22d353cc7192103b5f61c23
2023-03-19 03:14:11,False,0.08577,4.823e-05,23500.0,1.13362,0x0c...13a9,https://etherscan.io/tx/0x4d597683a249dadab77b5eeab55458d9014181461221fd935a77f2ac5a802806
2023-03-19 03:09:59,True,0.08659,4.865e-05,325.973,0.0158,0xb2...1322,https://etherscan.io/tx/0xf6d229afb2ac4f5beb7907f446b037cc57f64e60826af735488c9b167da82665
2023-03-19 03:08:23,True,0.08657,4.864e-05,2099.02,0.1021,0xa8...ebb5,https://etherscan.io/tx/0xaf6d8cf2ee49644e2b70eb62c8f8a689e55f7201e8b17cf714c2caf653ec3d6b
2023-03-19 03:08:23,True,0.08655,4.862e-05,509.618,0.0247,0xb8...fa84,https://etherscan.io/tx/0x3e7e294746d31be317093909c1d1e2e35ff742087a6efd8d6aaa46c3d328d23e
2023-03-19 03:06:47,True,0.08652,4.861e-05,2039.05,0.0991,0xf0...40ff,https://etherscan.io/tx/0x2fe8794742c5e80efefc3e0f6003d1975620430ccf962877692b1e80bfc9366a
2023-03-19 03:03:47,True,0.0864,4.86e-05,83.9877,0.004,0x73...62f4,https://etherscan.io/tx/0xcb5fb7de2f17548ba34b7c6e0d39090c4b3cc03bba8462bc65c86c249b5d0e1e
2023-03-19 03:02:47,False,0.08593,4.833e-05,5000.0,0.2416,0xb5...4505,https://etherscan.io/tx/0x17480608f846f859dde7526bd57e7836bc097a1afad449150037ba9e11efe101
2023-03-19 03:00:35,True,0.08648,4.864e-05,1120.65,0.0545,0xad...2381,https://etherscan.io/tx/0x900450799ab5d501f15fc26e1cb476539ea4eb8d07268a1e4cd4ae7043926510
2023-03-19 02:56:59,True,0.08647,4.863e-05,1630.53,0.0793,0x5d...92e7,https://etherscan.io/tx/0xc6f6d1238bca3709dccbad24ae01c9579b12630d00447fe29dc35ecf1a2d3641
2023-03-19 02:51:47,True,0.08646,4.862e-05,51.28,0.0024,0xe1...04cd,https://etherscan.io/tx/0xe84b7dca6f8cd4e0c539527755a836456a6209c49c7b5e09d99ca2a74fd80c88
2023-03-19 02:45:47,True,0.0865,4.861e-05,1542.88,0.075,0x16...ba6a,https://etherscan.io/tx/0x543faad95dc204e2da22a5adcdbcd3cadefa0ea5368cc31e861cf9904d2efc5f
2023-03-19 02:43:23,True,0.08652,4.859e-05,2234.4,0.1085,0x16...ba6a,https://etherscan.io/tx/0xf94ec42e970ae9137bf164215eef7cc107c489696ba3d002c9f1dbe567d28590
2023-03-19 02:41:59,True,0.08653,4.856e-05,2993.16,0.1453,0x16...ba6a,https://etherscan.io/tx/0x3d1992839878a267d06ce8c7f68536b59d003b104e003c25d595a69012f6b31c
2023-03-19 02:41:35,True,0.0864,4.849e-05,10219.8,0.4956,0x86...ab9c,https://etherscan.io/tx/0xe09cc4270bd1ee32957e06c150ce7e88c188825db50426f6b090c503a5af740c
2023-03-19 02:38:59,False,0.08576,4.816e-05,2960.55,0.1426,0x5d...0550,https://etherscan.io/tx/0x0fc4a62dc75cf89904f88f0a4a769f76c837a3115365a27f2fc8142a7420612c
2023-03-19 02:38:23,False,0.0858,4.818e-05,600.0,0.0289,0x29...0062,https://etherscan.io/tx/0x7750f2fccef1a7788d852f25801367d706244f6ee971d0162a30198445f0d3e7
2023-03-19 02:36:23,True,0.08636,4.844e-05,6706.52,0.3248,0x12...54b2,https://etherscan.io/tx/0x2bd972e75309f56c6e039bd8afc7e514258abf8e5df6eb2d74cd09d7dfb0646b
2023-03-19 02:33:47,False,0.08587,4.813e-05,3900.0,0.1877,0x41...df7f,https://etherscan.io/tx/0x9d794ce9268c2db37a8965a770932e3e0af88c346aac2b24313e319494a2e7e5
2023-03-19 02:29:23,True,0.08608,4.843e-05,2159.68,0.1046,0xe7...5d33,https://etherscan.io/tx/0x7619935731e7a4bd83adacbf183b86fa5f41e18536c8bb60848ad0113b18c4bd
2023-03-19 02:19:35,False,0.08557,4.816e-05,5610.58,0.2702,0xdf...174d,https://etherscan.io/tx/0xcd5b09bfd59673245f383958d6a6853a0506bbfa878f032269c7d936774c2e49
2023-03-19 02:18:35,False,0.08564,4.82e-05,2475.78,0.1193,0x21...326b,https://etherscan.io/tx/0x64ecfd9e7b5f58c980cd15af129e5bd50b5911a1ec86706c65cf1d19ce5fd6d8
2023-03-19 02:17:59,True,0.08617,4.85e-05,1769.81,0.0858,0x22...92e8,https://etherscan.io/tx/0x02e76ac57c616db071618d5d12793d03cde6cfb6eef29d10277f3e3bdc430917
2023-03-19 02:17:35,False,0.08566,4.821e-05,2000.0,0.0964,0xf8...338b,https://etherscan.io/tx/0xb8329d6fceb191fbc50c71b7111f2e094622b032a3d63c54caa848ae2aedf6da
2023-03-19 02:16:59,True,0.08612,4.847e-05,7527.06,0.3648,0xee...b6d1,https://etherscan.io/tx/0x6daac5231795dd27e7315077ff96d98bdca1dc5f9d0fcf3f84377260451f4bd9
2023-03-19 02:16:35,True,0.08605,4.843e-05,344.787,0.0167,0xe2...de56,https://etherscan.io/tx/0xa379563baab045379d17d422d60fd2068f76d804a7e3a9ee5d6a0caa31d1c064
2023-03-19 02:16:23,True,0.08599,4.841e-05,3480.79,0.1685,0xd4...5b74,https://etherscan.io/tx/0xc614a20b20b6cc6ad25a3fef6d1acc77fd8ab2f61a24fbccb234635972915776
2023-03-19 02:14:35,False,0.08534,4.81e-05,735.748,0.0353,0x6a...ad0b,https://etherscan.io/tx/0xce3ae4f50a951dc8a4e5a5a26153aca3be7e6b6cafd4d3ca495366e73c86bf64
2023-03-19 02:14:11,False,0.08536,4.812e-05,1684.66,0.081,0xdf...174d,https://etherscan.io/tx/0x9bcb74c4c598288d6a85e9388b2e936ad5e7b0b8537b15d3ed9b1ba956d4cee7
2023-03-19 02:10:23,False,0.0855,4.815e-05,5423.2,0.2611,0x1b...ea67,https://etherscan.io/tx/0xe0213da9d41167402ef9b20a9fe8acf07dd71e3ac461fd7fe73188f2fde7facc
2023-03-19 02:03:11,True,0.08612,4.847e-05,1113.34,0.0539,0x42...cf69,https://etherscan.io/tx/0x31a8422630020e1f84872326d9f1b59317ac23b6ad37400bc79030fd69d1844f
2023-03-19 02:02:59,True,0.0861,4.846e-05,247.484,0.0119,0x41...89b8,https://etherscan.io/tx/0x4d446fa3c3824deb1948e9f60307cddda459306d1188b76027782f521e3bb89d
2023-03-19 02:01:23,True,0.08606,4.845e-05,1155.79,0.056,0x61...e726,https://etherscan.io/tx/0xdcd19f3e0218cfc8f72daea5eea8550da8f5cdd6612cef114af1fce25c74c208
2023-03-19 01:58:47,True,0.08596,4.844e-05,1023.07,0.0495,0x99...1016,https://etherscan.io/tx/0x03417150b751b366dae6a39807553ea726380d4c43e181c98ff763d07982351a
2023-03-19 01:55:59,True,0.08595,4.843e-05,398.798,0.0193,0x2e...f345,https://etherscan.io/tx/0xd01ebfeb827a43ca002704b891c03f20254dc953e3c6a35b3d92f4b70cab3bb1
2023-03-19 01:53:47,False,0.08546,4.815e-05,1951.21,0.0939,0xe9...a86b,https://etherscan.io/tx/0x617b8bb9b36e2d0a1e1a4751526869d10e4db7f3bd1f9369016a63e642589813
2023-03-19 01:51:47,True,0.08598,4.845e-05,1004.53,0.0486,0x1d...05a2,https://etherscan.io/tx/0x0c7b26fb6a3edec1cded2edb579c25854eec8e594f1d8900ad2f4dfa12bfbe64
2023-03-19 01:44:59,False,0.08567,4.821e-05,11728.9,0.5655,0x76...7d5e,https://etherscan.io/tx/0xa8b676f011143f467e92eaa5234ed3348f818230819cf43f13d867bd9edb8ce7
2023-03-19 01:44:47,True,0.08761,4.931e-05,30153.5,1.48687,0xe2...3a2c,https://etherscan.io/tx/0x6acc833114bc5ce264a7e5a99af9569abd72dce228ba34d9913edbb364cd6f4a
2023-03-19 01:44:47,True,0.08723,4.91e-05,7974.36,0.3915,0x01...8063,https://etherscan.io/tx/0xd6cc9a5cbb76086e3c5d54ed3d7aae361408548de0f33bdc1826ffa212c37985
2023-03-19 01:42:23,False,0.08495,4.787e-05,720.0,0.0344,0xdd...c860,https://etherscan.io/tx/0x32c6d7889b1ce24b7fc6e8daad5b9e0a342dda42360cb9849e081382b39d8ec3
2023-03-19 01:40:35,False,0.08497,4.79e-05,5029.98,0.2409,0xce...ce13,https://etherscan.io/tx/0xb5f63b24763e1e596b7ec70e720c53a9a3dde69186db250187c86332e59b8384
2023-03-19 01:40:11,True,0.08556,4.821e-05,461.514,0.0222,0x5b...c8db,https://etherscan.io/tx/0xd0cc2e48a5956cecf271b373fc573e9cac91077947c4c292ab4b2122a0346eda
2023-03-19 01:27:59,True,0.08525,4.821e-05,295.473,0.0142,0x21...9432,https://etherscan.io/tx/0xb7be353b192088e65c84e090d9f2e80ff339945549ae7c043f68032f61cba59c
2023-03-19 01:27:47,False,0.08476,4.793e-05,2370.0,0.1136,0x72...9c6f,https://etherscan.io/tx/0xc151855012e3a1119ce32c15ae1922ba7fa50798fc06c11cab29244a7ffcadab
2023-03-19 01:27:11,False,0.08491,4.795e-05,450.0,0.0215,0x42...cf69,https://etherscan.io/tx/0xecb518827271dde95cb93062ec109b9945f724c6e594f1e27577ba282c3f0a07
2023-03-19 01:26:35,True,0.08531,4.816e-05,14071.8,0.6778,0x84...dd56,https://etherscan.io/tx/0x5ff5f4f04c9146bb86aca6d59f85bdc116e619d8fec77784e9e7c2411a2fa1e7
2023-03-19 01:25:59,False,0.08471,4.781e-05,1486.88,0.071,0x41...fb67,https://etherscan.io/tx/0x29b16c6a2535306f0088e682da2d0a31d9790f6517ee972ca12542c04eea5bca
2023-03-19 01:24:35,True,0.08514,4.809e-05,2079.11,0.1,0xc5...8753,https://etherscan.io/tx/0xa7d559398e0a64e5e3d13875b5b0497088c2b189421a5d99e699c3b9dbcad855
2023-03-19 01:20:23,False,0.0845,4.78e-05,1943.0,0.0928,0xe9...a86b,https://etherscan.io/tx/0x3949db3f4617b52974b440b825f6dc688d828eb5e35469481ea32b65f8530f8a
2023-03-19 01:16:47,True,0.08496,4.807e-05,5814.38,0.2795,0x6c...dacc,https://etherscan.io/tx/0xb7d6c0793fd68f0f77c2899bc9b6f8bedbc0ece308198ac30bac184cf9792d56
2023-03-19 01:10:23,True,0.08476,4.804e-05,166.513,0.008,0x86...b5f1,https://etherscan.io/tx/0x318af92d5ec16668ad8e7df3e4d611ec1551d1c8c727dc0ed4c252f3bcbcf7ad
2023-03-19 01:09:59,False,0.08445,4.786e-05,21376.2,1.02325,0x86...b5f1,https://etherscan.io/tx/0xa43d1ab3ac5907c0ac5e20e939cacab8164d6cc727d8ae16925494ce1b5f8d68
2023-03-19 01:08:11,True,0.08489,4.823e-05,7598.19,0.3664,0x42...cf69,https://etherscan.io/tx/0xce307feb4460fbdc2660d648cd444e63471522f04c654ed525500022ab26c29c
2023-03-19 01:07:23,True,0.08476,4.816e-05,4117.34,0.1983,0xbf...9a66,https://etherscan.io/tx/0x7cd5cf5ea452b57ad45cf3f5a687a708618c3a0a2a4cc6755a8cfccb733d4d83
2023-03-19 01:06:11,True,0.08472,4.813e-05,1853.36,0.0892,0x08...6ed6,https://etherscan.io/tx/0xe904b5ef01bbd6459048c0d51282344d9023689a2199d2b97a42bb0799ea2980
2023-03-19 01:04:47,False,0.08431,4.787e-05,7138.89,0.3417,0x9c...7bd6,https://etherscan.io/tx/0x8f93883c3db0d323f688bd284efe35e269804a47725e2023f460040e3c0c9b60
2023-03-19 01:02:11,True,0.08476,4.818e-05,2699.1,0.13,0x84...b841,https://etherscan.io/tx/0x877ccd2bddd6cbf13f414490f7fcba6a4569e9593cae46ebbad62d30d8059b0c
2023-03-19 01:01:47,True,0.08468,4.814e-05,6025.0,0.29,0x41...13a9,https://etherscan.io/tx/0x102604fa948e9a592bded045c68a1a984b6e8ae0095296ce097f5b441e011dfc
2023-03-19 01:00:47,True,0.08456,4.81e-05,1648.65,0.0793,0x40...284d,https://etherscan.io/tx/0xfd2975c13bcd583401bed9f5549e4adee2d327a0e86e5bda7405526136b4b915
2023-03-19 00:55:35,True,0.08441,4.805e-05,6724.49,0.3231,0x6a...b948,https://etherscan.io/tx/0xe26acbadc4bfbffd8c653f4219bb6462ec2f35199d05c7e9e65f043152260209
2023-03-19 00:54:47,True,0.08425,4.8e-05,2064.73,0.0991,0x01...0423,https://etherscan.io/tx/0xc679006366c9c18ece2dd08531d813e4724bf40dabd68351742d3fa68c63871d
2023-03-19 00:54:23,True,0.08409,4.791e-05,15705.7,0.7525,0x4a...77e9,https://etherscan.io/tx/0x4c12227476ebffd43e76b47f4accc80f869335109ee246cde648ff7dab2c335c
2023-03-19 00:53:35,False,0.08371,4.772e-05,34930.8,1.6672,0xe4...53d4,https://etherscan.io/tx/0x7a1c0b40ea807eafeb670d3296dbf741fbee83b6350eaa12d5a761e49e0117bc
2023-03-19 00:51:23,True,0.08453,4.819e-05,822.669,0.0396,0x42...ca9f,https://etherscan.io/tx/0x5d2f5833289acadfa061fc8d891c5249c8c3ad29c06f5291abe62110fc8181a5
2023-03-19 00:50:59,False,0.08408,4.793e-05,4974.17,0.2384,0xbf...9a66,https://etherscan.io/tx/0xd923063b8e9dcddbd4960b051a27f669a5b5c7b4c4b3e24d69fd48c7a83190ca
2023-03-19 00:36:23,True,0.08501,4.819e-05,8808.57,0.4245,0x15...f3fd,https://etherscan.io/tx/0xc8079e3be9534a894fe8d4af64ca28c55f7dfb3f57a1ebba29a48e9ce4acffe6
2023-03-19 00:34:11,True,0.08477,4.814e-05,401.447,0.0193,0xc5...1d74,https://etherscan.io/tx/0x347874482fd6770e0e3ae03c24215d90832e9d59042460c6853d7fe7bbd536f4
2023-03-19 00:33:59,False,0.0843,4.789e-05,6000.0,0.2873,0x6c...dacc,https://etherscan.io/tx/0x339e6d62e65788805407b178ffd64dfcc6c5b143d71b154d3ba84438e646a70e
2023-03-19 00:28:59,True,0.08462,4.814e-05,12000.0,0.5777,0x11...c026,https://etherscan.io/tx/0x2091fbd1ba21a11d099177908e18ae3c927981b1d08c5d0f1b0548298baefe4e
2023-03-19 00:28:47,True,0.08444,4.804e-05,7533.21,0.3619,0xba...63f5,https://etherscan.io/tx/0xc78f7b752fba5a64717e8edff18e4d6d4872512df61ccbdfd4c3f62f9084303e
2023-03-19 00:28:47,True,0.08425,4.793e-05,12516.5,0.6,0x7b...02a8,https://etherscan.io/tx/0x645085ba5ac067a89cb2e9644634d51c75b96e7a0860ca4b61727d5e00c108ae
2023-03-19 00:26:59,True,0.08441,4.786e-05,877.451,0.042,0x81...441c,https://etherscan.io/tx/0x9d64550752604fd321f4ba8b849cbe3474550e55b2b9d7ffdd4699b97927bc79
2023-03-19 00:26:23,True,0.08457,4.785e-05,517.802,0.0247,0x60...1840,https://etherscan.io/tx/0x6c35fde08e257e0e43faa17fbb0606a7565a81cf967ad2a11c0cc72b18251afb
2023-03-19 00:21:11,True,0.0847,4.784e-05,2743.92,0.1312,0x8b...a756,https://etherscan.io/tx/0x26e366619a1e386b0f54b9c62a7ad597fe93d72c8ccfb2497c268f41ff9e7b83
2023-03-19 00:16:47,True,0.08463,4.782e-05,248.716,0.0119,0x04...e8da,https://etherscan.io/tx/0xa9c81efb90d52930037953e5e670feb8f23be88f1b6c340f716f015d04bf816b
2023-03-19 00:15:11,False,0.08433,4.763e-05,19400.8,0.9242,0x97...0896,https://etherscan.io/tx/0x69af6ffc9cf87b5fc1a8c0f05525cdfb32230451e6512bcdb2a0839cbdb35715
2023-03-19 00:15:11,True,0.08501,4.802e-05,454.072,0.0218,0x5a...1f5c,https://etherscan.io/tx/0xfc906cb34ab02a37530cd4bf8ec1133ce9373ae0f1f19590ec5f204d97a542db
2023-03-19 00:14:59,True,0.08498,4.801e-05,2333.0,0.112,0xed...c98a,https://etherscan.io/tx/0x014e4216340daf63d4949bb46a5f3c5416e6f0c2326042e73129344dfc67e766
2023-03-19 00:14:11,True,0.08489,4.799e-05,1562.79,0.075,0x81...441c,https://etherscan.io/tx/0x39abcc5d4d0c8cdc1e496ba9b9d8cfbe9ac4629bb7264f192f0abcbf9b57aa23
2023-03-19 00:13:59,True,0.08485,4.797e-05,2190.23,0.105,0xf6...068d,https://etherscan.io/tx/0x3ab400f7823b52fc3fcc9397ae1571cb6ec2ae5ff7914df193bba00b5bc1e356
2023-03-19 00:12:35,False,0.08441,4.779e-05,23805.3,1.13784,0x63...0b3c,https://etherscan.io/tx/0xf97c2897c53152862adbf9e4bad5dcd6d481df079cdfc1dcdaa9d0e836b45075
2023-03-19 00:11:11,False,0.08454,4.798e-05,12500.0,0.5998,0xb3...2d85,https://etherscan.io/tx/0x8aa0280c3234dd57f2bbfad501479234f79ae2b6130f04a6c4f798bb26947b9d
2023-03-19 00:07:47,False,0.08494,4.808e-05,5000.0,0.2404,0x4e...7fe0,https://etherscan.io/tx/0x540f0ba603f18877103a8780fb93ec36d77ffbcb40f7f445b7c91ed542e87c41
2023-03-19 00:04:35,False,0.08508,4.817e-05,12000.0,0.578,0xf7...9878,https://etherscan.io/tx/0xb87b15b7a4b5f37b99f58fb3a800e691ac4b7e5d2e78d82a4693a1dda72720aa
2023-03-19 00:01:11,True,0.08585,4.852e-05,1228.38,0.0596,0x42...cf69,https://etherscan.io/tx/0x90dd55eed664b664e42059a69a029e1186ba95b2ebcb86478c88059ed64208fc
2023-03-18 23:51:11,False,0.08554,4.833e-05,20321.6,0.9821,0xc6...fed0,https://etherscan.io/tx/0xd783399e269f014f206d4283411b05d9c2d5ac1375256ec8ac3a72367e239758
2023-03-18 23:42:59,False,0.08598,4.85e-05,11545.5,0.56,0xb1...9882,https://etherscan.io/tx/0x16760ba745fd919daea1d8cd0d1b2ec98c56663ca0837595cdb75cf0f030734c
2023-03-18 23:41:23,False,0.0863,4.857e-05,2087.53,0.1014,0x2e...f345,https://etherscan.io/tx/0x1ea7c92f2bfda77f488547056d4c271c2a6a187a1f11459385f7c43e40914ef5
2023-03-18 23:40:47,True,0.08683,4.887e-05,1146.14,0.056,0xdf...f42a,https://etherscan.io/tx/0x3535082407fe0153b6a56c78bde1ce742a12437035afa13354e756f0e1920231
2023-03-18 23:38:11,True,0.08683,4.886e-05,283.984,0.0138,0x33...6620,https://etherscan.io/tx/0x3905b7a5ba79934c9b20e1e56518cc7afeb1b0d101ee1205e6907e20a63d2762
2023-03-18 23:37:35,True,0.08678,4.882e-05,7954.55,0.3883,0x97...0896,https://etherscan.io/tx/0x998825afe3b506ab3f55902eb8af1f1c0a71febf5d7634d508494671da9102fc
2023-03-18 23:31:59,True,0.08673,4.877e-05,1640.35,0.08,0x00...0906,https://etherscan.io/tx/0x8e4836077f1cf1d795880a16e9fc9e52e99a9fe4a2abd92391124ccd0a0ce310
2023-03-18 23:31:35,False,0.08658,4.868e-05,40138.9,1.95422,0xe3...072e,https://etherscan.io/tx/0xf5c81629cfe98f3c0b5299c3e5c678caed9c43d18ab33f57b42bed0269f9fe4d
2023-03-18 23:31:11,False,0.08697,4.89e-05,282.608,0.0138,0x1b...ea67,https://etherscan.io/tx/0xd2ea24a0026f7db36e383a11881df32f34b6fb6a5963332daf67840c7e009071
2023-03-18 23:30:35,True,0.08748,4.919e-05,2015.12,0.0991,0xc4...0855,https://etherscan.io/tx/0x829dd224f8d8dcc7489be3a775d56c0baba89de3979fe4f58bf34bf4b444ebfc
2023-03-18 23:26:23,False,0.08691,4.892e-05,6545.34,0.3202,0xe4...5b9b,https://etherscan.io/tx/0xd84261631da5cc3765ad7546db192d214c4fecf2bff5b5d67082519f347eceda
2023-03-18 23:23:47,True,0.0875,4.924e-05,473.827,0.0233,0x3f...ed5e,https://etherscan.io/tx/0x5f4198c0b4de519a461af9e3f07580d141c4180d9ed5f04608c4943707ca3db8
2023-03-18 23:23:47,False,0.08715,4.905e-05,18177.7,0.8916,0x17...272e,https://etherscan.io/tx/0x38e268ba1708466fc52eb3818e9bcb4d175717671107536a914f241e553ee906
2023-03-18 23:22:35,False,0.08751,4.925e-05,18701.4,0.9211,0xc6...fed0,https://etherscan.io/tx/0xf8ed59fa06ae815ae21bf1d79fc3b52e8191e258dfeef3443cf4870b78a772ef
2023-03-18 23:21:47,True,0.08824,4.965e-05,698.764,0.0346,0x18...b506,https://etherscan.io/tx/0x75b115c9a825d8238304478007666a23f9b48eb19b74f3d4837c01586a943c9b
2023-03-18 23:21:35,False,0.08785,4.943e-05,14667.7,0.725,0x17...272e,https://etherscan.io/tx/0x8d4458612f812a29a650b5d93d162b5c11937b36a5096c3064af33c751a2e45f
2023-03-18 23:20:59,False,0.08821,4.963e-05,22034.9,1.09369,0x54...48db,https://etherscan.io/tx/0xce385a766c1790171b697095b7e4493749c2bff70edb8ca412ae82addda94230
2023-03-18 23:18:59,True,0.08889,5.002e-05,5944.71,0.2973,0x6a...d53c,https://etherscan.io/tx/0x389eb8665252e59becf76a88f64f1e3395ded55b20c118ab1b56256a2c83a30b
2023-03-18 23:16:47,False,0.08842,4.974e-05,9721.74,0.4836,0x1d...ee2d,https://etherscan.io/tx/0x93be04c67dfdba63d434a397daab91f10428cba6777eed20377b77153af2a864
2023-03-18 23:09:11,False,0.08864,4.981e-05,2871.0,0.143,0x2e...f345,https://etherscan.io/tx/0x7886d2a453bd1333b0f19459e11c4fa6d9f0175a5f6dcd8c55ef1b63fefcec7f
2023-03-18 23:06:35,True,0.08915,5.012e-05,1384.32,0.0693,0x3c...f511,https://etherscan.io/tx/0x9281708b04e18d9619632bb73784b006dfe69cdd0071dfad32193f67a3f84550
2023-03-18 23:05:23,False,0.08861,4.981e-05,545.0,0.0271,0xd3...3a10,https://etherscan.io/tx/0x24fd6d79a8c0c102f5f428dd7723b0ea36111ab93d8d595280b5ef5cd12045fb
2023-03-18 23:02:59,False,0.08861,4.982e-05,500.0,0.0249,0x1b...ea67,https://etherscan.io/tx/0x8e2fc96afdadfb9df7d44340cf02d771f0d7a32dca96805029a91a57a6773321
2023-03-18 23:01:47,True,0.08914,5.012e-05,1186.62,0.0594,0x25...b6a3,https://etherscan.io/tx/0x3e49eb98d2d54bff5af8b2467590f491b05e38fcfe65f25c90178ccda2053bc5
2023-03-18 23:00:47,True,0.08907,5.01e-05,1186.94,0.0594,0x2e...0aa2,https://etherscan.io/tx/0x3d3abcc2da0f234084c0e5ea5a0e9630e0fe225de1a5051211712166608bf5e0
2023-03-18 23:00:35,True,0.08903,5.008e-05,2833.35,0.1419,0xa8...037f,https://etherscan.io/tx/0x2d90bae53f8e1c7ce1c1aed380676c105f0c439cc043321784d1a3932320e718
2023-03-18 22:55:11,True,0.08914,5.002e-05,8609.44,0.4306,0xa8...037f,https://etherscan.io/tx/0x1afbaa770aba01b8e826df44a4c0222520684266c20c28ce1f604fffe3f4aa02
2023-03-18 22:51:35,True,0.0889,4.996e-05,1190.33,0.0594,0x2e...0aa2,https://etherscan.io/tx/0x282a79c3566214f10dfa41367488fc9e9f289174d6ec441b80b557463cd43296
2023-03-18 22:50:23,False,0.0886,4.977e-05,20000.0,0.9954,0x4e...7fe0,https://etherscan.io/tx/0x94b41f9cb5d60b1a97f582def380b7fa4aec50b04cb92e27d2aa8a6bbf8086a4
2023-03-18 22:36:35,True,0.08969,5.018e-05,553.101,0.0277,0x2e...0aa2,https://etherscan.io/tx/0x990ae9cb96409584854f11df00a6e78ec8d632afd947eeaae384b218d2f8808c
2023-03-18 22:35:23,True,0.08953,5.008e-05,15646.7,0.7837,0x2e...f345,https://etherscan.io/tx/0x08025ba79862ede4e592a876cb3ccedae85884f867ea1ea12f1c88a8ff746214
2023-03-18 22:31:59,False,0.08887,4.971e-05,3000.0,0.1491,0x47...c5cc,https://etherscan.io/tx/0x9dc2a465797764a1eef867cdba381507fb2e1b213f7c8795f4cb26f56939fcdf
2023-03-18 22:30:47,True,0.08938,5e-05,5833.33,0.2916,0xf6...4107,https://etherscan.io/tx/0x472ae4cd9e550729b6587eb7430c6c1e4b11c7f3a68acff50e94a9d6ecf83375
2023-03-18 22:29:35,True,0.08932,4.996e-05,19.8375,9.912e-05,0x32...3e89,https://etherscan.io/tx/0xcc173307cec0c2efedf10e7cbff4a0217cba40b5d68de86d98e84b291ecf43eb
2023-03-18 22:28:47,False,0.08879,4.968e-05,2400.0,0.1192,0xe2...9836,https://etherscan.io/tx/0xfb7092d4b2297a460f501245859151e6f4903a5ceff4115b6f1d4f7c6c0c5758
2023-03-18 22:27:59,False,0.0889,4.974e-05,8888.0,0.4421,0x30...444e,https://etherscan.io/tx/0x507b773d854f4523e42915b9ee80269d84554439d15a86f0e67be33e772be023
2023-03-18 22:25:23,True,0.08955,5.009e-05,687.858,0.0344,0x64...cda7,https://etherscan.io/tx/0x4d8ea19083f3ef97368a5fcab37e835724e1ca284a0412c9363256754b12f0da
2023-03-18 22:25:11,True,0.08955,5.006e-05,3365.63,0.1685,0x2e...0aa2,https://etherscan.io/tx/0x5e7b22bf1317c27aabccf8acde731ac222de537548029e2892ae20b9d8cc1a29
2023-03-18 22:25:11,False,0.08902,4.977e-05,3540.69,0.1762,0xdd...4092,https://etherscan.io/tx/0x948c93c0735bbb0a302b86a1f633997a9413057d947d0d1e30a37e87fcddb0ab
2023-03-18 22:23:47,True,0.08956,5.007e-05,2308.95,0.1156,0x2e...0aa2,https://etherscan.io/tx/0x3a802a53cb3ff1336cecaf2056a4fbc1aee61c8a5371088d4cb4a5737c25e8bc
2023-03-18 22:22:11,True,0.08954,5.004e-05,2997.22,0.15,0x2e...f345,https://etherscan.io/tx/0xbef818dbc45fbf4adfd39e252227260fb0de20ef96042f580a7af645f3a5b6dd
2023-03-18 22:18:35,True,0.0895,5.001e-05,2180.0,0.109,0xfa...601e,https://etherscan.io/tx/0x886b957f28226e12e4fcbffa9f87ae49758cd9bddd124b54fca75b74a8e27341
2023-03-18 22:17:47,True,0.0894,4.995e-05,9525.29,0.4758,0x19...0a3f,https://etherscan.io/tx/0x3435e4aa6966212a0c9830a6e5d4505c3b8d0e7800fe155f59ab4301ce45fa5d
2023-03-18 22:16:59,True,0.08931,4.989e-05,43.9033,0.0021,0x66...8cc9,https://etherscan.io/tx/0x3ddbee294c4b4ca4f13f54f55a50e441d7fcc31f7eebaf72b21078c382d57cea
2023-03-18 22:16:47,False,0.08885,4.964e-05,7700.04,0.3822,0xb8...14fd,https://etherscan.io/tx/0x237f318b2f8bc84c97defe51b81ab3350697028c973bccf39f6fc476d48532fd
2023-03-18 22:16:23,True,0.08946,4.998e-05,99.1586,0.0049,0x2f...4d2d,https://etherscan.io/tx/0xd1a6994416e4c9e4d46a32911d979deafd7928dffada62c885649d65ac58cd85
2023-03-18 22:14:11,False,0.08887,4.969e-05,1300.0,0.0646,0xf9...ffc7,https://etherscan.io/tx/0xeea2163395acff7689c8fe6e75bee3bba1ab13c2be853bbece648ee8d5d98358
2023-03-18 22:13:59,True,0.0894,4.999e-05,1102.71,0.0551,0xff...8eea,https://etherscan.io/tx/0x4c18bf661ded9c5d4c359fb4c6bc5f91ef5067e04ff716f3e1c48d3a75de342e
2023-03-18 22:04:35,True,0.0895,4.998e-05,374.293,0.0187,0x78...e080,https://etherscan.io/tx/0xb160c6f6e4f88f33e088d27bf84f651b9ab44bc5f436b52392b27e8f761fd9fc
2023-03-18 22:04:11,True,0.08949,4.998e-05,19.8328,9.912e-05,0xe7...2cfa,https://etherscan.io/tx/0x19468f874ede8555e4f090ff42eee93252487176d60cb1e0c22fada2e318dc1c
2023-03-18 21:58:23,True,0.0896,4.996e-05,1983.73,0.0991,0x4f...b7c2,https://etherscan.io/tx/0xaa2ccd7d8fc249fa2efe698612ced82364f0636bd038f083dc90e3f81f2ed62e
2023-03-18 21:57:23,False,0.08912,4.968e-05,4226.45,0.2099,0x7f...18eb,https://etherscan.io/tx/0xea65edbb015ddeb139698fbd02c852679623442b235d9b6d88590e7f859c8f02
2023-03-18 21:56:47,False,0.08918,4.971e-05,1500.0,0.0745,0xa2...e3a8,https://etherscan.io/tx/0x3a12e064812ef550d68e4eb0229b60cb92bee907cc4c0ebf4869312bca0a4587
2023-03-18 21:56:23,True,0.0897,5e-05,2666.4,0.1333,0x2c...8329,https://etherscan.io/tx/0x85108c81033d3c6f9c956aadbff05a5a799133df3ab62403937b7a5ad9df21c8
2023-03-18 21:53:35,False,0.08918,4.969e-05,564.906,0.028,0xb1...68eb,https://etherscan.io/tx/0xe46ebf7e1005016109fe1957734b11d4d3b4b6e035a6463ac12bb87f4bf00e8a
2023-03-18 21:49:23,False,0.08932,4.97e-05,500.0,0.0248,0x67...eed9,https://etherscan.io/tx/0x8b0a868bb1ea9a9735e8359b7b045360c37bd1c1d8638d654b5119a879cc0f18
2023-03-18 21:47:59,False,0.08943,4.974e-05,6750.0,0.3357,0x74...297e,https://etherscan.io/tx/0xb5dbf2ab425eee1f0a2690b1296d2be5a89ad29ff613e36c0179da6b673a2663
2023-03-18 21:37:11,True,0.08977,5.007e-05,1108.56,0.0555,0x31...e201,https://etherscan.io/tx/0x94f2d697608520712c97317d33f20622e58b22c8ce45cc2a957294b6d640d74a
2023-03-18 21:34:59,False,0.08911,4.977e-05,1111.16,0.0553,0x89...a0d6,https://etherscan.io/tx/0x5553c4ab359a85b40debf2b5eb802ab24d919a30a0689a46d504277e4bea2583
2023-03-18 21:32:23,True,0.08965,5.007e-05,1143.75,0.0572,0x6d...ddae,https://etherscan.io/tx/0x546ac1ca3710d4889c467f8572ed56db769b72057aa0b5e7c3a8ad59e32705eb
2023-03-18 21:30:35,True,0.08957,5.003e-05,5596.02,0.28,0xb1...9882,https://etherscan.io/tx/0xae6cf1c5a211c9ac95d95fb871bae7cf35788acf43252c35e50554568139d081
2023-03-18 21:30:23,True,0.08944,4.995e-05,8042.63,0.4018,0xce...600f,https://etherscan.io/tx/0x3da1084b0d07b59bfbb8853b04500b3ee8b426579e293840ea637029c2543532
2023-03-18 21:29:59,False,0.08881,4.962e-05,1476.97,0.0732,0xc7...be9e,https://etherscan.io/tx/0xb8f17af0875cd7e24cc0bf5c754a3f02ffee490005b59339e070361bf7ea23b7
2023-03-18 21:27:59,False,0.08901,4.968e-05,10064.4,0.5,0x2e...cf85,https://etherscan.io/tx/0xbda3422ce01bcde6afc4a90f7dfdb32c719125448226aa504e5a3fd48dc6d217
2023-03-18 21:27:11,True,0.08962,5.004e-05,385.06,0.0192,0xdd...743b,https://etherscan.io/tx/0xc2403420275ddda8a52a725cf8f3ba816f6b69dedcbcc696bceab132c3b32497
2023-03-18 21:25:47,True,0.08966,5.003e-05,693.392,0.0346,0x5b...9676,https://etherscan.io/tx/0x2f35721455de87344c6b5c7073353bfcadcba2e20119bf8a4c0c320dd9752846
2023-03-18 21:25:11,False,0.08914,4.974e-05,1485.0,0.0738,0x15...102b,https://etherscan.io/tx/0xd751e392337e7c092b599273819213e62cfbc1a056e444f1c0ef1593b90de0bd
2023-03-18 21:18:47,True,0.0894,5.004e-05,198.066,0.0099,0x5c...3d1a,https://etherscan.io/tx/0xad8b060c2e60d75e32946ba0125cc4df87135936e29a0fec17ba5fa74beb290c
2023-03-18 21:18:23,True,0.08938,5.003e-05,2398.47,0.12,0x23...eb2a,https://etherscan.io/tx/0x02be7a3678a051046f8aa3edd6fa3b475f7412b5a8e261ded46313313ec7eaa7
2023-03-18 21:17:23,True,0.08934,5e-05,1883.08,0.0941,0xa3...86f8,https://etherscan.io/tx/0x2540331d6c7b0f5f8968a6f53bb8821493b9325d12ac58bb160de0c5c75e7bc2
2023-03-18 21:14:59,False,0.0888,4.969e-05,300.0,0.0149,0xeb...44f1,https://etherscan.io/tx/0x57ed5547207de577cfc999b10f68e8d872237799195a19045ea67e50be9da1ba
2023-03-18 21:10:47,True,0.0893,4.997e-05,4165.17,0.2081,0x08...f329,https://etherscan.io/tx/0x7ab55fe363b49d6048af595b1f8ff51b730c5e579fe18bd6e9953bbe9f6161aa
2023-03-18 21:09:59,True,0.08922,4.993e-05,3493.82,0.1744,0x05...de46,https://etherscan.io/tx/0x4a2eef971b1693f6f4b1c0c241f2f985908b488647e19d3a1b2bffdfb10bd717
2023-03-18 21:09:35,False,0.08869,4.963e-05,3000.0,0.1489,0x14...80be,https://etherscan.io/tx/0xffeb7808b5eacd67f13a88a686e0273e37171ee07f8543e522cf840bc2168d17
2023-03-18 21:09:23,True,0.08925,4.994e-05,552.296,0.0275,0xce...8e5b,https://etherscan.io/tx/0x111a2bfeae7d1d2453f983e207d9a98b107847b2b8e432788315b503babbf552
2023-03-18 21:03:35,True,0.08932,4.994e-05,233.998,0.0116,0xe0...2d91,https://etherscan.io/tx/0x2a7a2818f858bba753a62ebc25de673f0c80fa9c72ae60ecbbe1585c31ef952a
2023-03-18 21:00:35,True,0.08938,4.993e-05,142.722,0.0071,0xe2...1b0e,https://etherscan.io/tx/0x55ea0c771332c59bbe6f758c42dd303754439e45f116ef1f6352ba851846bfa5
2023-03-18 20:59:35,True,0.08936,4.993e-05,1220.4,0.0609,0xec...56c7,https://etherscan.io/tx/0x3ff4ecd6070645223e4cce63dd4dd2b468dfa6defbcda208f5bfdf1bb3a16c44
2023-03-18 20:56:35,False,0.08883,4.963e-05,1000.0,0.0496,0xec...56c7,https://etherscan.io/tx/0xb4ed60d2bb7bef31a8481c44b43e26019d05659e208e5de6f8c0456835a46796
2023-03-18 20:54:47,True,0.08944,4.991e-05,3455.39,0.1724,0x04...f68f,https://etherscan.io/tx/0x4bb69bc41b53ea7a9da3e1c6732411e99fbde4edfd2e01d6a47d12d7f6fa50fc
2023-03-18 20:53:35,True,0.08944,4.989e-05,455.248,0.0227,0x7a...34ef,https://etherscan.io/tx/0x730a693e70d456f51468b23e00ba44aa2267e0b0a8b3a6e40eb31f9692da7aec
2023-03-18 20:49:23,False,0.08895,4.959e-05,700.0,0.0347,0x5c...e630,https://etherscan.io/tx/0xd820fa9d33bd60e084bb723aaa667f056564b4d38cb8b56bbcac55fb098c32e3
2023-03-18 20:40:35,True,0.08963,4.989e-05,551.428,0.0275,0xef...3f54,https://etherscan.io/tx/0xfe9be82ef5fdc897f3df567af244b23577690b590113fbd547e155fc9ec55aca
2023-03-18 20:40:11,False,0.08913,4.961e-05,3773.54,0.1872,0xc3...172c,https://etherscan.io/tx/0x83354b06a98c7902a16c45f8dbaba68682fbfe1c0ddf7515d965868115cbc960
2023-03-18 20:32:59,True,0.08962,4.991e-05,3309.06,0.1651,0x8a...7d4f,https://etherscan.io/tx/0x81395091750201633f373e43e891556d60067dc22d05ed5fc3c1dc21de6c6d21
2023-03-18 20:29:11,False,0.08906,4.963e-05,5700.0,0.2828,0xa9...34a3,https://etherscan.io/tx/0xbb2cfaacd4a49247ffaecf6094ce949581c9303ee0a91659267127f5c18ef474
2023-03-18 20:28:35,True,0.08963,4.994e-05,2579.98,0.1288,0xa7...edc3,https://etherscan.io/tx/0x1b8aeeea7f718e344b62e56202332f33689a47a92b0ed5f61e397a7c91f082bc
2023-03-18 20:26:47,False,0.08891,4.964e-05,2333.84,0.1158,0xd2...2da9,https://etherscan.io/tx/0x8bbe793e28f52f0e898c8c16883bf886f497acad58e7e01fd1c9201ad5b67d05
2023-03-18 20:23:47,True,0.08928,4.993e-05,4189.11,0.2091,0xdb...79c4,https://etherscan.io/tx/0x9c93367126e4a2a237a13de1fef8a0feb887c309ff5ef4b059ab4de706bb6c6e
2023-03-18 20:20:23,True,0.08937,4.99e-05,1202.29,0.06,0xf1...f0ab,https://etherscan.io/tx/0x457da6241a1074b9121ced9ede1f91ec019d9643731c7d9ced358b74496a6f55
2023-03-18 20:18:59,True,0.08946,4.988e-05,2004.54,0.1,0xaa...2685,https://etherscan.io/tx/0xe9bab8ec98a6ac1179c0ea7d8c8e35746f86051d39d81e52a134e751124c17aa
2023-03-18 20:16:59,True,0.08942,4.986e-05,2116.82,0.1055,0xcb...a020,https://etherscan.io/tx/0x02064af806b00ccfd46e93e9b52447bcdc732ead03669afec8bad00af42cb3be
2023-03-18 20:15:35,False,0.08892,4.957e-05,3000.0,0.1487,0x40...e43f,https://etherscan.io/tx/0x3c71f957513f741cfca596a06466f7523227084fd63482b4113172769db1103d
2023-03-18 20:15:35,True,0.08948,4.988e-05,647.267,0.0322,0x72...6db0,https://etherscan.io/tx/0xafa623266a355b88c585eaa04ace597520d32dfe5fc32f7bf20afe6d8a852172
2023-03-18 20:13:59,True,0.08937,4.983e-05,6891.66,0.3434,0xb2...bb0e,https://etherscan.io/tx/0x46bd6d812d4dc4f672020530273bca8b072acf807ed3bbfae9ac8531f4375ac9
2023-03-18 20:12:59,False,0.08869,4.952e-05,4383.65,0.2171,0x14...80be,https://etherscan.io/tx/0x566f44d216660c82eadf97ea9e558dc7d11f0f7effefa9a1cff3b081272a4d21
2023-03-18 20:12:35,False,0.08877,4.958e-05,5146.53,0.2551,0x66...af02,https://etherscan.io/tx/0x38bcde1798620661cdce28387df11b3e1865a9498fcee60decf0b633a3c09bd5
2023-03-18 20:11:59,True,0.08915,4.981e-05,15925.2,0.7933,0x4f...2604,https://etherscan.io/tx/0x028ab99a75c4e81b8fbab8193aedbf84ff206903cde8667c83c46f424d37f6c4
2023-03-18 20:09:59,True,0.08897,4.971e-05,2392.62,0.1189,0x8b...a756,https://etherscan.io/tx/0x76694299832c8701f6bb2164f6703389f31365bb8b884142758206b0645e3119
2023-03-18 20:09:23,False,0.08853,4.946e-05,10903.8,0.5393,0x6a...ae98,https://etherscan.io/tx/0x7b0af225fa47c39d3661646c2e1ff123ff4cd2ab098e3c7caf1339b66813bf1f
2023-03-18 20:09:11,False,0.08868,4.955e-05,4956.25,0.2456,0x84...342b,https://etherscan.io/tx/0x3ebdaebeb1ce8a4397e345cfff1c5d8ccea60939fbc4c6d599f3c8e8813199d0
2023-03-18 20:08:35,True,0.08925,4.986e-05,3383.0,0.1686,0xfa...4c05,https://etherscan.io/tx/0x35f2d6ec7eb8589d14070c9ed463b6297f6a9561ab1c8635f1cc1e27ef4f29a3
2023-03-18 20:08:23,False,0.08872,4.956e-05,3805.2,0.1886,0xe4...53d4,https://etherscan.io/tx/0x1a327736082accc87dc900d61e4a94e3d455a17603c1ff08a05a1bc31606eaab
2023-03-18 20:07:47,True,0.08951,4.987e-05,1112.52,0.0554,0x3b...0e78,https://etherscan.io/tx/0x0a59e669c79f7051189e4f4e565635b8a0cee85a7d6e8f6976ba1c43227e86ea
2023-03-18 20:06:59,False,0.089,4.957e-05,600.0,0.0297,0x6a...ae98,https://etherscan.io/tx/0x1b91006df9fb4959431b7b770d353044596d5ee5806dd7e4a115185d6173e2d7
2023-03-18 20:04:23,False,0.08897,4.961e-05,5900.0,0.2927,0xcc...dc49,https://etherscan.io/tx/0xdc22deccf4f1fb94c82592de25d940be8d9acd42f4c99ad1f348539888cff16a
2023-03-18 20:02:47,True,0.08947,4.994e-05,240.842,0.012,0xdb...ec6a,https://etherscan.io/tx/0xe2d1952dec5a6413d10c6356de7c341fc563ec3c5b2c25a678fc1a03075a7ac9
2023-03-18 20:00:47,True,0.08954,4.993e-05,1282.69,0.064,0x84...342b,https://etherscan.io/tx/0x8a5c365a6d9d62e1890beafee12a0be79a8a1ffe2575f7d2435f9ac2317283bf
2023-03-18 20:00:23,True,0.08947,4.989e-05,5761.38,0.2874,0xe2...16bd,https://etherscan.io/tx/0x528daa9dcdbebb2d59e5ef91ebd19fa324188c3195a09839fbcc0ac8be2fa318
2023-03-18 19:58:23,True,0.08937,4.985e-05,1065.48,0.0531,0xdb...ec6a,https://etherscan.io/tx/0x41499ead5a02aed7344b3b0d7bb6d1bc3a1b105918706df8f3065bb97311ac3b
2023-03-18 19:54:59,False,0.08869,4.957e-05,3500.0,0.1735,0x26...dd0d,https://etherscan.io/tx/0x27c7105aecc59f92fa516acce2a0cbd5d16ebf1ae5562d46db1fe532eb5b025a
2023-03-18 19:52:47,True,0.08921,4.988e-05,398.329,0.0198,0x5f...d9b6,https://etherscan.io/tx/0x0d30d13535368da7c919f495423f27228390c433bf87ee8e1e785cf16be48f30
2023-03-18 19:52:47,False,0.08868,4.959e-05,1000.0,0.0495,0xe8...7d92,https://etherscan.io/tx/0x6968ab05a3e7fa4b052493a783bf0caa4e20aaad61e75d5924c1895c513c16e0
2023-03-18 19:50:59,True,0.08921,4.989e-05,1202.66,0.06,0xeb...04c4,https://etherscan.io/tx/0x6df1aed416acbe6c7cdf4a0d0ac68aa1fd801698efc2733193593c2d38d3e949
2023-03-18 19:50:47,True,0.08919,4.987e-05,914.403,0.0456,0x72...6db0,https://etherscan.io/tx/0x087f663809bfdf1708c93861e11b74a644ca192fccf578bead7c241fe4e5e80c
2023-03-18 19:46:11,False,0.08876,4.963e-05,1146.01,0.0568,0xb2...c63f,https://etherscan.io/tx/0x284d82fed3682748ad09a1d12dbb53a1b3d261ffba69e85ced727b1421020037
2023-03-18 19:45:35,True,0.08933,4.993e-05,396.989,0.0198,0x81...bf99,https://etherscan.io/tx/0xc60d006da9eb3c82a1f7b342b7ecac1359735d943c219a6abb063e33e44a7297
2023-03-18 19:42:47,True,0.08929,4.993e-05,85.3572,0.0042,0x66...8cc9,https://etherscan.io/tx/0xf55fb400748f774d0f806fcd829d6b8bc9f97f54693440a6f88e755944e6a226
2023-03-18 19:40:47,True,0.08921,4.993e-05,992.646,0.0495,0xa2...726b,https://etherscan.io/tx/0x863938509ecfe96ccabef50db18a4c65a26abaaa5c8dd93b7ed5be0292bf8bec
2023-03-18 19:39:11,False,0.08885,4.967e-05,8000.0,0.3973,0x35...4366,https://etherscan.io/tx/0x8e34badc41cc984d48f8ce04e57aaecb904a9abc0014b6f5af593251919ec70b
2023-03-18 19:35:23,False,0.08891,4.973e-05,3739.51,0.1859,0x33...b7a0,https://etherscan.io/tx/0xc10d8256e3178ee1f8291525179b3cc7c2894c8e20d1889606a30fa6c8b745c4
2023-03-18 19:33:47,False,0.08891,4.976e-05,1200.0,0.0597,0x0f...49d7,https://etherscan.io/tx/0xea870ab9d65ed0fbae9b7cd0982493f69ebbecbb1fcb25df594d1c234c5a7d88
2023-03-18 19:32:59,True,0.08946,5.006e-05,464.98,0.0232,0x77...ed4e,https://etherscan.io/tx/0x168e136ffb39b9f003ea1598dc2cf924320d86c62eaff0591638080248748615
2023-03-18 19:31:35,True,0.08944,5.005e-05,1485.21,0.0743,0x42...5103,https://etherscan.io/tx/0x560985b18bcc39f78a8c3d204a7234c5bb25e375007657f972a3e8a3726b44ec
2023-03-18 19:30:23,True,0.08939,4.995e-05,17201.4,0.8592,0xec...a26c,https://etherscan.io/tx/0xc18d9058473dfe205d28f6d0d947c4571d33afb2e574d281c0266a4b96f93e5d
2023-03-18 19:28:11,True,0.08922,4.985e-05,149.159,0.0074,0x42...cf69,https://etherscan.io/tx/0x16e363c4db1e9b07b1f5ab69b0ff1eb71599bcca0d7085f23ebe53d179fa7f70
2023-03-18 19:26:47,False,0.0887,4.956e-05,1666.26,0.0825,0x32...22a1,https://etherscan.io/tx/0x3df558df9ad61fe57e2bb267edbf77252914bb1589cd00e1d3dde38aff9a947d
2023-03-18 19:24:11,False,0.08875,4.959e-05,3768.0,0.1868,0x62...1650,https://etherscan.io/tx/0xadb9c9b0f6554255d14c8da87e2ed02a12877e4d3bff57312376ca5723b5034c
2023-03-18 19:23:59,False,0.08886,4.965e-05,6849.7,0.3401,0x26...f582,https://etherscan.io/tx/0x997bd1c93b686ebbf2a969d14e508dd83dd639725a20fa0cd56849923e84259e
2023-03-18 19:22:11,False,0.08895,4.97e-05,2000.0,0.0994,0x8a...db62,https://etherscan.io/tx/0x0e7c2e4635219ba1555f0d6707d746fcfcc6bfa012f4a1d883201aa694892870
2023-03-18 19:20:11,True,0.08938,5e-05,991.115,0.0495,0xbf...5c26,https://etherscan.io/tx/0xdced132bed828862f7e126756a0e2656527edad4c82dd48536b5afd1c5bb061f
2023-03-18 19:19:11,True,0.08936,4.999e-05,673.406,0.0336,0x16...45f2,https://etherscan.io/tx/0x4456578e19297b2025cd2a54e67d9811528d25edbdda0787d46189304e26f867
2023-03-18 19:17:35,True,0.08934,4.997e-05,3420.66,0.1709,0x1c...ea78,https://etherscan.io/tx/0x39306d1081007f8a5542b9291000c53e41f9902f6382a7f9d03c55600fa76d1a
2023-03-18 19:16:11,True,0.08924,4.992e-05,5942.82,0.2966,0x02...64b2,https://etherscan.io/tx/0x5c18ba07e9e0580008eaedf139590ce5b66467493baabcf8eb4738d7e0cf6166
2023-03-18 19:13:59,False,0.0887,4.962e-05,5424.04,0.2691,0x64...0d7c,https://etherscan.io/tx/0x23f1ad4c382fb7388ebe31dd2a75a54e1a73d6601a7cdd7f3a93694041735f6e
2023-03-18 19:13:11,True,0.08924,4.994e-05,664.925,0.0332,0x69...77f5,https://etherscan.io/tx/0x7ebb5a9d527b1901b04239984a8c0432aff374674b12123239870264acbdb045
2023-03-18 19:06:35,True,0.08905,4.991e-05,5362.25,0.2676,0xb0...9540,https://etherscan.io/tx/0xefe347a3f587e212900126cacfaf6a2ede020f6a65bc7415d07f87c046eb6d50
2023-03-18 19:03:35,True,0.08884,4.986e-05,3379.56,0.1685,0xa5...7193,https://etherscan.io/tx/0xaa69525c17c8f091c005861d6efc78fd63c3f4404bdf79ccb04fcc5e42b47834
2023-03-18 19:00:23,False,0.08848,4.955e-05,1187.09,0.0588,0xd1...7a99,https://etherscan.io/tx/0x1d8415699f64ab7ec22bcf7d8ea4912382f7d8891b2db23792e76f382079582a
2023-03-18 18:54:35,True,0.08874,4.983e-05,3332.65,0.166,0xe2...ce76,https://etherscan.io/tx/0x18c89e26dceec01a9e88c8994f2ca0b4be07fa477638aacbd9b456376b695185
2023-03-18 18:49:23,False,0.08806,4.955e-05,5488.51,0.2719,0x52...d37a,https://etherscan.io/tx/0x8802223fcef4aa4afdb9787530a0a20d1b4742a9b7e9b9fbddf3c4ef4095350c
2023-03-18 18:43:11,False,0.08811,4.961e-05,5000.0,0.248,0xe5...8408,https://etherscan.io/tx/0x95b8ed4ca35a43957dcb7ebfdba5212d2c7fed6cf46ec08b176165e08ffdbbeb
2023-03-18 18:28:23,True,0.08876,4.992e-05,2770.1,0.1382,0x94...c4d3,https://etherscan.io/tx/0x3c31e3aae0844fe19833d401c096c333b17783300050b56280aa728df5820c41
2023-03-18 18:26:59,False,0.08815,4.961e-05,2300.0,0.1141,0x04...aa3c,https://etherscan.io/tx/0xf4bcc6c674a44b1013412d91c7dceeb8ba1924ca9407af4b370a3830c62752ed
2023-03-18 18:24:35,True,0.08897,4.991e-05,3773.54,0.1883,0xc3...172c,https://etherscan.io/tx/0x63c1e076c6659f74616128118473387f339114a0b53be64c0a765742358c97d8
2023-03-18 18:20:35,True,0.08891,4.987e-05,2225.9,0.111,0xa6...dd02,https://etherscan.io/tx/0xd38bdf0a591318e3973fb98bdb1567cdce53b03189fa6ffabe377611161da8a5
2023-03-18 18:17:23,False,0.08859,4.959e-05,4956.25,0.2457,0xd6...d84a,https://etherscan.io/tx/0x210d08450ee8a13bc04475ded21ab179624c0d5603d203ef8ff5d2036a9556d8
2023-03-18 18:11:47,True,0.1067,5.971e-05,28466.9,1.7,0x2e...488e,https://etherscan.io/tx/0xade1837f10190360bf559e4c6fe67a091d60c5b1d3a46a4739fbd785b1b1a0e4
2023-03-18 18:09:47,True,0.08864,4.957e-05,899.87,0.0446,0x4b...f7c5,https://etherscan.io/tx/0xcf48f93eef80c59f425350c5cac250bd7604205c4f8b4d978f73c27999ec0f2a
2023-03-18 18:05:59,False,0.08872,4.951e-05,43919.8,2.17454,0xa4...1132,https://etherscan.io/tx/0x93e7402d1aff077716d594547f7f9ae652860d58fd75698ca1b837f642ebe49b
2023-03-18 17:56:59,True,0.08968,5.003e-05,3367.78,0.1685,0x91...44f5,https://etherscan.io/tx/0x88253b7758344ed02b2b62ba0c9a3b5f93b18814f22e1175fdc0001a54e423ef
2023-03-18 17:55:11,True,0.08965,5.001e-05,39.6361,0.0019,0xd4...5f44,https://etherscan.io/tx/0x14933c5b8e591c421cdba580360254e514e85c313ca1a10c676ece1affcb8886
2023-03-18 17:50:23,True,0.0897,5.001e-05,418.169,0.0209,0x8b...fa8d,https://etherscan.io/tx/0x0f6eada64f77c32966a7eb1b561f980cfb1d5ca29b6363bd5f7be6b905b8c2a4
2023-03-18 17:50:11,True,0.08968,5e-05,1585.89,0.0793,0x20...525d,https://etherscan.io/tx/0x371d287c0d050e9b58cde0460109afb555aeb53b06b265271a9ef0db742b933c
2023-03-18 17:49:47,False,0.08923,4.975e-05,10117.1,0.5033,0xeb...6941,https://etherscan.io/tx/0x87f85634f546150430517df5ccaf9fc46a21632539a0658556a79fb953dab08d
2023-03-18 17:46:59,True,0.0895,4.992e-05,32081.5,1.60175,0xe5...6948,https://etherscan.io/tx/0x0a5e975741127ba24f07b189bf15484df3c4113643c501c48358721ba5e33d9e
2023-03-18 17:45:23,True,0.08877,4.972e-05,3388.65,0.1685,0x01...0423,https://etherscan.io/tx/0x6e0d6d6f0db3be7df4bfef74ca5c38bc5695ae10fa06c7d58b82aaba3a25efcc
2023-03-18 17:38:35,False,0.08695,4.941e-05,617.307,0.0305,0x42...cf69,https://etherscan.io/tx/0x4ae5c2bd34663ce25d46a6a521bdcd2648193ba4bbbb792c6858210878d9a489
2023-03-18 17:37:59,True,0.08724,4.958e-05,22886.8,1.13492,0x41...9ab8,https://etherscan.io/tx/0x13c1aba832d1e9b15214d6cf095fb0b6f8b5344773208b1991d58251bdcacba7
2023-03-18 17:37:35,False,0.0871,4.943e-05,48000.0,2.37269,0xce...e1d9,https://etherscan.io/tx/0x89bc5083bb61420eb8a4a1f6c8c48fed87452eba598023d1a8333fea769ca3ba
2023-03-18 17:34:59,False,0.08733,4.97e-05,2000.0,0.0994,0x29...bb42,https://etherscan.io/tx/0xcba02aabda4ebe359d07436d6570e2b94e00aee4bda5cc216fa588156aa57d9a
2023-03-18 17:33:23,True,0.08782,4.999e-05,4987.93,0.2493,0x2f...e71d,https://etherscan.io/tx/0x46955dd66c1ea8e7d0e01ba33fea54302c193b9a4ec0e696f7f46beb58b84bde
2023-03-18 17:28:23,False,0.08854,4.966e-05,1000.0,0.0496,0x2d...d472,https://etherscan.io/tx/0x682a028c1a9fd9b2f7b6be1ed03a8fd4e35b676dba1c09d8216708480765a5dc
2023-03-18 17:27:47,True,0.08908,4.997e-05,59.5058,0.0029,0x51...50f9,https://etherscan.io/tx/0xda9ef59ecde822db9edc6fdcece67ed71e3752e5899a88f89e24ac68ddc295cc
2023-03-18 17:27:23,True,0.08906,4.996e-05,1983.99,0.0991,0x23...071b,https://etherscan.io/tx/0xd118d93682d2c9532908e7126f56bf1bbe8be66f9a11fcacff45961d2c947825
2023-03-18 17:23:11,False,0.08878,4.966e-05,2644.32,0.1313,0x81...1e34,https://etherscan.io/tx/0xa730218be4eef9e7bbe10b3f949f0507c51c86b654f96c95ef4545a50ec2dace
2023-03-18 17:13:23,True,0.0894,4.993e-05,7940.11,0.3965,0x74...e19d,https://etherscan.io/tx/0x139b4b91b2152d3a2d4a5cdeddcfbe4e487b7794734b10fa206527ec9cd9b69e
2023-03-18 17:12:35,False,0.0889,4.964e-05,9500.0,0.4716,0x24...4bfd,https://etherscan.io/tx/0x2f3d73ce080c35dc23d808d2be03c6b4baf000a234470047f4dbfd36296704d8
2023-03-18 17:08:11,False,0.08899,4.97e-05,500.0,0.0248,0x1b...ea67,https://etherscan.io/tx/0xc4663e28cb221b8f18b3a68be09fc453426bc9b4825d662ba3a5c9875499150e
2023-03-18 16:59:23,False,0.08883,4.971e-05,1219.03,0.0606,0x79...0fa0,https://etherscan.io/tx/0xf202dc9e396546d48562a5a5401d8e1efe3d07cdf512bb07dfab546cbe84aa5e
2023-03-18 16:56:35,False,0.0889,4.973e-05,2300.0,0.1143,0x4e...4184,https://etherscan.io/tx/0xe9e867e6a8af0af015598dd3b61a7042cb12eb10008364d214f3be8a369c7bd5
2023-03-18 16:55:35,True,0.08954,5.004e-05,62.8186,0.0031,0xae...1fff,https://etherscan.io/tx/0x5c572fc3e10f712616e010ae60dc9c4145b8a04478846a3e16ab54b80d18b509
2023-03-18 16:53:23,False,0.08906,4.977e-05,6000.0,0.2986,0xa0...f674,https://etherscan.io/tx/0xb9f0540b9a2ee8a6efbf703919de086ee3b543aadefc7ec08ce559089bb390a5
2023-03-18 16:50:11,True,0.08957,5.009e-05,2176.47,0.109,0xe7...2d3e,https://etherscan.io/tx/0x08d88f90bbb90f115dbd89e774830efb03f9228b1d98b2d0eb51f65d386168b8
2023-03-18 16:48:47,True,0.0894,5.002e-05,10700.1,0.5352,0xc5...252b,https://etherscan.io/tx/0xc0ef04c3472dda4a5100cfe3c1d099656d4c7f9efc120cf6171efc5b15011f7b
2023-03-18 16:46:59,True,0.08912,4.996e-05,595.205,0.0297,0x89...dcaa,https://etherscan.io/tx/0x329e34445d4c8994c595ce4b76a5aff09f1c5c476382406806291280757f007e
2023-03-18 16:46:11,False,0.0886,4.971e-05,9679.89,0.4812,0xd6...ecc0,https://etherscan.io/tx/0xe904dc936ba008fc4f45a164f38d6c338dd690ec236a8b10de1616f27794e587
2023-03-18 16:45:47,True,0.089,5.006e-05,596.831,0.0298,0x3d...6447,https://etherscan.io/tx/0x534e7a74226a57179295736c1ba00a7c33f2e584671e3b7b24396eed062d0eab
2023-03-18 16:41:11,True,0.08954,5.005e-05,792.111,0.0396,0x51...50f9,https://etherscan.io/tx/0xea58a5d0b8ab1f700812909b060f57f456d28164c9faa747adc5ec1c522455de
2023-03-18 16:38:59,True,0.08931,5.001e-05,6043.11,0.3022,0x97...0896,https://etherscan.io/tx/0x320102b2a907f04d19dc09ba817972642ce1873de32eef6bbb991a5fb7f95182
2023-03-18 16:35:11,True,0.08927,4.995e-05,4365.1,0.218,0x22...5100,https://etherscan.io/tx/0xf0843b9e056835c17bfcaca98ffb9e72036ae83656e4d26d98fbaa132e89d0d8
2023-03-18 16:34:47,False,0.08873,4.964e-05,1166.41,0.0579,0xf5...cc74,https://etherscan.io/tx/0xb8d43b005af1483676b0a0bb87fe71a74e1e0c62567ca36fee0afb392ebfba53
2023-03-18 16:22:59,True,0.09024,4.994e-05,1190.91,0.0594,0xf4...d174,https://etherscan.io/tx/0xa72318ee5d69ea78e282b65d70baf5b1a21369e3527d5355771ec6283494c1a8
2023-03-18 16:18:59,False,0.0898,4.968e-05,8000.0,0.3974,0x13...85c6,https://etherscan.io/tx/0xf74ee7680aa6c126881f0d2db71ccc57bf526bb083b9cb46bfb777354b59bc9e
2023-03-18 16:18:23,False,0.08987,4.972e-05,100.0,0.0049,0x81...bf99,https://etherscan.io/tx/0x5b9f46395b6688ee13a00567ccf05ff3a2ab54391c35f304fbf030d58fbb01f3
2023-03-18 16:15:11,True,0.09041,5.001e-05,1050.33,0.0525,0x29...0062,https://etherscan.io/tx/0x0a2155e98b055ae71a4810acff6cfcc62d203f9f22d0175c2229ac0b087cec5e
2023-03-18 16:14:35,False,0.08986,4.971e-05,10.0,4.971e-05,0x81...bf99,https://etherscan.io/tx/0x3a92eaf1c79da106dcf544f1ce28735120dec3cd864661a85c786218fc707df1
2023-03-18 16:13:23,True,0.09024,5.001e-05,520.739,0.026,0x92...dd02,https://etherscan.io/tx/0x51b7a119a8117c48b2424ddf581344ac1e483677a61e430898e91011fd944f43
2023-03-18 16:10:35,True,0.09015,5e-05,1070.52,0.0535,0x47...9faf,https://etherscan.io/tx/0xf9f9a66a5dc15fa73a8d7e0deac09a640a63815e16be018d32ca4f90e0c71960
2023-03-18 16:08:59,False,0.08975,4.97e-05,1744.27,0.0867,0x45...3873,https://etherscan.io/tx/0x337479388a492b716bd882164b766e014d4a1567f1fde1d8f6fe3e18c4c88fd0
2023-03-18 16:00:59,True,0.09079,5.001e-05,376.579,0.0188,0x29...127e,https://etherscan.io/tx/0xcbd125e6c9ed918d9780c7e3e57e70a8b6b59252a7293d0ab8252084b7f3ba03
2023-03-18 15:58:59,False,0.09035,4.977e-05,11067.9,0.5508,0xcd...2dfb,https://etherscan.io/tx/0x18727b244f10c9db837f5a7390ab08963248fbe1360c667781abc0e625394f17
2023-03-18 15:56:47,True,0.09104,5.012e-05,2291.91,0.1148,0x29...127e,https://etherscan.io/tx/0xc4157f68eea8bdb94ef2a446e42110af806a922813805b53d0f0ee543e012fa2
2023-03-18 15:51:23,False,0.09052,4.983e-05,3872.76,0.1929,0x11...9822,https://etherscan.io/tx/0x365a7637e1267e6925142bce300cceb30887f3bb0727ad7d8d91938b3d3a0790
2023-03-18 15:50:23,True,0.09109,5.014e-05,1027.87,0.0515,0x7e...5c71,https://etherscan.io/tx/0xb5b4b1d885193a38704ad6fe39587b30a685f65ce5fe70bf54194a236e4ebe37
2023-03-18 15:49:11,True,0.09099,5.009e-05,7798.49,0.3906,0x59...2d31,https://etherscan.io/tx/0x51eaecbc8ea6fe8858ae348bb1778b874ddfe7527f874cf2c60485235aeaee74
2023-03-18 15:48:35,True,0.09082,5.002e-05,5945.16,0.2973,0xab...11a1,https://etherscan.io/tx/0x1ae7ac9c003abba5d2e0493b318356378b7102ce244cebcef53a989127206d9c
2023-03-18 15:43:23,True,0.0909,4.998e-05,542.667,0.0271,0xc6...c5d3,https://etherscan.io/tx/0xe4b7bb339853462812aea7b359fe3b90c5a32d81403ff1118df8d57e462f7c87
2023-03-18 15:42:35,False,0.09044,4.973e-05,10000.0,0.4973,0xd6...ecc0,https://etherscan.io/tx/0xc4b3417dd58b468c6345ff8fb404e9ed7d1e70bd0b166b461f40b01ea6f34249
2023-03-18 15:39:47,True,0.09116,5.008e-05,2000.7,0.1002,0xed...063d,https://etherscan.io/tx/0x6729a3449e8b8c9288d80651a5c71448f1c02bf5532bf266582806d790411695
2023-03-18 15:39:35,True,0.09112,5.006e-05,1087.79,0.0544,0xbd...4d39,https://etherscan.io/tx/0x37eaa321f35b2c8116f0a6432e95a8e42fe158c27f555335d0a132ce4d16a2a1
2023-03-18 15:38:47,False,0.09069,4.982e-05,12243.4,0.61,0x76...7d5e,https://etherscan.io/tx/0x64f0ec36dffd0d273db5db7b54978309ba37137cce0ff9093f8b856a8aca71bf
2023-03-18 15:35:23,True,0.09132,5.014e-05,8247.27,0.4135,0xad...3975,https://etherscan.io/tx/0x560eb0a875d2f1a0c289589b8f31d1111c0320bdcacfeeea4cb9eaebdcff73a0
2023-03-18 15:33:47,True,0.09129,5.009e-05,593.573,0.0297,0xf8...9f9d,https://etherscan.io/tx/0x538587933d44533dc074da350c8fa838b5553a4751e4860f875bd31366fca38f
2023-03-18 15:27:11,True,0.09112,5.009e-05,858.256,0.0429,0x42...cf69,https://etherscan.io/tx/0x0e158d5252f3cac0451f67a1df0ca017b76b292fdd0782cd7f9cea36a935109c
2023-03-18 15:25:23,False,0.09066,4.979e-05,1000.0,0.0497,0x79...d3a9,https://etherscan.io/tx/0xe67566837329725f0a236b82e0a8eaa4d7d800feb40b2798cdab0af054ff5fdb
2023-03-18 15:19:11,True,0.09109,5.007e-05,3767.11,0.1886,0x31...1243,https://etherscan.io/tx/0x4b684cdc36bcd5177b83e3dd077d23bed285869b5fe6b02a11b7c08ce9e75d10
2023-03-18 15:19:11,True,0.09105,5.005e-05,611.181,0.0305,0x2e...f345,https://etherscan.io/tx/0x0a4e2db488dd82e112b6905d19d3b9f797080c67950515fbd49199f19bc67f14
2023-03-18 15:16:11,True,0.09089,5.004e-05,358.471,0.0179,0xfc...9737,https://etherscan.io/tx/0x2b8ea868156bf2416636e07c3169e58df68008728e9a33676871c2df85cbe8ab
2023-03-18 15:13:59,False,0.09036,4.974e-05,964.737,0.048,0x32...8f17,https://etherscan.io/tx/0x4256df99d5d7dfe7b4334549c4f1593d8e6dbaeecb05ceee089fc4829a362863
2023-03-18 15:12:23,True,0.09094,5.004e-05,999.983,0.05,0x64...0439,https://etherscan.io/tx/0x3a5793e93036fe9d21126fe09ad5e44369718a7fca226d6687722ba31ec4d60b
2023-03-18 15:09:59,True,0.09092,5.003e-05,1086.92,0.0543,0xcd...843b,https://etherscan.io/tx/0x1c5de1ab70863d05211851aefc358872d88fc292178edb08c852f01f8789200a
2023-03-18 15:04:23,True,0.09085,5.002e-05,814.93,0.0407,0x12...7699,https://etherscan.io/tx/0x331806abf4884b3702cf1d5271175cb1936076ca1230b145a8fc491adf4c1b23
2023-03-18 15:01:47,True,0.0908,5e-05,2500.0,0.125,0xcd...5f5a,https://etherscan.io/tx/0x786a43bf95372e8d4f39404a778e635d8ba61d9521875c68283c08612dd7e1dd
2023-03-18 15:01:47,True,0.09075,4.998e-05,2304.89,0.1152,0xd2...2da9,https://etherscan.io/tx/0xc6de4000a335a06cbc3d98e844ce6571e60396f4b6b4da658d72d78e4ac699e9
2023-03-18 14:56:47,False,0.09026,4.968e-05,2628.8,0.1306,0x4b...8c25,https://etherscan.io/tx/0x7d35cd8618ec9f1c766a44e4de158a44184a3b99904ac65c0f19c1c523d1d0a3
2023-03-18 14:55:23,False,0.09037,4.971e-05,3000.0,0.1491,0xe5...8408,https://etherscan.io/tx/0x4cda031e9970bd88778d61c12e3f49cc67ac02e0b6d5bc36c26d5239a4a76755
2023-03-18 14:54:47,True,0.09094,5.003e-05,111.788,0.0055,0xf9...b3c0,https://etherscan.io/tx/0x40c66b3d81212bc2876a8ee7019f53a958d988f11a6d43481e63409b3f9bb65c
2023-03-18 14:52:23,False,0.09043,4.974e-05,3000.0,0.1492,0x2e...f345,https://etherscan.io/tx/0xfa82c54fa91a9c0aa964b29366fdd14a30ef4b412ec794264537caff15aa61f3
2023-03-18 14:51:59,True,0.09095,5.005e-05,2237.95,0.112,0x17...44eb,https://etherscan.io/tx/0xc8fa22ac351ee48e23e75aa26f0623089f533a9cb0695df3c8750fe638a622f8
2023-03-18 14:51:47,False,0.09042,4.975e-05,3000.0,0.1492,0xdf...15f0,https://etherscan.io/tx/0xa0af9b9bf07d3356df4d67b782735d19ce58d12685427dcdca1b3e120b519659
2023-03-18 14:51:35,False,0.09047,4.978e-05,3000.0,0.1493,0x2e...f345,https://etherscan.io/tx/0x49472c26b932779fca277ae854e2e1e703bc64c6a5b76677f50331f58e88a1b3
2023-03-18 14:47:35,True,0.09104,5.01e-05,325.198,0.0162,0x17...c852,https://etherscan.io/tx/0x19404f4c5db001003b216217be7223f83dd1be2a5a9c6535ef9c60de23b5bd1b
2023-03-18 14:45:11,True,0.09086,5e-05,16943.8,0.8473,0x93...d551,https://etherscan.io/tx/0xd07676b8a3d8e083f8f5fbdd607391828b68ed67c129f3bf7a2b7c5ddd89415e
2023-03-18 14:44:59,True,0.09068,4.99e-05,1013.46,0.0505,0x66...e9f2,https://etherscan.io/tx/0x221b3e4759a2118e6aafbb1cd525e4bfc213838adf0190f24d0047252e785d08
2023-03-18 14:39:59,False,0.09003,4.96e-05,1500.0,0.0744,0x9a...0f9d,https://etherscan.io/tx/0x10c85a65d9386a83ea499e0d9fa836f0e1a44f5a5b8b10d2f23f6db6be9709b0
2023-03-18 14:37:59,False,0.09024,4.969e-05,14269.2,0.7091,0x7b...23bc,https://etherscan.io/tx/0x12b6b0c5c592bb936bb3f87f40cff3cf16729aa1e3073c197821312d6333e603
2023-03-18 14:35:59,False,0.09031,4.978e-05,700.0,0.0348,0xfe...a89d,https://etherscan.io/tx/0x9f99995f285f7228b5c99301e9d67fa593da2118239358cc14f78d414e65427e
2023-03-18 14:34:23,False,0.09051,4.979e-05,1150.0,0.0572,0x85...c5b9,https://etherscan.io/tx/0x5d22ab087c3c84953c47ee6328f45ebb71373080c2f981f5673d11c2f1fc5d1a
2023-03-18 14:33:23,True,0.09116,5.004e-05,9507.63,0.4758,0xa3...39d6,https://etherscan.io/tx/0x00271d3f8abc8d294954c3ca33491e9da4bb93a741de25761522aceca2aeaf43
2023-03-18 14:33:11,True,0.09105,4.998e-05,977.605,0.0488,0x01...9397,https://etherscan.io/tx/0x78afef9c98190f79012b0441f428b3c5773ff1bc1056e9fa02c255264e47ce00
2023-03-18 14:32:23,True,0.09104,4.997e-05,39.6959,0.0019,0x88...1746,https://etherscan.io/tx/0xe99cad2c28f4ee9714139b5af13879faa06e61e6c209d66eb94f16e4bec72d03
2023-03-18 14:30:35,False,0.09043,4.968e-05,1000.0,0.0496,0xd6...ecc0,https://etherscan.io/tx/0x06b58262712482fdae8942d546a13bca063c4ee345437f93bb15a48199beb270
2023-03-18 14:30:23,True,0.09098,4.998e-05,991.556,0.0495,0xee...fcec,https://etherscan.io/tx/0xa94ab62d9906c719a23c1df305a543137d4af60930ba22e7dc38402989ba1985
2023-03-18 14:29:35,True,0.09085,4.995e-05,4365.48,0.218,0x29...0062,https://etherscan.io/tx/0x3c7e916fb53ad26b2bbf9a1fb2adb2d15aaef713b527a6b22fd0a25678a25afc
2023-03-18 14:28:47,False,0.09027,4.963e-05,436.755,0.0216,0x08...327c,https://etherscan.io/tx/0x0fb0320a4adcd526eb4050577c25c03c3b3fcc882c666cf45834fe602703b94c
2023-03-18 14:23:59,False,0.09058,4.966e-05,4956.25,0.2461,0x0d...129e,https://etherscan.io/tx/0xb8b47b5e52ad4ab3704456e78b501d92e2f68e10138a875e68abfba595ba1024
2023-03-18 14:22:47,True,0.09127,4.996e-05,5003.78,0.25,0x52...ee97,https://etherscan.io/tx/0x7af7bb8ad478d50249a708f8e70b0ac32cd2400641578a5257be179171bd743a
2023-03-18 14:20:11,False,0.09068,4.963e-05,606.593,0.0301,0xe9...a86b,https://etherscan.io/tx/0x22822d3be2770c96cf1bb50fb307e81bfddba0483ab43c9c438bc09777d2b0b7
2023-03-18 14:18:35,False,0.0907,4.965e-05,3181.32,0.1579,0xd6...95dd,https://etherscan.io/tx/0x3ce313002e779642addacd5f1d9cc903429687583e58b1fbcae0b91d2e97099a
2023-03-18 14:17:47,True,0.09131,4.997e-05,495.885,0.0247,0xd9...6a73,https://etherscan.io/tx/0xe643f4a9a7a7e4663571ebcb0c44fbdbc871126252ef8aeb6d93a5ea0793f566
2023-03-18 14:14:23,False,0.09098,4.971e-05,7749.92,0.3852,0x1a...7caf,https://etherscan.io/tx/0x4a3e02444a7d03713f5d1060dcedebe07429d37169137351f308047969f30857
2023-03-18 14:12:47,True,0.09128,5.005e-05,198.024,0.0099,0x89...dcaa,https://etherscan.io/tx/0xd9e19ceb270fe2410807be6f7c9de1366df6f929a4785154448bf98dc1c2aef5
2023-03-18 14:11:11,True,0.09114,4.999e-05,11377.5,0.5687,0x15...8f50,https://etherscan.io/tx/0x90bd194b682f1391a963781ba5f6dd15d87df788c2655c2d2f4b579656047aea
2023-03-18 14:08:47,False,0.09041,4.965e-05,4572.56,0.227,0x2e...f345,https://etherscan.io/tx/0xfecf0f8f91c37063ef91a333a6e7b69d1999783338cf16d7bf254d419d340f3f
2023-03-18 14:04:47,True,0.09116,4.997e-05,476.026,0.0237,0xab...39b5,https://etherscan.io/tx/0x7a1b4273041f352d0a8291d578bba1e6401bf851b91025f2d2468f8fec242c04
2023-03-18 14:03:11,True,0.09111,4.994e-05,5506.32,0.275,0xfc...44ea,https://etherscan.io/tx/0xf8c2366d5d6c359eb2207523e8befcef6cfa8b9bd78e90452f8656fcf43bbb34
2023-03-18 14:00:59,False,0.09063,4.961e-05,168.675,0.0083,0x08...327c,https://etherscan.io/tx/0xf3b679d48dcf0c02a9f554158bad40c84bc982cd3634d9c79a5324a5b14afea0
2023-03-18 14:00:35,False,0.09066,4.962e-05,2543.0,0.1262,0xd5...10e6,https://etherscan.io/tx/0x9459e5a8eb73035ef625ff5285239c606b6cd8540cb232b38681516875623bb5
2023-03-18 13:59:59,False,0.0907,4.966e-05,4460.63,0.2215,0x2e...0aa2,https://etherscan.io/tx/0x065663e31f24f5ad0047eb3471c332c05be4998dbe1558c1251b78acd9a4a4e3
2023-03-18 13:58:59,False,0.09087,4.975e-05,10956.1,0.5451,0x55...ce90,https://etherscan.io/tx/0xfeeae774618e460dfc9f3d5aea42bc0e7f08c5228ff6b6e97974eaebb0dcf315
2023-03-18 13:56:35,False,0.09124,4.985e-05,6500.0,0.324,0x71...4797,https://etherscan.io/tx/0x6cf7221a9c43a409c01540fcf3f6fcbcb9f85ac0fde624c5e5c412e10e4c833e
2023-03-18 13:56:11,True,0.09184,5.018e-05,1580.32,0.0793,0x8b...a756,https://etherscan.io/tx/0x1ecc4c755af3e0c6007aefd89bd3e71a121c1c08dfc2e0ad76a3efc0361df647
2023-03-18 13:54:47,True,0.09174,5.015e-05,2163.94,0.1085,0x08...1040,https://etherscan.io/tx/0xa0d58691548aec17ddbe086b3553ae1d1289a7c31b314acbde7baf198b439508
2023-03-18 13:53:59,True,0.0917,5.014e-05,395.36,0.0198,0x0b...03cf,https://etherscan.io/tx/0x67dea257bffc2e467418edfafaffd5a3f0edeac330f4b8eec42459a89553fba1
2023-03-18 13:50:23,True,0.09158,5.012e-05,3757.69,0.1883,0x25...b6a3,https://etherscan.io/tx/0xd6c3af4e996031e71b34ede7e3e0b3d6699a58725c719a89678ee433e908861c
2023-03-18 13:47:59,False,0.09098,4.98e-05,500.0,0.0249,0x2d...9ba3,https://etherscan.io/tx/0x0a0306cef362dd7b295150cfa2c7d6ee4ce610a138f9c48292eea1a074db8f02
2023-03-18 13:45:59,True,0.09102,5.01e-05,738.947,0.037,0x7b...f2ee,https://etherscan.io/tx/0x068e54cb203f1c794132d93b62b8570b798c6e0c0ef2a8d86d0eb646aeb11dd8
2023-03-18 13:44:23,False,0.09053,4.98e-05,1547.0,0.077,0xbc...88b4,https://etherscan.io/tx/0x633befbc23887564757f773c4c57c27d509525720be5cfe37b39f533b3aff4a4
2023-03-18 13:41:11,True,0.09084,5.009e-05,2799.85,0.1402,0x30...1493,https://etherscan.io/tx/0x167640a81cddba54b98590256b95feb13f5970f10408cbed073419c0148120c0
2023-03-18 13:39:11,False,0.09022,4.979e-05,2200.0,0.1095,0xd6...0c39,https://etherscan.io/tx/0x43d1d97575403232cfca3ab65d45ebbda25b2722a9a987ab8efb7e94a56df92e
2023-03-18 13:38:35,False,0.0904,4.987e-05,11546.0,0.5758,0x71...6d2c,https://etherscan.io/tx/0x89e590fb1b54c46f53cff2897c795f3c1539527855fe89dae392c9d908fc6917
2023-03-18 13:33:35,False,0.09051,4.993e-05,495.625,0.0247,0x3c...6068,https://etherscan.io/tx/0xa524b62088a1830e7a1bb10756c9c0389bfb391834e9e4fb1f250486b026cec8
2023-03-18 13:30:35,True,0.0909,5.023e-05,1626.58,0.0817,0xf9...e380,https://etherscan.io/tx/0x40c88b23df5bdc6007d9e1206e4ec21e135d461763fb0b9374953c0a089eef4d
2023-03-18 13:25:11,False,0.09025,4.993e-05,2761.0,0.1378,0xc9...f6cf,https://etherscan.io/tx/0x43573dab4a26e706f1e6946f9572297188e74a08cc17d0e184e0a7aef587acf8
2023-03-18 13:20:59,True,0.09069,5.025e-05,663.763,0.0333,0xaa...be7e,https://etherscan.io/tx/0x0f74393afa385fbc6f8ed77f74f1c1a4059ca896fb5118a9789ebd3e09916c6f
2023-03-18 13:19:35,True,0.0907,5.024e-05,1085.12,0.0545,0xc9...c002,https://etherscan.io/tx/0xb4cbf81225045bbd66aa7292e8fea59b56efcc6800cfe596d4a46fc9df7be5b6
2023-03-18 13:15:47,True,0.09068,5.018e-05,8753.33,0.4393,0x68...17c6,https://etherscan.io/tx/0x9a7ccb413ac31086e4842af4361fd2570d4c10a801a294321747898c71af3fd1
2023-03-18 13:13:11,False,0.09018,4.984e-05,550.0,0.0274,0x10...142d,https://etherscan.io/tx/0x0f71438dad0c9b4f4e3648a23d33a3ae2263bd24b593891de97fbda54e701214
2023-03-18 13:11:35,True,0.09072,5.013e-05,1186.26,0.0594,0x25...b6a3,https://etherscan.io/tx/0x6ad95144ec342b765444618bd961c631fcba5b858c5374acc398a8c68f69e481
2023-03-18 13:10:11,False,0.09018,4.983e-05,1090.38,0.0543,0x78...cb50,https://etherscan.io/tx/0x222ead3b63f00ce2b54671ea3b29b91514f14cf2adec09c2958d687b9f3c6480
2023-03-18 13:09:59,True,0.09074,5.014e-05,336.083,0.0168,0x1d...0f46,https://etherscan.io/tx/0x3d0b2d776616f3e4b456d563374ea43a98b8fd332a20c5b5457f810d69342c35
2023-03-18 13:09:11,False,0.09024,4.984e-05,1090.38,0.0543,0x78...cb50,https://etherscan.io/tx/0x0d753bc72866d1427c23ffb79c3b863580ddac1b3dcce62b013851f1f11fb516
2023-03-18 13:07:35,False,0.09035,4.985e-05,1000.0,0.0498,0xa7...c7d1,https://etherscan.io/tx/0xa6f624f65f91027d5324f541a68c99317c734bd49e287da8e8455d3e48065b3d
2023-03-18 13:06:59,True,0.09091,5.015e-05,1383.49,0.0693,0xaf...b0d5,https://etherscan.io/tx/0x0270d3bc79f2918e85180067bf79784278edddf1be220036fd61bbf335343ae3
2023-03-18 13:06:23,True,0.0909,5.014e-05,276.749,0.0138,0xc6...7b65,https://etherscan.io/tx/0x8a8b147a0b8f501a465840264bd670efdc38afd1009149261a941a08a7d4d322
2023-03-18 13:04:23,True,0.09088,5.014e-05,77.0976,0.0038,0xb9...60d0,https://etherscan.io/tx/0xab9cca643e233955b8168806568960233b79a869d8e5d53a040457e0ff69b153
2023-03-18 13:00:47,True,0.09086,5.013e-05,1779.55,0.0892,0x10...3562,https://etherscan.io/tx/0x9008ed4af1adc99ea23250c2b7e30bc4a4c623a73111710b34d979496c16f2ca
2023-03-18 13:00:23,False,0.09031,4.983e-05,1850.0,0.0921,0x2d...9ba3,https://etherscan.io/tx/0x3ba2454d4a72f41691d88cf5010f48a2596472e8c0da9b5713ea30ca0226713b
2023-03-18 13:00:11,False,0.09033,4.985e-05,2750.0,0.1371,0xc1...3cd3,https://etherscan.io/tx/0x4507e88942230ccecd5d2fd2dee2b8959e59f8834fac9e9c950de09cd778bed0
2023-03-18 12:57:35,True,0.0909,5.016e-05,1086.73,0.0545,0xce...c273,https://etherscan.io/tx/0xfe157da5afe5d839f0a5688b3a9af211902328bf2492cf1ab54dfa660129c258
2023-03-18 12:56:59,True,0.09087,5.015e-05,1221.38,0.0612,0xc4...1738,https://etherscan.io/tx/0xf9f76f0eb2fee1210a27156a964556248c077f732c4349d2046a7c7c0540b12a
