datetime,buy_order,price_USD,price_native,amount_token,total_native,maker,etherscan_url
2023-04-02 19:01:28,True,2.719e-10,8.678e-13,5159193202.0,0.0447,0x67...a6cb,https://bscscan.com/tx/0xa3e613712ab89e543335f2844dfe75c5603a5e6b8eba7156e50199b674a11fbc
2023-04-02 18:59:22,True,2.705e-10,8.678e-13,1843567114.0,0.016,0x17...7222,https://bscscan.com/tx/0xce97c9ca1f6e8ba2b105781b304895eea83909ce5730350e74ae31ddebb9e604
2023-04-02 18:59:22,True,2.705e-10,8.678e-13,24196979768.0,0.21,0x81...7283,https://bscscan.com/tx/0x810ec45ba0be299d0c5256850f9b22c715c8ab7128af9bf56c03b24d48fd328e
2023-04-02 18:58:43,True,2.719e-10,8.678e-13,4595372870.0,0.0398,0x75...9a22,https://bscscan.com/tx/0x849ab5de09b39ef08fe22b7e36e9364fd0ff0cf23085d5ff1bce824bdd68bf57
2023-04-02 18:58:43,True,2.719e-10,8.678e-13,8253790001.0,0.0716,0xbc...6943,https://bscscan.com/tx/0x63b411cde7253fcd0a893dafad7fee4a7d9d3edf03caa4cbf13a524ecd15d762
2023-04-02 18:57:23,True,2.718e-10,8.678e-13,1066362294.0,0.0092,0xed...8856,https://bscscan.com/tx/0xed5ca947d2b4b9687a29d39f5260e0a3ab9db7a422cfebe75c5edf559dd8bf87
2023-04-02 18:56:56,True,2.705e-10,8.678e-13,15313495293.0,0.1329,0x17...10a5,https://bscscan.com/tx/0x6864fcfd71f2fed8f393f644d27e18c4d323b42857299080fba708f0c345347b
2023-04-02 18:55:19,True,2.718e-10,8.678e-13,12000000000.0,0.1041,0xc3...ee39,https://bscscan.com/tx/0xfecf7dab0f1b3f8d386878421585d01489608c8d0d7a2bf2158886411d463c5a
2023-04-02 18:55:19,False,2.704e-10,8.635e-13,40577885858.0,0.3504,0xf2...770b,https://bscscan.com/tx/0x52fc918e23be0ecd6725fbaf7ffb79a22f299aa1c37b0d73fe0bedf99126a9e7
2023-04-02 18:55:07,False,2.691e-10,8.635e-13,2873280965.0,0.0248,0x5e...1289,https://bscscan.com/tx/0xb844c647f9c503914b7bd6959996d4d8b75d5a2f28beb7c756ac1a8abd492e78
2023-04-02 18:52:28,True,2.718e-10,8.678e-13,300000000.0,0.0026,0xc7...d404,https://bscscan.com/tx/0x8458b0480d0a6e0ab0eff79012fa09d51e2ac8867b26eb4bf5e2d0e03b5593b7
2023-04-02 18:52:25,True,2.717e-10,8.678e-13,33243791316.0,0.2885,0x74...ad98,https://bscscan.com/tx/0x75636dcbe413a46f2783a38c46d6decbeca69ce5b752aee364bb81b680b0cbe0
2023-04-02 18:52:19,False,2.704e-10,8.635e-13,63380401840.0,0.5473,0x8a...8fa2,https://bscscan.com/tx/0x1908e6d3009e83e7ae7fdc471a8f957df1a6f9fd29a56697e377613afcc728f5
2023-04-02 18:51:43,False,2.704e-10,8.635e-13,37674126753.0,0.3253,0x4d...7939,https://bscscan.com/tx/0xde1cc11c4408be499affff6c45c8d774b5112d62d416e2241cee61df6180fede
2023-04-02 18:51:01,True,2.717e-10,8.679e-13,325881875.0,0.0028,0x10...2c33,https://bscscan.com/tx/0xcc12790c33298025d014913fcb1213779f3fa4040670d12263102ab1560a73a5
2023-04-02 18:50:43,True,2.704e-10,8.678e-13,91739865642.0,0.7961,0x21...371e,https://bscscan.com/tx/0x15ff8960d0b502a2928adf4051ef2c85c3c63168d6015a14505359e2a6367cc4
2023-04-02 18:49:31,True,2.717e-10,8.678e-13,3572001947.0,0.031,0x90...dcbb,https://bscscan.com/tx/0xabbea68f678a364632f3d9a5f61a8c530a2effbe3682accbcc2dad367d616f9e
2023-04-02 18:49:22,False,2.704e-10,8.635e-13,9247891061.0,0.0798,0xee...4e89,https://bscscan.com/tx/0xba3d0fb79105f23ec41d366afeac2aae92dca2c9c67872d03cdfbaf84a4ec141
2023-04-02 18:48:55,True,2.717e-10,8.678e-13,8757152364.0,0.076,0xcf...d086,https://bscscan.com/tx/0x97aeceb0e1f7ee473cf92b92631034a3ed79d429cb55c2d2f6e9d3d268b46c66
2023-04-02 18:48:22,False,2.69e-10,8.635e-13,9000000000.0,0.0777,0xb5...11b1,https://bscscan.com/tx/0x3718fa2de91754578bbeffa748f7d1e12d9a29e9bc6b763d7c7db87678712a24
2023-04-02 18:47:43,True,2.717e-10,8.678e-13,102078723567.0,0.8858,0xc4...8a88,https://bscscan.com/tx/0x737c49c70c0e94ea16666b081ad9fdef88e1581a2d32281a5b90eb96dbc8c77c
2023-04-02 18:47:01,False,2.69e-10,8.634e-13,33651899138.0,0.2905,0xa7...5525,https://bscscan.com/tx/0xd25620381b33d31319890bc6ef2fa538770b9bdda85f142af7946cabe51e1ab9
2023-04-02 18:44:55,False,2.69e-10,8.635e-13,9752005198.0,0.0842,0xa9...0063,https://bscscan.com/tx/0x2b57f35000738ad028fbbff57f05dc7b6f0a68d623341c72f8165afc6d95043b
2023-04-02 18:44:10,False,2.704e-10,8.635e-13,8051754093.0,0.0695,0x8c...fa27,https://bscscan.com/tx/0x26cc8d9b469f6327460a23319ca91ac5965d5c4d04746a31db5500b3188b48d0
2023-04-02 18:41:39,False,2.691e-10,8.635e-13,14689450079.0,0.1268,0x28...7d4f,https://bscscan.com/tx/0xfa7a73015ecb657d258db8c4b056306659da4489b4b89f1ae8325bfcd224d43c
2023-04-02 18:41:18,True,2.718e-10,8.678e-13,11522788620.0,0.1,0xe7...bc1f,https://bscscan.com/tx/0x0f5d6585ec3a141e5cbd49c99da6e2496e85f546a679eab04d90e0693e7dc7b3
2023-04-02 18:40:42,True,2.704e-10,8.678e-13,3000000000.0,0.026,0x10...2c33,https://bscscan.com/tx/0x73b98a779b88e67d9b27ac51ff5800a2a9609e8d6fb4b036df8b7e35df0e35b1
2023-04-02 18:39:33,True,2.718e-10,8.678e-13,1000000000.0,0.0086,0x45...4f5e,https://bscscan.com/tx/0x08a1c16646c9e1756ed61b5279dc8337501184b25db9f210f5dc58175f394ed3
2023-04-02 18:39:30,True,2.718e-10,8.678e-13,2419790000.0,0.021,0xc7...5ad7,https://bscscan.com/tx/0xf31297151eccc2732a4834b653e19af41c20ad966b73222113234cd357612041
2023-04-02 18:38:24,True,2.718e-10,8.678e-13,1902379559.0,0.0165,0x69...b13a,https://bscscan.com/tx/0x463d11dcda823923c3bf599a72107dec2aef178d2db9eb7f6a102233110af78e
2023-04-02 18:37:45,True,2.704e-10,8.678e-13,34311211315.0,0.2977,0x8a...6661,https://bscscan.com/tx/0x86ee077476b311f3c5c84e506eed0d75d62f2222a010a38eb759ffcd733088c4
2023-04-02 18:37:00,False,2.691e-10,8.635e-13,224085392091.0,1.93507,0x4f...b4b6,https://bscscan.com/tx/0x6a01676f4eaaa131fd260617bc21495b48bd51fe5ebc37b2fec9d941a7014dbd
2023-04-02 18:34:57,False,2.705e-10,8.635e-13,2559572223.0,0.0221,0x41...bb3d,https://bscscan.com/tx/0x347ed7f796c70daa5a7950d452490fbeaa3036bfcdb59a60a7550867ccf962a2
2023-04-02 18:34:03,True,2.706e-10,8.679e-13,2650118050.0,0.023,0x69...b13a,https://bscscan.com/tx/0xc7a14af1d2e8634d7632cf7c6453a387c33876e8b997019e21f74fc102698e2c
2023-04-02 18:32:00,False,2.692e-10,8.635e-13,21499921118.0,0.1856,0x56...4120,https://bscscan.com/tx/0x7676ac2c539e4d47c58903f776c47a7bc1fefbeb0765c0631b27b8e618bd7635
2023-04-02 18:31:39,True,2.72e-10,8.679e-13,2500000000.0,0.0217,0x79...306c,https://bscscan.com/tx/0xcb574b789e05a17ce302e8f9df38bcfa269b04f33e7efb0b78c2a7fa37922807
2023-04-02 18:30:21,True,2.706e-10,8.679e-13,6900000000.0,0.0598,0x22...d9bb,https://bscscan.com/tx/0x287dfd22ddbd45473e9bbdf26361132cc19c0ceaee511a7538bd02e3ec6701f2
2023-04-02 18:28:51,True,2.722e-10,8.679e-13,379836595.0,0.0033,0x5a...2032,https://bscscan.com/tx/0x84425d7d644a4d2903af8b9ef77f21147eed37ffc7bc95a728d1541770655fdb
2023-04-02 18:28:06,False,2.707e-10,8.636e-13,32650927731.0,0.2819,0xa8...9a89,https://bscscan.com/tx/0x652c2d46f4c9021c343783f9017fc8c58ca6823e1c1b5562a22636363fd81193
2023-04-02 18:27:27,False,2.694e-10,8.636e-13,3217026697.0,0.0277,0x15...03c3,https://bscscan.com/tx/0x9c79077d710d4ec0e7c2c7eace26c07b3e45a25f40ad8cd81fc4bcc2414a36be
2023-04-02 18:26:54,True,2.707e-10,8.679e-13,1152148018.0,0.01,0x23...01e3,https://bscscan.com/tx/0x1cba7ac7d2e43790625946f01d07f5ffc7236d1d53d40a680c839f8ceeecd41c
2023-04-02 18:24:24,True,2.721e-10,8.679e-13,95630656535.0,0.83,0xb4...3b13,https://bscscan.com/tx/0x1211e326d82d9faad3cb35e50a11ddbe05135201a7ce9bd29567654eabbafec5
2023-04-02 18:21:12,True,2.722e-10,8.678e-13,11446144255.0,0.0993,0x58...38b3,https://bscscan.com/tx/0x02f090718fd6fe24add5c1edd2ff7b0c81fb546e9265f2a0142cf4d3835e583c
2023-04-02 18:21:12,True,2.722e-10,8.678e-13,8641605320.0,0.075,0x91...4d1c,https://bscscan.com/tx/0x5b992e747eeb64c5a53a3a687206452e0131174908df98143a7d00f14c15a03e
2023-04-02 18:20:21,True,2.708e-10,8.678e-13,1144821426.0,0.0099,0x4f...b148,https://bscscan.com/tx/0x2592839851d18ba182a7d0361c11722b8ea4ea2a45f08d57a40bf017fcd4aa1f
2023-04-02 18:20:18,False,2.695e-10,8.635e-13,9279593238.0,0.0801,0xac...f393,https://bscscan.com/tx/0xae7b799ce3779ffc00d89819a30b039f28d1d5c034f408c38ad8230203923e24
2023-04-02 18:17:31,True,2.722e-10,8.678e-13,115224581696.0,1.0,0x40...da76,https://bscscan.com/tx/0x5ba3e8c90c703ac5b92fa7b6995e5d257be06a13b08768fecd686aeeb55ad845
2023-04-02 18:14:46,False,2.708e-10,8.635e-13,13500000000.0,0.1165,0xa5...1739,https://bscscan.com/tx/0x796557a1853bcf8bd05d77355e6101e522f0647f875e69cae934a0cdf2e72c70
2023-04-02 18:13:52,True,2.707e-10,8.678e-13,6500000000.0,0.0564,0xaa...d65a,https://bscscan.com/tx/0x91c720b90c9f41f3c491b8d4d77ee0c7a322119b0dd85a3b5980da998b04e0c5
2023-04-02 18:12:55,False,2.694e-10,8.635e-13,4000438079.0,0.0345,0xc4...34b0,https://bscscan.com/tx/0xf80f71080f8a4831b96b11837a52f0602532b2c45e7e57031ae3f833b41ef4d0
2023-04-02 18:11:28,True,2.721e-10,8.678e-13,3389514353.0,0.0294,0x41...d39e,https://bscscan.com/tx/0x15c7499f85d2f9afa06f5e0c1b8d41c4abc29bbf1961d0529df4d0033808c0d2
2023-04-02 18:11:10,True,2.721e-10,8.678e-13,1000000000.0,0.0086,0x03...b46f,https://bscscan.com/tx/0x328bdedf43c76cbe367b7d721d1dd61fe6069ef9f528d7e87b15b2cd2fc82f50
2023-04-02 18:10:26,False,2.694e-10,8.635e-13,21107881234.0,0.1822,0x57...4b4f,https://bscscan.com/tx/0x2516842dbce70f2c7b5f6cebf9ce1fde29d539c73c8374a56f5eb8c841128a20
2023-04-02 18:07:36,False,2.707e-10,8.635e-13,22334087977.0,0.1928,0xba...7ddc,https://bscscan.com/tx/0xd27d97387fd0e90fc821e03568a35f86a22c4277199fbe0f9fe1f96cdd53636f
2023-04-02 18:07:00,True,2.706e-10,8.678e-13,107162221823.0,0.93,0x17...8a23,https://bscscan.com/tx/0x7a5233cfb41e338021e2c6137488f49876d1cf2f4ef35773fa727e9b4fb004ab
2023-04-02 18:03:57,True,2.72e-10,8.678e-13,9794689412.0,0.085,0x85...56e7,https://bscscan.com/tx/0x80c6d470047febf8cfbced591285381990d10b612f71a7b938f3941ef58cdf23
2023-04-02 18:02:45,False,2.706e-10,8.634e-13,12674593262.0,0.1094,0x26...15e7,https://bscscan.com/tx/0x8a830d14efbc2e35164e2d537b58ec2f536973ea87bf8dd4088dd5365b30349d
2023-04-02 18:01:42,True,2.72e-10,8.678e-13,3300000000.0,0.0286,0x70...3ba2,https://bscscan.com/tx/0x5049f664a52b88d7bdd024321bb5f08a23937a7e404b76069078e24a971e109d
2023-04-02 18:00:33,True,2.72e-10,8.678e-13,979466956.0,0.0085,0xa9...d87f,https://bscscan.com/tx/0x87ed865baca613e3e5f829ec94cc9d39106e7e5dda39933acc2d375ae2e56d00
2023-04-02 18:00:00,True,2.72e-10,8.678e-13,2108070000.0,0.0182,0x8a...ae8d,https://bscscan.com/tx/0x777e8f49f5bce050c3f91dc6491ee10c53643319d94bb17ac3dcfceb91c4b99c
2023-04-02 17:58:25,True,2.719e-10,8.678e-13,27018441876.0,0.2344,0x15...4042,https://bscscan.com/tx/0x73dd5ac8f3f78372a5481d82c1ebbd4b852ae2185688cfd864b9b69443840801
2023-04-02 17:57:46,True,2.705e-10,8.678e-13,869470000.0,0.0075,0x16...3053,https://bscscan.com/tx/0x194fe45a38bca4a2cfa18b4020e7aed65720d67e31bfc6f628b4a93c507dc492
2023-04-02 17:57:19,False,2.705e-10,8.634e-13,9000000000.0,0.0777,0x8d...0d92,https://bscscan.com/tx/0x62f1a88a9db3488ca3e76b49e6d53076b94d2b9fc6554826baca787d8dc8b5b1
2023-04-02 17:56:55,False,2.692e-10,8.634e-13,3873014933.0,0.0334,0x73...db1d,https://bscscan.com/tx/0x6273de030f100372820df11a67b9072141ddcfde51a67dd4783ab197fe86e7c6
2023-04-02 17:56:22,True,2.719e-10,8.678e-13,2304650300.0,0.02,0x87...ea58,https://bscscan.com/tx/0x20ff8d6b62024d971289687e62cc5cbb19df320392918288de244b36480149af
2023-04-02 17:55:50,False,2.692e-10,8.634e-13,45779709993.0,0.3953,0xd0...f6fc,https://bscscan.com/tx/0x7a0c5e90de0379cedc720a9f1ab1851f02555edcd41bdb81ef9862cb282e8224
2023-04-02 17:54:06,False,2.692e-10,8.635e-13,30655991611.0,0.2647,0xbd...e2be,https://bscscan.com/tx/0xbbebe5f7febbc4d79018385248841b98b0a698686525ca05a9226ac804c4a227
2023-04-02 17:51:11,False,2.693e-10,8.635e-13,128981411124.0,1.1138,0x12...d79b,https://bscscan.com/tx/0xb4f9e9ce3e063c57c7d6ba26bd76df8a087beb9e2dc432c0f729bf33c1fc77c7
2023-04-02 17:48:14,False,2.706e-10,8.635e-13,8646991643.0,0.0746,0xe3...dcba,https://bscscan.com/tx/0xee8f47b3de9fe274d53984db20d65105a6b7e3e2501232826ae3abcd34c03037
2023-04-02 17:48:02,False,2.706e-10,8.635e-13,8652921116.0,0.0747,0x06...0d6e,https://bscscan.com/tx/0x71039453c5510d00e9f57780eccebe124ce3c34f0db9bd67b60dcbddad0a2add
2023-04-02 17:45:29,False,2.707e-10,8.635e-13,11026595070.0,0.0952,0x5a...cea3,https://bscscan.com/tx/0x416cc3e525dc7036c9b5ab77dc4e9712ee9e6e7d24d00b86c35d30df1bb01bb2
2023-04-02 17:45:26,False,2.707e-10,8.635e-13,2012012520.0,0.0173,0x2f...e7a0,https://bscscan.com/tx/0x76b7396b215bd9b7edb1465d6edb0798088d6255634a5e5bc6240c4f828882e2
2023-04-02 17:44:44,True,2.707e-10,8.679e-13,19167850988.0,0.1663,0xb5...700b,https://bscscan.com/tx/0x0c2410a74ba71c10ea8122f693c701da26a248752a482c559682bb0101e94f4e
2023-04-02 17:42:23,True,2.721e-10,8.679e-13,503985177.0,0.0043,0x6b...4cdd,https://bscscan.com/tx/0xd4dc7ea9e48dbd98bd268f7e58f80c9f90db69fd023960c8cfa00337d74c190d
2023-04-02 17:42:20,True,2.721e-10,8.678e-13,50476106245.0,0.438,0xb0...1747,https://bscscan.com/tx/0xc58c2366f5724d88da3771d75223f2e8590cd94525c93cd809217a99631dd31d
2023-04-02 17:41:04,True,2.721e-10,8.678e-13,9217849974.0,0.08,0xb3...4641,https://bscscan.com/tx/0x91086c718b3941b2cc92955d6c11bd7e0de10603ab44df67b4725453fd84c306
2023-04-02 17:40:52,True,2.721e-10,8.678e-13,5806146532.0,0.0503,0x6b...4cdd,https://bscscan.com/tx/0x13ac81af6b1dc9964e3e1e81788fa92afcaf1473fe7e9d41ac478fd5d5b67e33
2023-04-02 17:38:10,False,2.694e-10,8.635e-13,2731821270.0,0.0235,0x0f...7630,https://bscscan.com/tx/0xef70fc52016b0e51cc9587102f618c6b7db1d329c1b2859551a584da3bd76d8d
2023-04-02 17:36:10,False,2.694e-10,8.635e-13,4867459199.0,0.042,0xeb...8f55,https://bscscan.com/tx/0x794bcd98228657944b5d5d2a46578cf545bf53397713b08daa57ebeb7a5afb03
2023-04-02 17:36:04,False,2.707e-10,8.635e-13,15547013135.0,0.1342,0x64...ce7a,https://bscscan.com/tx/0x3f0c06a00748e0ea93364d1e3e85f6c3f6854ea9dd980c1c209067048c7d5548
2023-04-02 17:35:58,False,2.707e-10,8.635e-13,90873660651.0,0.7847,0x1b...3e70,https://bscscan.com/tx/0xa0dee665326834b59fdbecff1aea70cf4cde7d9bebee042cd8b49dcc8fe5488b
2023-04-02 17:35:49,True,2.721e-10,8.679e-13,1952463366.0,0.0169,0x70...9b8c,https://bscscan.com/tx/0x1542addefe595ea3658d59efeee5b04ea31c0db7cca45cf204afc3a3ca321074
2023-04-02 17:35:40,False,2.708e-10,8.636e-13,74026784618.0,0.6393,0x05...7066,https://bscscan.com/tx/0x2f2c4b6a5d9a507ea1d8a3a870df720fd68e9a29f38b168dcaaffa04ec14d820
2023-04-02 17:33:31,False,2.707e-10,8.636e-13,139666546465.0,1.20624,0x03...3ffe,https://bscscan.com/tx/0x16028132fc2d4650fcba6c71957241b9e8cefc986da0aef507eac0f89495cd1a
2023-04-02 17:33:19,True,2.721e-10,8.68e-13,2240000000.0,0.0194,0x30...89c6,https://bscscan.com/tx/0x4c9060277b1a1fba638639e333d9911af5502da90862f756fea415043fba16d7
2023-04-02 17:32:37,False,2.708e-10,8.637e-13,96279004403.0,0.8315,0x88...120e,https://bscscan.com/tx/0x6fedce4e70fa7c207f3f7371d5a7669d53add06707122aa518977fdb9d1e06b8
2023-04-02 17:32:28,False,2.708e-10,8.637e-13,9134153395.0,0.0788,0xfe...b64b,https://bscscan.com/tx/0x439137afb88c92ebdd8dd7a65d88600ac974c9d8af7a737daa2182fc233997a7
2023-04-02 17:31:55,True,2.708e-10,8.68e-13,2303971601.0,0.02,0xbc...594b,https://bscscan.com/tx/0x7993017eee5df9b1020090118d56cf2516d86ae56fdc3e5351bea14983b7c897
2023-04-02 17:31:46,False,2.708e-10,8.637e-13,9914760000.0,0.0856,0xd4...1f5e,https://bscscan.com/tx/0xbf2c50b10f0f56b140ce27443a71f0496d4575fe468195f75d66c79e2f6abf5d
2023-04-02 17:30:05,True,2.722e-10,8.68e-13,4607928033.0,0.04,0xbc...594b,https://bscscan.com/tx/0x4d49d4ac4608d82e79c5dec7dd3c8b3d6fa74795bd91078452f0d1f956a64098
2023-04-02 17:30:02,False,2.708e-10,8.637e-13,5159254143.0,0.0445,0x72...1a24,https://bscscan.com/tx/0x65bf7bcc2f947a93e69e6e98632ff70735b8e4b35858f72b118db29314fc84ca
2023-04-02 17:28:17,True,2.722e-10,8.68e-13,345594130.0,0.003,0x31...4023,https://bscscan.com/tx/0x9a0b15497fe60da7f3ef4c7c0b5846b806bb80772772afcc77158d5ed139fe70
2023-04-02 17:27:47,False,2.695e-10,8.637e-13,160141333135.0,1.38325,0xc6...e382,https://bscscan.com/tx/0x010e088fd6acec7e0f3d3a428020034ee808dba8ec9fa45f551407420a2e2a1c
2023-04-02 17:27:29,True,2.708e-10,8.681e-13,64621112701.0,0.5609,0xa8...3fe5,https://bscscan.com/tx/0xc47af10c3f2667443b55b09e71ccfea87702b4fd41e5391869621d65afbcd959
2023-04-02 17:26:44,False,2.708e-10,8.638e-13,450000000000.0,3.88745,0x87...de75,https://bscscan.com/tx/0xc6452b5cb4d9ca9f4560fdfceaca5144d4eadc903c921fe72eed031a842e0be2
2023-04-02 17:25:23,False,2.709e-10,8.64e-13,172975578883.0,1.49453,0xeb...b5e8,https://bscscan.com/tx/0x01de6f5fb9311c00afda352fc4448e13e6beb6825818487d7b8311325b5ec250
2023-04-02 17:22:30,True,2.709e-10,8.683e-13,13986617154.0,0.1214,0xc5...dc60,https://bscscan.com/tx/0x5570d6392e3241c913cacad8099c0ead1d560afc2ff4b7b46d7af02f6faddb49
2023-04-02 17:21:30,True,2.723e-10,8.683e-13,1254510000.0,0.0108,0x51...4050,https://bscscan.com/tx/0x5122bfaf80995792b4b5c194b90d9aa04a50b9196d524fa6bb3439078e79f3e9
2023-04-02 17:20:30,True,2.709e-10,8.683e-13,2500000000.0,0.0217,0x68...1efc,https://bscscan.com/tx/0x9ea0be75db4504fd4df927863c37ece1e395df1b02bbb269ba2a67406ed434eb
2023-04-02 17:19:45,True,2.722e-10,8.683e-13,15949300000.0,0.1385,0x63...d032,https://bscscan.com/tx/0xf17780f6d0f08253a4b3829ba778fb52fff245580225e4dd9bc1651a0890b0ba
2023-04-02 17:18:39,False,2.709e-10,8.64e-13,27144365913.0,0.2345,0xf5...4c77,https://bscscan.com/tx/0x6b0ee213076ef668813bcb50ad18be8fad7a95a7819303100cec6ac7ccf87d6c
2023-04-02 17:18:15,True,2.723e-10,8.683e-13,1935050228.0,0.0168,0x26...07ca,https://bscscan.com/tx/0x71afbdebf30aba724340e196deb622e545ddf46a1d049278b5daa08ce2f98ab6
2023-04-02 17:17:27,True,2.709e-10,8.683e-13,4606258080.0,0.04,0xe1...0096,https://bscscan.com/tx/0xb9b78edc52aa851905390493cec5ebebd1379142b8ead32b7816c5a0a4ec3f1d
2023-04-02 17:17:27,True,2.709e-10,8.683e-13,345469793.0,0.003,0x2b...62e4,https://bscscan.com/tx/0x2dc821d149c55d7d0f5e88fd7cd03959d9d7b71e9cd82ae3cd91c2595b575a42
2023-04-02 17:16:12,True,2.724e-10,8.683e-13,100000000.0,8.683e-05,0xe7...458d,https://bscscan.com/tx/0x87e8d4f536a2d82e584e49f7941d5ed55cf05de15baac4f53d320eeb1f492092
2023-04-02 17:14:46,True,2.71e-10,8.683e-13,208376911136.0,1.80941,0x87...a575,https://bscscan.com/tx/0xda3bdc7efd02dc7c6b242993bbeedd61cb8af06df7c59ac03573b6e8ef11ba0a
2023-04-02 17:14:07,True,2.723e-10,8.682e-13,4045250000.0,0.0351,0x10...3725,https://bscscan.com/tx/0x4e57acee0512324ee4172ff95c007d6bdb3b9b847e8b431eba627b398e1fafa0
2023-04-02 17:13:13,True,2.723e-10,8.682e-13,1144318557.0,0.0099,0xc3...5c3b,https://bscscan.com/tx/0x75140c3757c1fb84a51f9804870e8d70b8359004024a2a2654f9d417c6f101b0
2023-04-02 17:11:52,True,2.724e-10,8.682e-13,17244900000.0,0.1497,0x10...3725,https://bscscan.com/tx/0x7d29362198e599fc1484106e66dcba549108512649a5535d4c8da77072b04fd3
2023-04-02 17:11:19,True,2.71e-10,8.682e-13,20069066736.0,0.1742,0x15...4042,https://bscscan.com/tx/0x8ed43812cf8f03db41a5e2eeda51c6f8c3684f7b3943ad73d379c95f7ff222a4
2023-04-02 17:10:43,True,2.726e-10,8.682e-13,1765751163.0,0.0153,0x3e...2d58,https://bscscan.com/tx/0x2bcd67b55c50c0e7f78fd89bf6a9a769dfa679a2a65df529cd65fa4c230648e0
2023-04-02 17:07:22,True,2.713e-10,8.682e-13,6262874448.0,0.0543,0x15...4042,https://bscscan.com/tx/0x41be4909c17366cdce1ccb9beef2698d3be250856cc284162e20b4536c905bf7
2023-04-02 17:06:25,False,2.7e-10,8.639e-13,32045848509.0,0.2768,0x8d...fd7c,https://bscscan.com/tx/0x50cc28e9fdb27ae6f5a1500bbcd3fcd97b1db25136526c2f9e5d94696d142f5f
2023-04-02 17:06:25,True,2.713e-10,8.682e-13,9213620001.0,0.08,0xa5...d809,https://bscscan.com/tx/0x3a3a068f0450574a378604901ca2c6b0d120640c37012620b429f44770f40d8a
2023-04-02 17:05:37,False,2.713e-10,8.639e-13,1800000000.0,0.0155,0xac...41bd,https://bscscan.com/tx/0x35c15ba0779de159ae9357932ed73a342a7f8ceb5d7cd6235fbe91fec58aac0d
2023-04-02 17:05:28,True,2.713e-10,8.682e-13,2185657256.0,0.0189,0x99...2b3d,https://bscscan.com/tx/0xa209c87c3de7d96609199abab9f69013cbb32c1e345c9fba9d7a9cd8f3cd0fc3
2023-04-02 17:05:13,False,2.699e-10,8.639e-13,23065049568.0,0.1992,0x03...ad51,https://bscscan.com/tx/0xe45cc2a53ccbef5802b05606f990df8ea9879d46ddadd2743b40eacc3d0ab854
2023-04-02 17:04:19,True,2.713e-10,8.682e-13,14101000000.0,0.1224,0xa3...2c8a,https://bscscan.com/tx/0x0c0af5cffdb3a51e07c5e6a416e9295ec70a6feef37a786f83c997d8bd91cfb0
2023-04-02 17:03:34,False,2.717e-10,8.639e-13,12915613128.0,0.1115,0x37...ddaf,https://bscscan.com/tx/0x4a70f7b3e833e3ff72e409377671bf70a227eeb6b6fe8741af9019a8188a9bf2
2023-04-02 17:02:37,True,2.732e-10,8.682e-13,2203090000.0,0.0191,0xc4...2c04,https://bscscan.com/tx/0x2d7f967e83a11d9bc6ef7e6aa66606c04b291df8e421a3f81ce8b289a82a1eb0
2023-04-02 16:59:59,False,2.718e-10,8.639e-13,4000844805.0,0.0345,0x77...69e1,https://bscscan.com/tx/0xcf1a92d3ed6df5b54f93136c8e7474b89a0871347d8ff7abe286968730a55f6c
2023-04-02 16:58:02,True,2.723e-10,8.682e-13,472193646.0,0.0041,0xa1...320d,https://bscscan.com/tx/0xe543dae769f6f8233584a164a1cc8779be07327500248906a7f9644eda9aced4
2023-04-02 16:57:32,True,2.723e-10,8.682e-13,953930000.0,0.0082,0x30...7f6e,https://bscscan.com/tx/0x6f9a843fd2c90674fbd40fc7512529efddfe286735e2b94c49a2adacf4018843
2023-04-02 16:56:23,True,2.736e-10,8.682e-13,10000000000.0,0.0868,0x31...6f44,https://bscscan.com/tx/0x5dee95318c401457c2d443cc4ac5b4ff418e951e4735537510060e90eb9473b3
2023-04-02 16:55:35,True,2.723e-10,8.682e-13,147492269747.0,1.2806,0x7b...8897,https://bscscan.com/tx/0xa1d2d62e9ea80f5b8583b2eaca2c3a10272a2afdc6570bd5c5d6a1c80e87a2c7
2023-04-02 16:55:23,True,2.737e-10,8.682e-13,1465071534.0,0.0127,0x02...1625,https://bscscan.com/tx/0xf590aae6cb0e021c9db4343720c19887a85ef0112c152165e527d66dd6c3c362
2023-04-02 16:53:33,True,2.737e-10,8.682e-13,10000000.0,8.682e-06,0x5b...defe,https://bscscan.com/tx/0x7e280e3f56e1ca21597b0ea0b46817cc3f31e69064db7be8a3ad496bea9dbed0
2023-04-02 16:52:43,True,2.736e-10,8.682e-13,10000000.0,8.682e-06,0x5b...defe,https://bscscan.com/tx/0x7feb8dbb5ba4c6e4362baf8e29af338d6b95ed3044910955695b8c2f73095baa
2023-04-02 16:52:27,True,2.722e-10,8.682e-13,7515016564.0,0.0652,0xd2...e5fb,https://bscscan.com/tx/0xa74a19a698d4019896c11fd7ae239cb66fcf33e43eeb7eb23c3984fecf708ae9
2023-04-02 16:51:22,True,2.721e-10,8.681e-13,70533900000.0,0.6123,0x48...579e,https://bscscan.com/tx/0xfe6c4a503e9292bccf9582611b4ab1ca5f9da28f29e63a6ee375361d98c53695
2023-04-02 16:50:39,True,2.722e-10,8.681e-13,7486990000.0,0.065,0x2f...eebe,https://bscscan.com/tx/0xde65bde18e51cb47483e480a8d23b6ca67526ca4b6a87b8a616c797c6e3f7b2d
2023-04-02 16:49:01,True,2.722e-10,8.681e-13,18236836411.0,0.1583,0xb9...1b88,https://bscscan.com/tx/0x718ad7bf315a4738d2acd7938010ae2c1bed8e2dc24e236abe1dfce401658c3a
2023-04-02 16:48:28,False,2.708e-10,8.638e-13,8204683477.0,0.0708,0x67...23f7,https://bscscan.com/tx/0x50a4c6be05561e6a681e7dfce06282f08181f61b27768f1ed142e43cf07820c0
2023-04-02 16:48:16,True,2.722e-10,8.681e-13,69687721196.0,0.605,0x94...09b9,https://bscscan.com/tx/0x8b6ba125b4504c9c8810a07fd1cbf31c20dac2c1448c3453f3028a0c019b5308
2023-04-02 16:45:34,False,2.708e-10,8.638e-13,19584270088.0,0.1691,0xb7...18ae,https://bscscan.com/tx/0x98fe9591e55a0ecda8f2c4156607932c0fb82765ea8243b63f98ac81bced45f2
2023-04-02 16:43:46,False,2.722e-10,8.638e-13,13753406299.0,0.1188,0x69...9aed,https://bscscan.com/tx/0x82b3eed032edb9211e70b4b714497706864ac0e0c30fb7d394c9203326853e6b
2023-04-02 16:43:31,True,2.735e-10,8.681e-13,2500000000.0,0.0217,0x48...2da4,https://bscscan.com/tx/0x3ec55f6f659ef28e1840aefa342b4f3e186c3ff6bd3858a1b8907731d2437b95
2023-04-02 16:42:28,False,2.721e-10,8.638e-13,6828117259.0,0.0589,0xb3...7a23,https://bscscan.com/tx/0x92917f679b6aa6833e6f59f8b32d96e05d4d564ec07d6045b3a63753cb12200e
2023-04-02 16:42:07,False,2.721e-10,8.638e-13,15282000000.0,0.132,0xbd...6a3d,https://bscscan.com/tx/0x3661c42655862f2d7f400c5ed2603c1ae0e9f09185e04b65f11f7a1a07a15456
2023-04-02 16:41:37,True,2.721e-10,8.681e-13,7052692429.0,0.0612,0x52...fd7d,https://bscscan.com/tx/0x53adab71b16295a9893d3d7a973d721c72afe2a7545164380e8a5b2b3482d987
2023-04-02 16:41:16,True,2.734e-10,8.681e-13,15626077574.0,0.1356,0x33...2a0d,https://bscscan.com/tx/0x0fe5a1d5520e8b41cdcaa19367bd8cb8ecb68cfe7c7350861a44faf1298738fe
2023-04-02 16:41:07,True,2.734e-10,8.681e-13,146144846195.0,1.26872,0x00...f7dd,https://bscscan.com/tx/0x85a79efdb16142a942d4d7f20d5491a899f0dc3c41c0dea9807821caf10503d8
2023-04-02 16:40:31,False,2.721e-10,8.637e-13,6786134691.0,0.0586,0xb3...60b1,https://bscscan.com/tx/0x8b73c112d4c2d00276440951fbcd36fc019d06edce2eb22922c9713062ad443a
2023-04-02 16:39:52,True,2.721e-10,8.68e-13,3300000000.0,0.0286,0x48...4c79,https://bscscan.com/tx/0x315dfdd8436438d9b54fbcf954925eee893a65fbaef447b336ca93a375f3b96a
2023-04-02 16:39:49,False,2.707e-10,8.637e-13,2712895833.0,0.0234,0xd8...bb5b,https://bscscan.com/tx/0xb1d473cbae1e20331ab73ee63ed8fcecfd7adae1734d469ac82dcb4d0c13c105
2023-04-02 16:37:16,True,2.734e-10,8.68e-13,36656600006.0,0.3182,0x2e...38e4,https://bscscan.com/tx/0xd26e8ae0139f650903d4c95fc1d885497773e93ae2a3de286bc6c485859fa008
2023-04-02 16:36:49,True,2.72e-10,8.68e-13,16127647268.0,0.14,0x97...c686,https://bscscan.com/tx/0x3bafb85ad6e30c45cc6199d93a1e18713a3ac7dd0b59399ae82a6574321efb25
2023-04-02 16:36:43,True,2.734e-10,8.68e-13,2410046708.0,0.0209,0x1d...c20f,https://bscscan.com/tx/0x314ad529d4302b819a94b969622e96dbd91d8b04fff365efaa1d941bf73c5352
2023-04-02 16:35:40,True,2.733e-10,8.68e-13,3346765643.0,0.029,0xf0...5deb,https://bscscan.com/tx/0x9526458ffa06078c571694778654de8102662e96f01e186a69b9219ecf99cf57
2023-04-02 16:35:22,True,2.72e-10,8.68e-13,12250269071.0,0.1063,0x21...371e,https://bscscan.com/tx/0xe587e8d0d73aed4141cd42d299423aff6cd0f01466133f461eeb4324d1ca023d
2023-04-02 16:34:22,True,2.734e-10,8.68e-13,7372750000.0,0.064,0x12...9838,https://bscscan.com/tx/0x827ab5159773abac96b6eb041dc46c7d8c824e0db60673742dbdc5bf3f639e34
2023-04-02 16:32:49,True,2.72e-10,8.68e-13,36882633582.0,0.3201,0x87...a575,https://bscscan.com/tx/0xb0cd48c7383de80a29124f8adf05131649c20123ef5bda944bafaadd9ce76d38
2023-04-02 16:32:22,False,2.707e-10,8.639e-13,940500036969.0,8.12513,0xf9...1c33,https://bscscan.com/tx/0x049d2a4999914659fceada4e363f7fe22f19b57c81fcb9efc9b3df94755bbc8c
2023-04-02 16:32:10,False,2.721e-10,8.641e-13,4909555074.0,0.0424,0xfa...57c2,https://bscscan.com/tx/0xb9eea324286c161422c8d21f9270d48adad15ffad6e40b31dc2b460f401d8265
2023-04-02 16:31:04,False,2.708e-10,8.641e-13,1825704173.0,0.0157,0x89...b2a1,https://bscscan.com/tx/0xfb637b353c201250d03f182c93510a80b5d84517463073c6797d97e0d1abbe97
2023-04-02 16:30:01,False,2.721e-10,8.641e-13,880282317.0,0.0076,0x94...457f,https://bscscan.com/tx/0x9c126e82762074269a4105537f7e1afbb00f8b6d84315b5a7845529ef8ecb4a7
2023-04-02 16:29:31,True,2.735e-10,8.684e-13,8149921866.0,0.0707,0x11...2bce,https://bscscan.com/tx/0x7e21c3cac69855a0554b2fe300e0af0150d78bfe8a5b56e1a5a3daa166f2f5b3
2023-04-02 16:27:31,False,2.707e-10,8.641e-13,63310129933.0,0.547,0xe9...d993,https://bscscan.com/tx/0x4996373dd2cbdaee8062ed21ac173db1f82c549aeb4f12bd1db9487a792bd3b5
2023-04-02 16:24:52,True,2.721e-10,8.684e-13,8060000845.0,0.07,0x8c...8772,https://bscscan.com/tx/0xa1bf65aea0f165492b4896079b11ebca6fc96ce54da4311ff7a43e640945a7a9
2023-04-02 16:24:22,True,2.721e-10,8.684e-13,2295954894.0,0.0199,0x29...5103,https://bscscan.com/tx/0xc466d436d788bb8bb39835725ef8bd20ddd064b113cd3e666ee63dd83232abf6
2023-04-02 16:21:31,True,2.735e-10,8.684e-13,2349372606.0,0.0204,0xd2...e5fb,https://bscscan.com/tx/0x8ec83b07b03fd7e327fe91ba87e1ad19d56119c06d71c0f56ae464b272342652
2023-04-02 16:21:25,True,2.735e-10,8.684e-13,4631527578.0,0.0402,0x79...7737,https://bscscan.com/tx/0x038ae048313043f622e97fd664890deeccc38753ba90925f68b9bc7e3d503e1b
2023-04-02 16:21:10,True,2.721e-10,8.684e-13,1000.0,8.684e-10,0xbd...86ea,https://bscscan.com/tx/0xb1f1b24105ec04fcb238456c04a8c025fa9e60a5f4bd1a5d39693d9ec17216d7
2023-04-02 16:21:07,False,2.708e-10,8.641e-13,45350868846.0,0.3919,0x60...7a6a,https://bscscan.com/tx/0x841cc490303a338d3afd6eb2a79d942134da395c5124cd4f35c48a8d3b7cdf41
2023-04-02 16:20:10,True,2.723e-10,8.684e-13,4145079929.0,0.036,0xa6...4ce0,https://bscscan.com/tx/0x1e833404f4c438e3964953574c02eac9c3831ed2036fc760f1b1c32cf2519c20
2023-04-02 16:20:07,False,2.709e-10,8.641e-13,14516016400.0,0.1254,0x2c...0903,https://bscscan.com/tx/0x5e35f0f6238dc70bfa8eaaec582e671b9c63c1c9706ff5bd278ca8a81050163b
2023-04-02 16:20:04,True,2.723e-10,8.685e-13,2417949429.0,0.021,0x0c...707b,https://bscscan.com/tx/0x55bfe9289109f04cba5c317491ff60b782e6377f467e852bde723dc4b24971af
2023-04-02 16:19:19,True,2.723e-10,8.685e-13,2204339467.0,0.0191,0x74...f8a0,https://bscscan.com/tx/0x923aea56808407b067233330e95cf539e19ea3cab6d8c17a7a726ce1986f456d
2023-04-02 16:18:25,True,2.737e-10,8.685e-13,2386785043.0,0.0207,0x48...bf8d,https://bscscan.com/tx/0x4caed6a8e4763631bd5911e2a2c9a0908f014b21a49a6f7a705ac366b71d9f39
2023-04-02 16:17:55,True,2.737e-10,8.685e-13,370753382.0,0.0032,0x0c...221f,https://bscscan.com/tx/0x556c8c340b57cd6ecfbef837379136d11f40af9e2e23d7cedb428ec20909b7d9
2023-04-02 16:16:52,True,2.723e-10,8.685e-13,1000000000.0,0.0086,0x7b...1cc4,https://bscscan.com/tx/0x1818f196c76d287231a6b5da39ca3494f30ee4e697f4a67985e996d3938ccb1b
2023-04-02 16:15:40,True,2.723e-10,8.685e-13,1211630000.0,0.0105,0x5a...9726,https://bscscan.com/tx/0xc8f4b67a2e7c92a20d6088f1f665928708a8935f73a86531fd09b7e1d86fad29
2023-04-02 16:11:56,False,2.711e-10,8.641e-13,1012703230.0,0.0087,0x11...931a,https://bscscan.com/tx/0x1e5d421d03aef6eac37d6c797e925f3051854a2f6e763d4b5411c19299951613
2023-04-02 16:11:33,True,2.738e-10,8.684e-13,11445033357.0,0.0994,0xf8...2d5b,https://bscscan.com/tx/0xf1ea9c77c9d976c04db0097fc0f8e0bd01a6fd05a05c9047bbb44d781fe9f79d
2023-04-02 16:11:27,False,2.711e-10,8.641e-13,57462381254.0,0.4965,0x00...9f83,https://bscscan.com/tx/0x2386acfffdd2f7ae560802e1a954dc7ca10e12986af318215aec5818582dff3d
2023-04-02 16:11:15,False,2.728e-10,8.649e-13,3602509059110.0,31.161,0x0d...19da,https://bscscan.com/tx/0xa6258c0ac23a68d2b5e9cdc701b00ad8d3249f85ba8fd1211106edadc3ca99ba
2023-04-02 16:10:06,False,2.73e-10,8.657e-13,13500000000.0,0.1168,0xa6...3e60,https://bscscan.com/tx/0xdc39c0eee9c33aff51f978bbdf13dcd8700e1533fa300a379cd2f64ae01d7800
2023-04-02 16:10:03,True,2.744e-10,8.701e-13,4344973075.0,0.0378,0x24...46e0,https://bscscan.com/tx/0xa2da09c6385faf91955585592a826034b7499f03361251a079346ca6ace23790
2023-04-02 16:06:48,False,2.731e-10,8.657e-13,45000000000.0,0.3896,0x5a...33fc,https://bscscan.com/tx/0xf3f307427acad50c76a0b7c22d6bfb5915e7c65161084254108925cc960293ae
2023-04-02 16:06:39,True,2.745e-10,8.701e-13,12700000000.0,0.1105,0xc4...32a7,https://bscscan.com/tx/0xc749303f40191f2ba4277e99b8a559ff875cb5063403070b8420d04ac96982b1
2023-04-02 16:06:39,True,2.744e-10,8.699e-13,931107029882.0,8.1,0xeb...2e5e,https://bscscan.com/tx/0x8597653bfe37f81a16422fb3e2c3e56840413109860da60cea83e4b08d8b9cf6
2023-04-02 16:06:36,False,2.73e-10,8.653e-13,10877543573.0,0.0941,0xa5...65c6,https://bscscan.com/tx/0x4c98ec65dfc8c6571f39da4ff3255064f91b5570ae7a0295d09d6ea5822371a5
2023-04-02 16:06:09,False,2.73e-10,8.654e-13,98388000000.0,0.8514,0xd4...1f5e,https://bscscan.com/tx/0x15f32eaa9bcd6be2548c83ae465f73ddd253650d360162d5bd3b098190030466
2023-04-02 16:04:27,False,2.73e-10,8.654e-13,10302874442.0,0.0891,0x6d...75c3,https://bscscan.com/tx/0x923e1be14eb5e37cba880bdfc46daf0816aa8d4628a7b140d8172ede79397dbd
2023-04-02 16:04:03,True,2.743e-10,8.697e-13,3564130532.0,0.031,0x51...9844,https://bscscan.com/tx/0xcd136023aac7965af5066d3bf1a61d216d99dea247e78d98095b3e2f47b9e477
2023-04-02 16:03:12,True,2.744e-10,8.697e-13,1149720914.0,0.01,0xcf...162e,https://bscscan.com/tx/0xff07cc3c8b1cf1c8e81df6876fdd8a9586350292ddc45ff84ab4fbf88c5d72ab
2023-04-02 16:01:30,False,2.728e-10,8.654e-13,225000000000.0,1.94734,0xb8...87ef,https://bscscan.com/tx/0x45a3bd1004d437547843a74d21ede501678d94a0c54102a8f4c68ba2338d6cd5
2023-04-02 16:01:07,True,2.742e-10,8.698e-13,50000000.0,4.349e-05,0xa7...14d0,https://bscscan.com/tx/0x5581c4f8e16d24c9fea843a888fbe83ef583b189d53cee676acbf2ee694a7e03
2023-04-02 16:00:29,True,2.742e-10,8.698e-13,1173910153.0,0.0102,0x11...c2f3,https://bscscan.com/tx/0xc6d05e0b0034d3a14a7c13a2d5ac6071034b47b3278e11c8df6a533b532f1477
2023-04-02 15:59:40,False,2.729e-10,8.655e-13,52368840000.0,0.4532,0xd4...1f5e,https://bscscan.com/tx/0xc0b144b95d3f215c9f5d5afd7af3fa20608161b2c089affe59608430d87a043f
2023-04-02 15:59:31,True,2.742e-10,8.698e-13,36556319522.0,0.318,0x38...a996,https://bscscan.com/tx/0xeb74c63247700adc33fca5399d13558f17b306d359cf07cdcf01627ddae75d47
2023-04-02 15:58:25,True,2.742e-10,8.698e-13,10675950327.0,0.0928,0xb4...1b81,https://bscscan.com/tx/0x719897b8d3533f7347a70ffe77700802ae50e0c21837ba69025b014f516c9ab4
2023-04-02 15:58:25,False,2.729e-10,8.657e-13,927663386062.0,8.03115,0x36...bc75,https://bscscan.com/tx/0x1c02614670c384e6f63164440199bda7b4bc6dc592370e8eb77e8df1072f2667
2023-04-02 15:57:25,True,2.744e-10,8.702e-13,11260643223.0,0.098,0xdd...ae1e,https://bscscan.com/tx/0x024cd3c5b826e1b093c665d348238c3c6bbc52d5ba07567310ac5be47514e3ff
2023-04-02 15:57:19,False,2.73e-10,8.659e-13,2106332334.0,0.0182,0xaf...30ce,https://bscscan.com/tx/0xbfeae4e337f5ddc6760e4fb6c9e89034a4e0e95507a56fda09d989e054e76233
2023-04-02 15:56:16,True,2.745e-10,8.702e-13,11490506880.0,0.1,0xe2...e095,https://bscscan.com/tx/0x4543acee41e43d81c3c57e16a09065434e78accd97fffa9815b419d8beaefda3
2023-04-02 15:55:58,True,2.73e-10,8.702e-13,57453500001.0,0.5,0x48...a849,https://bscscan.com/tx/0x1de1aa32c30311d35f86d53c2003474f9228303cdef245e3a355cccb9f5332a8
2023-04-02 15:53:19,True,2.73e-10,8.702e-13,3046481450.0,0.0265,0x38...91f6,https://bscscan.com/tx/0xf32b4e729e138c68dd4526f34869d430f6921895ee212e11724c3fad7d369847
2023-04-02 15:50:43,False,2.73e-10,8.659e-13,119493573077.0,1.03474,0xde...cb8e,https://bscscan.com/tx/0x59934c1d9d6fcfe8c83d594ad6169e14ba1016444ffb244f8e73dbd758f0e0aa
2023-04-02 15:47:16,False,2.729e-10,8.659e-13,5948499709.0,0.0515,0x41...d515,https://bscscan.com/tx/0x4acda779b3e1310277712c1f1cb7d58047e9e19f0a64aca86b6dbb7f8388be8a
2023-04-02 15:47:10,False,2.729e-10,8.659e-13,18480134171.0,0.16,0xc8...b281,https://bscscan.com/tx/0xf0e9ed5c0e8dce12414e438df7aecb8649cf9ded30088a715204e4e9dc7fc078
2023-04-02 15:46:43,False,2.715e-10,8.659e-13,7575183603.0,0.0656,0xfd...dc4e,https://bscscan.com/tx/0x233d60e438ea13e06a6a1d123d26ee30bd85a3c6be1f81fdaf0e6d6faa96a08f
2023-04-02 15:45:55,True,2.743e-10,8.703e-13,28072847012.0,0.2443,0x33...cf7b,https://bscscan.com/tx/0xd9464de18d2cf19859f005c5cb124fede1c247e3c9e45169390ca9b1a7ca3c20
2023-04-02 15:45:34,False,2.729e-10,8.659e-13,6943148502.0,0.0601,0x97...402f,https://bscscan.com/tx/0xc8734246c1f630506918736645192dff4482938c0e6927d842f112d907e57693
2023-04-02 15:44:16,False,2.715e-10,8.659e-13,74372285417.0,0.644,0x1d...91ef,https://bscscan.com/tx/0xf6771a07d632dbf1ae12de31bdb5f9db726e5e69d0e0d2a63a9f3b5129ed47c8
2023-04-02 15:42:49,True,2.729e-10,8.703e-13,3446910000.0,0.03,0x26...c06a,https://bscscan.com/tx/0x73407a481f14bba69c28e1817fa9860b65161c52f06dea7abc363a45ad853686
2023-04-02 15:41:43,False,2.729e-10,8.66e-13,39978582353.0,0.3462,0x83...34f4,https://bscscan.com/tx/0x160db7531f9482e43680232c92f3fff826b40a5244c36edd58eaaf2ee212374e
2023-04-02 15:40:22,True,2.743e-10,8.703e-13,19338067978.0,0.1683,0xa0...bcaf,https://bscscan.com/tx/0xe2732f027bdf11d22e85955eb792c67880bb34126dd169b4692422c174e77672
2023-04-02 15:39:10,False,2.715e-10,8.66e-13,17328724676.0,0.15,0x70...63b9,https://bscscan.com/tx/0xa5c51c49255545bd06dbfe50d820b689e89e6a56b01c2336e2102cf64a9c6e77
2023-04-02 15:39:10,True,2.729e-10,8.703e-13,21830157752.0,0.19,0x63...c3b9,https://bscscan.com/tx/0xeea4a72fa7d4e56acf62cf58117ffbc0df4aa681b717674d44695a20cb1db21a
2023-04-02 15:35:28,True,2.742e-10,8.703e-13,25277329900.0,0.22,0x43...0a16,https://bscscan.com/tx/0x5c14f420087b65c6c63ac4777463d51be287904ddad1894f4d1b2cb26fa9a010
2023-04-02 15:33:52,True,2.728e-10,8.703e-13,239920397.0,0.002,0xd5...e01a,https://bscscan.com/tx/0x6a1853416c5ea2d33ef30dee5e5c42f81d827bba3352db3408ccc99e5fafcc41
2023-04-02 15:33:19,True,2.728e-10,8.703e-13,33438325541.0,0.291,0x85...f5e7,https://bscscan.com/tx/0x79161662415c609bae96a79532736a61e9b7c4ffc0c7f1055d762c4d0a446183
2023-04-02 15:32:25,True,2.728e-10,8.703e-13,5744992484.0,0.05,0x77...d1db,https://bscscan.com/tx/0x98c2b9581969a1c974476fb1a2387ac134edf574a69f0997aaf5df21d4aecce0
2023-04-02 15:31:28,True,2.728e-10,8.703e-13,20068900000.0,0.1746,0xfd...6fee,https://bscscan.com/tx/0x41244a12877f78fc6f9ef50ede62d0dd05a98e4cc06762e9b53e6235db1e917e
2023-04-02 15:28:58,True,2.728e-10,8.703e-13,2000000000.0,0.0174,0x1a...0723,https://bscscan.com/tx/0xb93b33549d9a9940ab60a87de2dc4e5af751acf45b281526984341d7cfc27f25
2023-04-02 15:28:25,False,2.714e-10,8.659e-13,2405697913.0,0.0208,0xda...4296,https://bscscan.com/tx/0x7b828fd9262581911c33665c56bdc3b80da8e0dd363222b49f6eeca4f2b95bf7
2023-04-02 15:27:04,False,2.714e-10,8.659e-13,6300000000.0,0.0545,0xa5...6287,https://bscscan.com/tx/0x3e5996d0c40e65c575a4a896c314687472b154e859b58459cffacc37bc2a0ef6
2023-04-02 15:24:07,False,2.714e-10,8.66e-13,189874740742.0,1.64434,0x60...4693,https://bscscan.com/tx/0xadeabe556457e2bbbd4a7b10725ff9755d789619c49d2e864f98fd71b5781651
2023-04-02 15:23:46,True,2.741e-10,8.703e-13,38200000000.0,0.3324,0x1f...a27d,https://bscscan.com/tx/0x042b5b7fd7abedaa3dfbfcb578530fb4b69e86efa1dbfb0d5403ca6d5401adb0
2023-04-02 15:22:58,False,2.728e-10,8.66e-13,186928067359.0,1.61894,0xd3...b77f,https://bscscan.com/tx/0x2ccd2cb2b9819fd11c7bfece8236ac51aa35bf8f8f49b68d4b707e6220787de1
2023-04-02 15:22:46,True,2.742e-10,8.704e-13,3385916163.0,0.0294,0xd5...e01a,https://bscscan.com/tx/0x68da4bb56757c467436359480226544cfa9dca38ad5f5e1bbbbcc2c0941fc25e
2023-04-02 15:21:58,True,2.742e-10,8.704e-13,1333390001.0,0.0116,0x48...d2ad,https://bscscan.com/tx/0x44b0fcfbab975188795025063cd1625c28ae47cbea4855100b28f037feee7e43
2023-04-02 15:20:28,True,2.728e-10,8.704e-13,4710135036.0,0.041,0x46...ae8c,https://bscscan.com/tx/0xff4d66439860dfa17ec176b7bcc3bfd749f201fccf4f0ed42edd48c01dc90269
2023-04-02 15:20:25,False,2.715e-10,8.661e-13,9072794911.0,0.0785,0x6a...d328,https://bscscan.com/tx/0x60e2cf236e15deb2c569c2de9fe56c85b8087021fee3786dac640c1b79a20004
2023-04-02 15:20:10,False,2.715e-10,8.661e-13,14037042718.0,0.1215,0xa4...83e0,https://bscscan.com/tx/0xd8f736f9a1fd839732a59b1c0c9c82809f98883dc64452e768b3020074da7577
2023-04-02 15:19:46,True,2.728e-10,8.704e-13,559884448.0,0.0048,0x36...e7bb,https://bscscan.com/tx/0x97e9acbaeb9b1fc7d3f55fe06ac5ab5705da7417f1c2510c8174662a786c54e2
2023-04-02 15:18:10,True,2.729e-10,8.704e-13,1935430001.0,0.0168,0x98...418d,https://bscscan.com/tx/0xb36571c532856f4a8aaa6b99768482bed2f5864d240c83ae26584d72819b3d90
2023-04-02 15:17:40,True,2.729e-10,8.704e-13,41102573154.0,0.3577,0x87...4821,https://bscscan.com/tx/0x34e4d5a22755311b2b41dea426ec0098d29f62a08a15e80456edd77819549ffb
2023-04-02 15:14:34,True,2.729e-10,8.704e-13,2297655164.0,0.02,0x57...1613,https://bscscan.com/tx/0xa1756031cdd2a4778d5a7d327dc167f68096359092233a8d570c7e5323ba44e0
2023-04-02 15:13:28,False,2.73e-10,8.661e-13,14065593962.0,0.1218,0x6a...08d1,https://bscscan.com/tx/0x5785dc24e89b6b3dc57ffc371c2e4c6628fb3c954e391e193369d2e071dfb1f4
2023-04-02 15:13:13,False,2.717e-10,8.661e-13,6416184015.0,0.0555,0xa9...af16,https://bscscan.com/tx/0x182840c077ca0935ef22e5cc45301348f263ee847c65f748d2d1f51888b4e302
2023-04-02 15:12:34,False,2.717e-10,8.661e-13,117000000000.0,1.01338,0xaa...f4dd,https://bscscan.com/tx/0x867386cf2e1b4835121b1ec4861a88d3ac0c081097beff3830c08ae92da72adb
2023-04-02 15:12:28,True,2.731e-10,8.705e-13,8851287434.0,0.077,0xfa...bee8,https://bscscan.com/tx/0xde55fa238a0b1ccf507c7f23eee1b72e2ebd6f990485e0b0655501281dabb49b
2023-04-02 15:10:25,True,2.733e-10,8.705e-13,5157332196.0,0.0449,0xc4...1167,https://bscscan.com/tx/0x7c561514a2bb7f3a412be364da415362fb7a25d8645004dc31aed79a6e91270b
2023-04-02 15:09:37,True,2.747e-10,8.704e-13,50545909137.0,0.44,0xfd...0fc1,https://bscscan.com/tx/0x3fa1ace8ed64a4620458e437149f16bcb15be854edab9d754724059df5225d70
2023-04-02 15:09:22,True,2.747e-10,8.704e-13,11487889092.0,0.1,0x33...cf7b,https://bscscan.com/tx/0xb33e75567865c89eaf155af147bdc641f3e499004c63e8850f4aa7a762d9420f
2023-04-02 15:09:16,False,2.733e-10,8.661e-13,2138727957.0,0.0185,0xa9...af16,https://bscscan.com/tx/0x82178865d6b7075970acc7d29689bb8f5e06034507651050d2661e8242cf376a
2023-04-02 15:08:31,True,2.746e-10,8.704e-13,57440398059.0,0.5,0xc5...63ff,https://bscscan.com/tx/0xabb6841be9432bac984540edcb2fd59f89bb0dfc5a8b3827fef50b2175a8909b
2023-04-02 15:07:31,True,2.733e-10,8.704e-13,9105921809.0,0.0792,0xb3...f6c2,https://bscscan.com/tx/0x127e50a7e3a49fcee4483b66d9cc2bd10ef479380e36d7882fa2972a62a43860
2023-04-02 15:07:19,True,2.733e-10,8.704e-13,126375420633.0,1.1,0xf9...12f9,https://bscscan.com/tx/0xf364180fc4545ae4febd1ad7b49879739776607458e5bf208d50a2a381f4e508
2023-04-02 15:07:19,False,2.719e-10,8.66e-13,39061698506.0,0.3383,0xb5...ba18,https://bscscan.com/tx/0x1d5fd53dfb4de17a48de5b57b55d36fbcaa7077d411df509097c97cd38cd43a4
2023-04-02 15:06:22,False,2.733e-10,8.66e-13,820762129.0,0.0071,0x62...e7e1,https://bscscan.com/tx/0x73ffa5924fe4d33098f05f1c772df8fd7d65b8b415fc9d322c373be4141ca0f8
2023-04-02 15:04:31,False,2.719e-10,8.66e-13,47503254666.0,0.4114,0x8c...015c,https://bscscan.com/tx/0x842f628f2b4cdbfd85b75a1d3aa3bdb026d6115120f1391fb9faa2226cc86945
2023-04-02 15:04:10,True,2.733e-10,8.704e-13,1148853634.0,0.01,0xcc...8ef6,https://bscscan.com/tx/0x0972f9785cbc5dd803cb5e290e42eb5f9f7d3cb1bc1796f993e2400d0e71ef79
2023-04-02 15:03:01,True,2.733e-10,8.704e-13,9455359958.0,0.0823,0xb3...f6c2,https://bscscan.com/tx/0xbe5eac0a81614e0badebed40620926343ccef9096040ed734fed2b1fa37ccde7
2023-04-02 15:02:04,True,2.747e-10,8.704e-13,8361336969.0,0.0727,0xd5...7db1,https://bscscan.com/tx/0x33bac2c77c37a9ce323bef5e02f539d1b5829ca43603cc138b77ae6cf8d70ff9
2023-04-02 14:59:52,False,2.72e-10,8.66e-13,8220897000.0,0.0712,0x93...86e4,https://bscscan.com/tx/0x99002bad0682f23275b4517d0a07b66f2544f772f97d3173e8a8f40543d50839
2023-04-02 14:57:40,True,2.734e-10,8.704e-13,1263746007.0,0.011,0x62...a023,https://bscscan.com/tx/0x8daedec2035b76be02d538415c0f044574d6dd7b5226985b0a21c4a228def863
2023-04-02 14:56:39,False,2.734e-10,8.66e-13,45044560114.0,0.3901,0x1f...4f4f,https://bscscan.com/tx/0xc7fd317f48e1eb162fc9c5af65a4606906a8ab60b8a494490744ea4b3ae19744
2023-04-02 14:52:24,True,2.735e-10,8.704e-13,73182094951.0,0.637,0x46...b442,https://bscscan.com/tx/0xd451786ce54e3a9b08cbd37d18d53143dbb16a48c672dc9ac20270d79347605f
2023-04-02 14:51:00,True,2.749e-10,8.704e-13,1596939699.0,0.0139,0xa4...ba3f,https://bscscan.com/tx/0x75d473568d117a9cd4e9d649de2c72d0e9df85ca167fcfd0433fde0278260c6f
2023-04-02 14:50:10,False,2.734e-10,8.66e-13,9317815274.0,0.0807,0x87...93e3,https://bscscan.com/tx/0x752a305318636d4a25760fce4f898acaad4c3edd1d052d7c0b36698a172b0b2e
2023-04-02 14:49:21,True,2.734e-10,8.704e-13,12063198361.0,0.105,0x2f...aff4,https://bscscan.com/tx/0x2c36bba02996aefd81e3f757b1769f6e52b2c8cf07410d2f091ff7e224b87154
2023-04-02 14:49:15,True,2.734e-10,8.704e-13,804215873.0,0.007,0x36...ac97,https://bscscan.com/tx/0x48fd21d20edb96432e877a82f9a256950050d9d737bfe133288f003598551bbd
2023-04-02 14:47:15,False,2.721e-10,8.66e-13,11329056949.0,0.0981,0x3e...1e38,https://bscscan.com/tx/0x94f68d29c52b45eb98a7628970f73b4b190a99b48981005f6567ad801e058c4d
2023-04-02 14:46:51,False,2.735e-10,8.66e-13,3081856944.0,0.0266,0x61...348c,https://bscscan.com/tx/0x26c174c7c86c45792c05eb742eac21a33e84b2e4a6966b4403364ce9670d5d06
2023-04-02 14:45:57,False,2.736e-10,8.66e-13,11698399436.0,0.1013,0xa5...d151,https://bscscan.com/tx/0xde7b07a01890ed993c72acea83b9c494098da356084e208de0e7ff193886fcb0
2023-04-02 14:45:24,True,2.735e-10,8.704e-13,9556638623.0,0.0831,0xe4...f8db,https://bscscan.com/tx/0x58f29299e16f6f1ea8804c5e35484696ee831cdc04b966cbce19d498621b80bc
2023-04-02 14:45:15,True,2.735e-10,8.704e-13,1511439480.0,0.0131,0xb5...a436,https://bscscan.com/tx/0x2c35f01506c07a4987654fef7353b940631e943df01a87aefd7b6a06971e2d8d
2023-04-02 14:44:51,True,2.734e-10,8.704e-13,14360891.0,1.25e-05,0x9a...e048,https://bscscan.com/tx/0x950d71493737b4cc43dd9a3d7fbbc4329e24469dbc4cd2dbc79f31850762b9c2
2023-04-02 14:44:51,True,2.734e-10,8.704e-13,5715642829.0,0.0497,0x9a...e048,https://bscscan.com/tx/0x950d71493737b4cc43dd9a3d7fbbc4329e24469dbc4cd2dbc79f31850762b9c2
2023-04-02 14:42:39,True,2.733e-10,8.704e-13,3012170009.0,0.0262,0xd8...e3db,https://bscscan.com/tx/0xf4a0159f53cca085c467d9a7f91ade378e43a48a36c6fb03e21abcd7bc1d6081
2023-04-02 14:40:36,True,2.734e-10,8.704e-13,2859739783.0,0.0248,0x07...9e5e,https://bscscan.com/tx/0x7b40063fe1d2f47629d50b72622234b0132f9a1c4f60e66e22eeade8c3034755
2023-04-02 14:39:03,True,2.734e-10,8.704e-13,4777000000.0,0.0415,0x13...7de3,https://bscscan.com/tx/0xc54df118612c98747e88cc84cbcea9284addc2aeac1e7a4e13d5f00d4510c6e2
2023-04-02 14:38:27,True,2.748e-10,8.703e-13,126380994606.0,1.1,0xb1...b51f,https://bscscan.com/tx/0xc32ed2b1becbc399d57dc90601586406bf8748bcbc88b7bc1b9e5d3b052d88d5
2023-04-02 14:38:00,False,2.734e-10,8.66e-13,18222893654.0,0.1578,0x2f...ed21,https://bscscan.com/tx/0x0e5c661c1426ed4cd7b305d8876b7bec628a73f7438cbd84c51090718df9566d
2023-04-02 14:36:00,False,2.721e-10,8.66e-13,31586460075.0,0.2735,0x8b...d18e,https://bscscan.com/tx/0x167d47b2b4ce8d05cbe151d3f0b79c316a36c774f165db60b3bf5b3842497b11
2023-04-02 14:35:42,False,2.735e-10,8.66e-13,74687221408.0,0.6468,0x74...132a,https://bscscan.com/tx/0xebb8497554ccc92fee49273e136e69f0dfa539efaf5fb4d65bbad1f5bd7162fd
2023-04-02 14:34:51,False,2.735e-10,8.66e-13,145787427428.0,1.26266,0x04...72b7,https://bscscan.com/tx/0x4df7be32e79e948f19b26d2e64eea47af48e8ff01349ba0dfdc0c56c0d33a465
2023-04-02 14:33:41,True,2.749e-10,8.704e-13,2816393089.0,0.0245,0xbb...e1a9,https://bscscan.com/tx/0x6b53c567a8ce61d41c5393b46e26505b38fc1b5edc605c5cad0da26637536f73
2023-04-02 14:32:42,False,2.734e-10,8.661e-13,34616295729.0,0.2998,0x00...9f83,https://bscscan.com/tx/0x83dfb2441e585369399433bd671c471feb222b2d20a62917f9e7d5e3507741a9
2023-04-02 14:32:16,True,2.748e-10,8.704e-13,2355180000.0,0.0205,0xc4...b0f1,https://bscscan.com/tx/0x05bb0046520f604bc4f82b82022d9970b4b10e0ca12dfa7b9aebc8e3d315bc16
2023-04-02 14:31:43,True,2.748e-10,8.704e-13,505462943.0,0.0044,0xb3...0781,https://bscscan.com/tx/0x8ba8729fe00b116fa71f727e35afb5410f32700248d12efc091e826e575a6572
2023-04-02 14:31:25,True,2.734e-10,8.704e-13,4000000000.0,0.0348,0x62...67fb,https://bscscan.com/tx/0xa0fb5ce610bde2ed823b020284ec989ef5ec61a13cb902794bd815043921c69d
2023-04-02 14:31:25,True,2.734e-10,8.704e-13,5568936821.0,0.0484,0x87...3481,https://bscscan.com/tx/0xe2f85397a62e2c5068293342b6c467b512651c00259bfe306da16ef4e9d6b7e0
2023-04-02 14:30:42,True,2.747e-10,8.704e-13,704813727.0,0.0061,0x33...cf7b,https://bscscan.com/tx/0xec206538d918b30af026fd2e6b5f8c637767ea1ce0681feeb6bfaf2c4b390fd6
2023-04-02 14:30:30,False,2.72e-10,8.661e-13,3304521241.0,0.0286,0xa9...4798,https://bscscan.com/tx/0x7596dc1192bcd0d1ca324018e29fb2042885ee3f7134c15a01cf039d20491f0a
2023-04-02 14:29:49,True,2.734e-10,8.704e-13,459513000.0,0.004,0xdb...c374,https://bscscan.com/tx/0x80094a7d50fc6528d84a2a24b3ac8c0098ae2a40464be87abc543cafdd508cd5
2023-04-02 14:28:55,False,2.72e-10,8.661e-13,6992436975.0,0.0605,0x37...108f,https://bscscan.com/tx/0xd53188c4af1e328846c6440e78f62045784aff2c914536a86cd13be9945508a8
2023-04-02 14:28:40,True,2.748e-10,8.704e-13,3656468541.0,0.0318,0x33...cf7b,https://bscscan.com/tx/0x5ef00f907e1f0a37c45eae529ac1f633f02b664149f95b7247c902a17686d297
2023-04-02 14:28:28,True,2.748e-10,8.704e-13,6719111078.0,0.0584,0x95...7f69,https://bscscan.com/tx/0x39425225780a2274c43dd6a327f83d27a58c96a91bcb62fb490aefc9418742e5
2023-04-02 14:27:37,True,2.748e-10,8.704e-13,63249254080.0,0.5505,0x02...ad89,https://bscscan.com/tx/0xe648d33d39ca9eb60871cbb55cb168e8793da46abdfa15c59075728edcdb0bca
2023-04-02 14:27:28,True,2.747e-10,8.704e-13,80900312662.0,0.7041,0x10...2fab,https://bscscan.com/tx/0xa7dd47bd87572036bd81c6de78e18832911360c4239394073b10b036a8436186
2023-04-02 14:27:22,True,2.734e-10,8.704e-13,3000000000.0,0.0261,0x73...f4eb,https://bscscan.com/tx/0x06ca9f69861dce386f69a0cd37a285317eab4d12341eeb2e8d3a70819ddb7d3e
2023-04-02 14:26:28,True,2.733e-10,8.703e-13,155997612706.0,1.35778,0xe2...a4b2,https://bscscan.com/tx/0x481614ab714679ec0044b8e75eef34acdc6bc2ee7acd50963dbf36572fa97cca
2023-04-02 14:25:16,True,2.747e-10,8.703e-13,24172304933.0,0.2103,0xa7...f1dc,https://bscscan.com/tx/0x6834a10a655b24614ac4ea07c5cfe7d38b8cedf3071b515f6b2a548dc2f3f229
2023-04-02 14:24:25,True,2.734e-10,8.703e-13,459591521.0,0.004,0x53...2fe3,https://bscscan.com/tx/0xf957b889474af985ab4235efe005a2029b31ab7cb8056928f4735a8a285d11d3
2023-04-02 14:24:07,True,2.734e-10,8.703e-13,5000000000.0,0.0435,0xae...7df2,https://bscscan.com/tx/0xa44b3fb4bb6671e601e855941c069a566887d2ce0c26b83bbe2f5b682d4ea2f3
2023-04-02 14:23:25,True,2.735e-10,8.703e-13,11719650420.0,0.102,0x24...29a0,https://bscscan.com/tx/0xb01d12dd30977b94ba2472d8dc1fd8ca8dda89a1057bd6c4b8f7a62d6925f0b7
2023-04-02 14:22:07,False,2.735e-10,8.661e-13,657911558684.0,5.69837,0xc8...30ae,https://bscscan.com/tx/0xb1c026950418ca239c4078cae035522ed079e241ec9dd0c92997decd04dfdd0c
2023-04-02 14:21:49,True,2.75e-10,8.706e-13,20612927652.0,0.1794,0xba...ea99,https://bscscan.com/tx/0x1b9cf3763605bd42c457948540139bda7747a821d088a2897834296fc6f4e10b
2023-04-02 14:21:10,False,2.722e-10,8.662e-13,68695713915.0,0.5951,0x63...6d61,https://bscscan.com/tx/0x6539dd6f3975d5ad48bbfd3a7d0254c4e5121c3a35affbc129de7c8eaec6868c
2023-04-02 14:20:40,True,2.75e-10,8.706e-13,1113121401.0,0.0096,0x91...76c7,https://bscscan.com/tx/0x899c821cdfa8a5ff0e6c541e763834c1350720c3ee74465aea2fc717595ff559
2023-04-02 14:19:43,False,2.737e-10,8.663e-13,300915800896.0,2.60702,0x16...c9e2,https://bscscan.com/tx/0x18819aa643eae6da23f93bb6c45138b7373af1eedacb3659bc9d49a8d660e970
2023-04-02 14:18:58,True,2.751e-10,8.707e-13,4500000000.0,0.0391,0xcc...8e43,https://bscscan.com/tx/0x8610780d374c0fd12d5decddcd16d5d0aad6f1853c556aa49d002120012fd893
2023-04-02 14:18:22,True,2.751e-10,8.707e-13,1894977087.0,0.0165,0xfb...21f4,https://bscscan.com/tx/0xd7fe06e2583479a57c395663fd97afa4f5efb95ad5cccc9116333357df476c00
2023-04-02 14:18:19,True,2.751e-10,8.707e-13,24651396620.0,0.2146,0x33...64fa,https://bscscan.com/tx/0xd8527dbc4404ea70d49e0629528c43d07f32220cf1b812f0df1be3d0a0dda6e9
2023-04-02 14:16:52,False,2.723e-10,8.664e-13,39978510876.0,0.3463,0x83...34f4,https://bscscan.com/tx/0x90ec4f020dba6c1ea16e589dbcfec21d4120d1afc2b7146700d3404e51c273e6
2023-04-02 14:16:04,False,2.738e-10,8.664e-13,32038108253.0,0.2775,0x47...df83,https://bscscan.com/tx/0xa97a8019c1d988f6626fcb98c3edf90cbe972e9edefbe344526d3f24bcb66b62
2023-04-02 14:11:25,True,2.75e-10,8.707e-13,9169800001.0,0.0798,0x85...afdc,https://bscscan.com/tx/0xe5119864d133191b2f35148aa2b55b629f1f2f35036c724edfaba00b557d924a
2023-04-02 14:11:22,True,2.75e-10,8.707e-13,123359795.0,0.001,0x53...2fe3,https://bscscan.com/tx/0xeb9bb1cc5efb10a59e4d77445ffc60617fbe648e9cb2cce6459af89658ed2bee
2023-04-02 14:11:04,True,2.75e-10,8.707e-13,12500000000.0,0.1088,0xbd...d8c3,https://bscscan.com/tx/0x85f1696646c4fdd9c757655352c77a06c13d260bc0d79940496d6a524d7a0fbd
2023-04-02 14:07:16,False,2.722e-10,8.664e-13,34898088267.0,0.3023,0x0d...0cc5,https://bscscan.com/tx/0x8aa1bd787ab5cf256b2e6f4bcbaa3fd22ca4bae4f91c3ff834e6fee2d44e4ff4
2023-04-02 14:07:07,False,2.722e-10,8.664e-13,8453812983.0,0.0732,0x46...9d1d,https://bscscan.com/tx/0x8df68d81ef624a6e7c9e06d2672bbaee58141d3d753debcf8d79cd0f185d8c26
2023-04-02 14:07:04,True,2.736e-10,8.708e-13,15710801000.0,0.1368,0x23...21b7,https://bscscan.com/tx/0x256b49c266a7ede57ebeaaf60d02d5502a2409e7a6b656be66b488ddf3791a88
2023-04-02 14:05:25,True,2.751e-10,8.707e-13,45935371750.0,0.4,0x19...1b76,https://bscscan.com/tx/0x6cac1b7117957059c2ba5e8e8ead7c3e742ddfa25c7e39331822b30374119a1e
2023-04-02 14:04:40,True,2.75e-10,8.707e-13,895750488.0,0.0078,0x1f...a7e2,https://bscscan.com/tx/0xee96629787f4719409ba844d664b01a6eedb3bcb468b22cda24b6b58a59ab855
2023-04-02 14:03:43,True,2.75e-10,8.707e-13,36749000000.0,0.32,0x9f...fcb1,https://bscscan.com/tx/0xb6fba8699eddd156592409fef6aaabd19564560132d76a8427baeeefe432dedd
2023-04-02 14:03:01,True,2.75e-10,8.707e-13,18699999999.0,0.1628,0xed...65e0,https://bscscan.com/tx/0xdca752eea778ee71020a00dd677a96ea55f44514690a1d6ed695111e65aef1a9
2023-04-02 14:02:01,True,2.749e-10,8.707e-13,631637133.0,0.0055,0x09...318d,https://bscscan.com/tx/0x6fffddc347f1e0bae3dabba1ab26690898de2f2e7b783c8c98389abac4b61c63
2023-04-02 14:01:19,True,2.749e-10,8.707e-13,5512478214.0,0.048,0x3d...c243,https://bscscan.com/tx/0x10be573ac08d760453f4fc98f5647effec699224cb1762f844f5c5e972d8c4e9
2023-04-02 14:00:58,True,2.735e-10,8.707e-13,5000000000.0,0.0435,0xda...88b2,https://bscscan.com/tx/0x53447804d0ad2b9579d0a4042506e0e843b25606d8510f0c332837d4be1f7480
2023-04-02 13:59:46,False,2.722e-10,8.664e-13,8017047767.0,0.0694,0x7a...6692,https://bscscan.com/tx/0x8ec0d8d09e3c93a5016804424eb2800fc7637ed813cb490b421340323d0526cc
2023-04-02 13:59:04,True,2.749e-10,8.707e-13,36385814785.0,0.3168,0x4a...52a5,https://bscscan.com/tx/0x11d9c8cba4d29ceccefa27fff7e84341666d6f47171a15140c523ad734675e5c
2023-04-02 13:57:52,True,2.735e-10,8.707e-13,19760200000.0,0.172,0x6a...0a64,https://bscscan.com/tx/0x1c02f2e158534eab9b438c132ff5e1459a94fcc0deec754ddb8e65da15c6d279
2023-04-02 13:56:58,False,2.722e-10,8.663e-13,36000000000.0,0.3119,0xb5...11b1,https://bscscan.com/tx/0xf29a2e59fb9e6404c6d2ef9e72981809fa468de7696fbb037dc5495abb31bedf
2023-04-02 13:55:40,False,2.736e-10,8.664e-13,340522759539.0,2.95053,0xa4...2340,https://bscscan.com/tx/0x0e2a12a075ff8ad85c257c7c6156854bd10365b6aeb4bfb09f7038576a743a89
2023-04-02 13:51:25,True,2.749e-10,8.708e-13,4592984550.0,0.04,0x44...cc02,https://bscscan.com/tx/0x092cc07d1770f835cbacd3fc358cee6f3c8030490f303a8a86104131b46dfcc0
2023-04-02 13:49:37,False,2.721e-10,8.665e-13,7068051638.0,0.0612,0x07...4e57,https://bscscan.com/tx/0x1a4c25c7e51801e8c7b2055c9bc8eaae57898d206e08eedccc1d8f38f983b565
2023-04-02 13:45:46,True,2.748e-10,8.708e-13,7326724865.0,0.0638,0x75...0854,https://bscscan.com/tx/0xcb8d6899307dcaabcaefebd69d84b1669fd5c086590aebe2e5150b22f3f38747
2023-04-02 13:45:19,False,2.721e-10,8.665e-13,542511681.0,0.0047,0xe5...a57a,https://bscscan.com/tx/0x7ae995d51159f332da3688d2e2a7aa3c95d017d63f4a4aa77ff0038fb4c09beb
2023-04-02 13:41:46,False,2.733e-10,8.665e-13,31976573664.0,0.277,0x74...ff77,https://bscscan.com/tx/0x00195a02da90bd73ab45754c590191585fae8b5f378061de0e383b77cd69b7b3
2023-04-02 13:39:43,True,2.746e-10,8.709e-13,3490709798.0,0.0304,0x05...7903,https://bscscan.com/tx/0x9806e15542801d7899a6ded6c3991b3a19296ea640ef229ccf165e3cd8186926
2023-04-02 13:39:16,False,2.733e-10,8.665e-13,15001986410.0,0.13,0xd8...5bcd,https://bscscan.com/tx/0xc4fd82233209310781321a6b79893e6e3eff17a5e08191bdb9ef407612a57ae6
2023-04-02 13:38:37,True,2.746e-10,8.709e-13,9953139257.0,0.0866,0x0a...2398,https://bscscan.com/tx/0x4c983495cfcc3323b8fe5922715c261337a3dc940fbdfe0480d027aa98bc10ef
2023-04-02 13:37:55,True,2.733e-10,8.709e-13,33196111156.0,0.2891,0x17...5524,https://bscscan.com/tx/0xec063a7034e7cd4730c756abcafdc47240e36241177a3685ab2835900535f1ee
2023-04-02 13:37:07,True,2.746e-10,8.708e-13,5000000000.0,0.0435,0xba...af4a,https://bscscan.com/tx/0xe59a955f42747de5d58918b2d1121ed22bcdbf5fcc14bd1889b69717cad0b6eb
2023-04-02 13:35:01,False,2.733e-10,8.665e-13,61739937011.0,0.535,0x43...7444,https://bscscan.com/tx/0x9d7f680d1fc90457c1723b05d763e1d05c6f8a981870b4d1e4beb1a280ff90e6
2023-04-02 13:34:31,True,2.733e-10,8.709e-13,1900000000.0,0.0165,0xcc...8e43,https://bscscan.com/tx/0x80bd924a611624ddd1082d6c1128698cca6bc6c5512b3167546f2531ed7f2cd3
2023-04-02 13:32:40,True,2.747e-10,8.709e-13,10146200320.0,0.0883,0xe0...cffe,https://bscscan.com/tx/0x5aff528a0ef2dbf125494c885bb2ab5abb27fdf20e5aed75f917bc2cd33fa823
2023-04-02 13:31:52,False,2.719e-10,8.665e-13,5819406780.0,0.0504,0x6a...461b,https://bscscan.com/tx/0xc7f2ea6847987e5f9d8828cd467fe40ffed9d0706d8d8f4ad1b0e519805b7c23
2023-04-02 13:31:49,False,2.719e-10,8.665e-13,17659077558.0,0.153,0xd5...81ca,https://bscscan.com/tx/0xa5d82e3131195f86428e2bc4a2dc4954234242fde2bfa973641b30ce31778ff4
2023-04-02 13:30:22,True,2.736e-10,8.709e-13,469652396.0,0.004,0xc2...1823,https://bscscan.com/tx/0xd03eff8eb0fd4ba5d6ed15f97d399acf8d03faa1b87252a0a6e48ba683f7e626
2023-04-02 13:29:28,True,2.75e-10,8.709e-13,8124255958.0,0.0707,0xe6...7f30,https://bscscan.com/tx/0x1d6c707bf06db174ff777c35ea0e3d4be0339266dde3fc3ac20530fd15cde558
2023-04-02 13:27:14,False,2.723e-10,8.665e-13,1073829062.0,0.0093,0x75...a355,https://bscscan.com/tx/0x407b7c9ac0831b9cc57344ea710c9486a8833937a0630758fe21c17eec7308be
2023-04-02 13:26:47,True,2.75e-10,8.709e-13,1050000000.0,0.0091,0x76...3561,https://bscscan.com/tx/0x1621972849cea994b080793803973ad9b2b8d096e50aefa7a06315c2d8054ff0
2023-04-02 13:22:05,True,2.749e-10,8.709e-13,3826488699.0,0.0333,0xe6...7f30,https://bscscan.com/tx/0x37497f2e38f6a21f3814e7ef93c82f110c2fc814061f8960163c7b07ae220db8
2023-04-02 13:21:35,True,2.735e-10,8.709e-13,500000000.0,0.0043,0xcc...8e43,https://bscscan.com/tx/0xe617e90dd429cd22afd3ef6f42a9b134350aa7f8e35d5328f23cee66796f630a
2023-04-02 13:21:17,True,2.735e-10,8.709e-13,67141553482.0,0.5847,0x39...607e,https://bscscan.com/tx/0x5eac0cc0c4fdc66ca369f7f49e3d6fe77531f5e4a83f3f62d0ffe6e920e87d6e
2023-04-02 13:21:17,True,2.735e-10,8.708e-13,1195056377.0,0.0104,0x57...eb55,https://bscscan.com/tx/0xd92039f6d830ca84897fa7632faec4c761c7605a632d2315d2d552862c120163
2023-04-02 13:21:17,False,2.722e-10,8.665e-13,15049515660.0,0.1304,0x55...cfad,https://bscscan.com/tx/0x1509776407668cd533dae7896f28c85a7b7084db8d6af681750f2d253c161baa
2023-04-02 13:19:20,True,2.749e-10,8.708e-13,284598763915.0,2.47837,0x59...3a13,https://bscscan.com/tx/0xf713fa07ee68ad16f85ecf3575b7a8552a04c3af90cd09e53a72036524e98630
2023-04-02 13:15:35,True,2.749e-10,8.707e-13,2070110000.0,0.018,0x4a...882b,https://bscscan.com/tx/0x6a60d52e4fb759e76ecf32dcc088bd3f9b683c57f88647a7d66d2e7ad8e6abd1
2023-04-02 13:12:50,True,2.749e-10,8.707e-13,5826330000.0,0.0507,0x84...663a,https://bscscan.com/tx/0x88f2d76eff8436c2b14d552b0be362f8a8ad2c3fb37166b81fda6bd01c760a4f
2023-04-02 13:11:29,False,2.735e-10,8.664e-13,115749558800.0,1.0029,0xc3...8fab,https://bscscan.com/tx/0xd45f819c79bc9954a0defb0c656fe5d62ac434b415efc7581e4bdfdbbcb08d78
2023-04-02 13:10:59,False,2.735e-10,8.664e-13,7051388317.0,0.0611,0xf1...5420,https://bscscan.com/tx/0x7c3336485110386b88dac943e035f7b91a9912da5096bc07f69c3f09c694d5ca
2023-04-02 13:09:46,True,1.306e-11,8.708e-13,5000000000.0,0.0435,0xdc...771e,https://bscscan.com/tx/0x575a2b0eb7d209ee7ea38bfcfcc8288b0c3474563294ce5e92a8689931f02401
2023-04-02 13:09:25,True,2.749e-10,8.708e-13,5328347535.0,0.0464,0xf6...5e33,https://bscscan.com/tx/0x390d06d465af46fb730fb99237b4b7b0bcf4c892257219505022f1f7fd6f6117
2023-04-02 13:08:43,False,2.735e-10,8.664e-13,28253096308.0,0.2448,0x72...3582,https://bscscan.com/tx/0x3281b3b16f67de879269c26c8953d0fcfe10674691e919f42bd38ff8bf65e642
2023-04-02 13:08:28,True,2.749e-10,8.708e-13,5900000000.0,0.0513,0x2a...674a,https://bscscan.com/tx/0x8daf3ba702611ec411dae8c84d309726ab06dc125a34fd6e43f2eaf65cfebb72
2023-04-02 13:07:40,True,2.735e-10,8.708e-13,13353100001.0,0.1162,0xc0...c71a,https://bscscan.com/tx/0xb24f171c78876b0c8cfb78b2078b8f244b800db6c3086efe037f8681e0cbb8f9
2023-04-02 13:06:55,True,2.749e-10,8.708e-13,1000340000.0,0.0087,0x14...b31c,https://bscscan.com/tx/0xf161bd9dd4df5c58a8b47a52d4367dfdac9f8b060fd36b58c509b41669cfb751
2023-04-02 13:05:22,True,2.735e-10,8.708e-13,13823692374.0,0.1203,0x87...6df3,https://bscscan.com/tx/0xa99ae54f566504f66c7bc1120b3149c34d173a24545055d38bd2f21cc83de324
2023-04-02 13:03:55,False,2.735e-10,8.665e-13,323715286182.0,2.8051,0xa4...d1d5,https://bscscan.com/tx/0xd357e6e798ed5ea8d3435cd3c589f08a218ad6dce89a1392a059aeb16e8453f3
2023-04-02 13:03:43,False,2.722e-10,8.666e-13,1528685282.0,0.0132,0x86...147a,https://bscscan.com/tx/0xe1adfefc0a15c9c59a283e22bc2d378f3007016103eab5c224665c5e47909b7c
2023-04-02 13:03:25,True,2.749e-10,8.709e-13,24679642844.0,0.2149,0x9d...0cc1,https://bscscan.com/tx/0x3153bfd7cd854088cc6da01eb713adca8d12b17d39f8b6374078d737007d7c24
2023-04-02 13:03:19,False,2.735e-10,8.665e-13,7819199796.0,0.0677,0x5b...047b,https://bscscan.com/tx/0x9b49c81531a2f48b4d8c5437d439fb6ebc24afc3d91ec2561b4db8bca2825bd6
2023-04-02 13:01:46,False,2.735e-10,8.666e-13,18000000000.0,0.1559,0xba...8756,https://bscscan.com/tx/0x6e713e420e0c998c97ca74d8a58f49d6a3c7d6a0d3622c21bedfe33f7efb202a
2023-04-02 13:01:37,True,2.748e-10,8.709e-13,36014067348.0,0.3136,0xbc...0ac8,https://bscscan.com/tx/0x7ddd60502faf0354e92d9b207cb491da8f71aeb54823b7bd01609136766f625f
2023-04-02 13:00:31,False,2.721e-10,8.665e-13,4583206740.0,0.0397,0xf0...b589,https://bscscan.com/tx/0x1dd167695a4f391594bc0d48a55de029a55fc7a58e2c6a4bf56b9413c9ecd8d3
2023-04-02 12:59:43,True,2.748e-10,8.709e-13,2232820000.0,0.0194,0xc5...8c51,https://bscscan.com/tx/0x7d9fa5bcc146ea8932fad1b14d4156158a414f9832acf861ffe2564752973aec
2023-04-02 12:58:58,True,2.748e-10,8.709e-13,1000000000.0,0.0087,0xa7...14d0,https://bscscan.com/tx/0xe2f678816207d3ff7354e41820671d19bbbe69a5ea3518d331555d04364cbd4c
2023-04-02 12:58:58,False,2.734e-10,8.665e-13,761153271.0,0.0066,0xe7...1fd2,https://bscscan.com/tx/0x922d8b8952b8cf93ed12713755be7d47806fe8a05ee6ef6e2b882c004d79536c
2023-04-02 12:58:55,True,2.747e-10,8.709e-13,7999321584.0,0.0696,0xd1...daf9,https://bscscan.com/tx/0x375fbbfde15546fadcf9c7099ed1a2da05a9cf506956dd199f01f63c87abc0a7
2023-04-02 12:58:52,True,2.747e-10,8.709e-13,2350480000.0,0.0204,0x48...bf8d,https://bscscan.com/tx/0xd971f6cff2770ae3c8b3ec6e86277e4560f26244f0b1efd9eba218593855147a
2023-04-02 12:58:40,True,2.747e-10,8.708e-13,165809785638.0,1.44404,0xce...e345,https://bscscan.com/tx/0xcb30280f3bc9c4a7ab453cd552c1c092c9dc24ec5e96a7516e645672ac7171b4
2023-04-02 12:58:01,False,2.733e-10,8.665e-13,8460169254.0,0.0733,0x37...578c,https://bscscan.com/tx/0xf0c201f77a11f5c183a812f7755106dc10ccfd45b7956f4217f064bd94627b34
2023-04-02 12:55:22,True,2.733e-10,8.708e-13,229656590.0,0.002,0x49...c7af,https://bscscan.com/tx/0x59383b6860c34382092f524a906c23c48ef66d6397d0efd39a6ecb024ab56ce2
2023-04-02 12:54:19,True,2.746e-10,8.708e-13,975135628.0,0.0084,0x95...cd34,https://bscscan.com/tx/0x773347202cea8c587cdbdfedbc16c6b4fdc8ec1d314339a06b2996acdf53cd0f
2023-04-02 12:53:25,True,2.746e-10,8.708e-13,2296568539.0,0.02,0x3c...8856,https://bscscan.com/tx/0xc5a53946ce252a50c9b063307bfdabef1dda54c0c6cb6287a0cd36c5aa9c8629
2023-04-02 12:51:37,True,2.745e-10,8.708e-13,36415859199.0,0.3171,0xc0...c71a,https://bscscan.com/tx/0xfac84b2da69cf66a573f4cc05a19dbe4ae392a63b9166974647a8728a58d8592
2023-04-02 12:50:37,True,2.745e-10,8.708e-13,90217171809.0,0.7856,0x7a...63cc,https://bscscan.com/tx/0xcfb7249595f3dc717482e0edfb4f432e3fab2e64baef1a08280df9f663c5b12b
2023-04-02 12:49:07,False,2.731e-10,8.664e-13,52753741097.0,0.4571,0x85...34b9,https://bscscan.com/tx/0x70e3ec804988ec2fcc38afb50b38e0d830d9d7ffb39162494ce33afe71b2f431
2023-04-02 12:48:55,True,2.731e-10,8.708e-13,6201408729.0,0.054,0x15...4042,https://bscscan.com/tx/0x13df0aba61aeea02ff23d636094288da074c59aacbb8ac6d1d3ea20f9d7fcfa8
2023-04-02 12:48:46,True,2.731e-10,8.708e-13,195216477.0,0.0017,0x27...0a51,https://bscscan.com/tx/0xba06046506a4ed12f878314539d6ecd97dae887f562212c3a7878099e9e0ae51
2023-04-02 12:45:10,False,2.732e-10,8.664e-13,22550957044.0,0.1954,0xc5...9fbb,https://bscscan.com/tx/0x7bcbd88a4ddad17192aa0cb897de5da5e96056d0561bf9879441b04c3b9b8ba2
2023-04-02 12:44:49,False,2.733e-10,8.664e-13,2549539649.0,0.022,0xcd...f16e,https://bscscan.com/tx/0x79566feb99f0204f829cbb452d1546bda25c3e0b92195c7c04036c8d97acc496
2023-04-02 12:42:04,True,2.747e-10,8.708e-13,9375658603.0,0.0816,0x15...f013,https://bscscan.com/tx/0x80c00d8ab85e4d3752633bd5a9a2b654e21fbea06593ec734a71b3194f3e5588
2023-04-02 12:41:46,True,2.733e-10,8.708e-13,36200000000.0,0.3152,0xc8...710a,https://bscscan.com/tx/0xae6e5e9b9dcbd15d189110dcfcb7b03cc530bd9aa6cd5453a70769ecc5cf54de
2023-04-02 12:41:31,True,2.747e-10,8.708e-13,11686656664.0,0.1017,0x35...6a65,https://bscscan.com/tx/0xdf21446539f50740aff1334c43cb9f22947db0615a74473030ee5ab0106f4c09
2023-04-02 12:38:25,False,2.721e-10,8.664e-13,3677233820.0,0.0318,0x82...b8f4,https://bscscan.com/tx/0xea0de15e95797aae311a0bb0e38c1245d52f628e9894ee70966b13f7a08d08db
2023-04-02 12:37:52,True,2.735e-10,8.708e-13,12568987452.0,0.1094,0xcb...66c8,https://bscscan.com/tx/0xc3aea636b0d8a93826070c50c1fba979fffba511584cd8347a12c08808c0fe0d
2023-04-02 12:37:10,True,2.735e-10,8.707e-13,69000000000.0,0.6008,0x93...412d,https://bscscan.com/tx/0x97a3674399e81dd1180a727829c69e6ac4e4af6cf7e81c1688ebcea0d505cf31
2023-04-02 12:36:55,False,2.735e-10,8.664e-13,46995110318.0,0.4071,0x33...4cdd,https://bscscan.com/tx/0x5c6f000142a35bc3033315e5d6aa69add5eaf0e643c8de320fa2eec18ec5cc15
2023-04-02 12:36:01,True,2.735e-10,8.707e-13,4371802467.0,0.038,0xdd...b03f,https://bscscan.com/tx/0x0b3d0c7587d9960ec7a0ec82aea6b025a0d72ec44da0dab4ee9e99b07ece9027
2023-04-02 12:35:48,True,2.735e-10,8.707e-13,17598043283.0,0.1532,0xc4...db82,https://bscscan.com/tx/0x18f5b8a5cd9417db68ec739ef79d7f7c148215979eebf5d9dd1d3dad3f11a386
2023-04-02 12:34:59,True,2.735e-10,8.707e-13,25437257375.0,0.2215,0x0e...9c63,https://bscscan.com/tx/0x8afe1d96a54233658b601b96fee722e1ec00be9c278d04fe0907eb146ed38d83
2023-04-02 12:34:01,False,2.721e-10,8.664e-13,5507316109.0,0.0477,0xc0...4c21,https://bscscan.com/tx/0x466f2f91e45a556374966c58a55445a406bcd86cf93e10ae8cc520386570deb1
2023-04-02 12:32:08,True,2.748e-10,8.707e-13,187126736613.0,1.62939,0x6b...f863,https://bscscan.com/tx/0x18ff50beaea90a421f46fbf3512321963412377939bd89b198b99cbddc10d837
2023-04-02 12:29:50,False,2.735e-10,8.663e-13,45000000000.0,0.3898,0x52...a092,https://bscscan.com/tx/0x8f9ace27d45ec752010fbc227c90cbc22effcc3e5e7c164f8157abbca7b65460
2023-04-02 12:29:44,True,2.749e-10,8.707e-13,1089548899.0,0.0094,0x35...2e01,https://bscscan.com/tx/0x8bcc4957c0393fef8183456fc94c5c91ace45ab2bab9cc467aa7fc716d64b3a6
2023-04-02 12:29:41,False,2.735e-10,8.663e-13,29734724210.0,0.2576,0x9d...0cc1,https://bscscan.com/tx/0xb39063b9e420ade038ca53aa1fc725670969d6f39956541939adb6228f6ba507
2023-04-02 12:27:48,False,2.722e-10,8.663e-13,3693312167.0,0.032,0xb2...9afd,https://bscscan.com/tx/0x8f56fd335c959b9a3f5524e2da18c9c1b60b05449d39653f75da559b598e77eb
2023-04-02 12:27:10,True,2.749e-10,8.707e-13,8138897892.0,0.0708,0xb0...8608,https://bscscan.com/tx/0x77149555572e1411cb329499ea1903ef8c7e9d38403e489604fd7cbc076d0aff
2023-04-02 12:25:55,True,2.749e-10,8.707e-13,14470696532.0,0.126,0x98...2887,https://bscscan.com/tx/0xa7ddb86eb558462365ef706b18005fcb144792b85f6138006bbcba36a17f10c0
2023-04-02 12:25:49,False,2.735e-10,8.663e-13,65395283091.0,0.5665,0x93...4b59,https://bscscan.com/tx/0x655ce1496e9ea31d4b112575795af7d7041a5bbf345e64b88240a5bdb8204e72
2023-04-02 12:24:43,False,2.736e-10,8.664e-13,45000000000.0,0.3898,0xcf...ff81,https://bscscan.com/tx/0x8a059a9f46c25e42d6bc7ffab7dbb93495b5fb9a9a1e450bab8ed4f6e699a5a8
2023-04-02 12:24:19,False,2.736e-10,8.664e-13,2520000000.0,0.0218,0x6e...bbaa,https://bscscan.com/tx/0xe8186c5d935d9028f69a83f2c434ec1d80a8d578827391bdbe58a2ed9925275a
2023-04-02 12:23:40,False,2.736e-10,8.664e-13,416617606.0,0.0036,0x7f...4717,https://bscscan.com/tx/0x72a3651d8ac90dfd20adeeda175edd47429b982c2a5fed94d7914d7f91b3979b
2023-04-02 12:21:40,True,2.75e-10,8.707e-13,6350693785.0,0.0553,0xc5...8a7e,https://bscscan.com/tx/0x18657269ba5cfb778f09ad32877a33fa86c5a6bfd364a33be9720f3a60d0ce8b
2023-04-02 12:20:34,True,2.75e-10,8.707e-13,1158041089.0,0.01,0x30...519b,https://bscscan.com/tx/0xc024505989948e5f790b749fa3afb8af4480ee9c521ad517c03c7d5606979a4f
2023-04-02 12:19:58,True,2.734e-10,8.707e-13,63749577171.0,0.5551,0xd7...7f19,https://bscscan.com/tx/0x94b758c1bf6a2d90ab5bd5cf0b90144e4caaedf36449e7dbb36a290684a14870
2023-04-02 12:19:37,True,2.75e-10,8.707e-13,17226790629.0,0.15,0xa7...2bfa,https://bscscan.com/tx/0xa6eb308b41f21b081260715be012b112e24300c04dfd544a75d76413f8de23a0
2023-04-02 12:19:34,True,2.749e-10,8.707e-13,1148400000.0,0.01,0x05...6444,https://bscscan.com/tx/0x28ed50c4d60f38987f19ffb73b05020f2ab6d7c746652a0cb443bd0b190c1502
2023-04-02 12:18:52,True,2.75e-10,8.707e-13,27563197723.0,0.24,0xd5...3a53,https://bscscan.com/tx/0x3611e48dbe83155b4afd5edd898fba33ded3a7a939ab3fb2ea063edc113bda45
2023-04-02 12:17:31,True,2.749e-10,8.707e-13,2200000000.0,0.0191,0x5f...67e5,https://bscscan.com/tx/0xf5905a524f3116597f20f58460b5ab41245233a456d9f0b3aedfc0c58bee5bca
2023-04-02 12:12:49,True,2.735e-10,8.707e-13,16376100000.0,0.1425,0x05...6444,https://bscscan.com/tx/0x1bb8ab7f24e9eadb8bd983b69fdc347ea97c23953b2c0e7e48ae8899e341e60b
2023-04-02 12:12:40,True,2.735e-10,8.707e-13,50054088769.0,0.4358,0xc7...7466,https://bscscan.com/tx/0xdd6deb4b7cad153b2a751c9aaf773482017becd0fd0e9077e8e00c02543e63e4
2023-04-02 12:11:58,True,2.749e-10,8.706e-13,288958815.0,0.0025,0x07...7bb0,https://bscscan.com/tx/0x3ad6623dde50d9498746d8f4d0c7a8d6eb2e1116779cbeb95d55a32702aefa59
2023-04-02 12:11:22,True,2.749e-10,8.706e-13,1171313124.0,0.0102,0x9d...e20f,https://bscscan.com/tx/0xc738b9e64f2fcffbd52966c488d6490b0a163902b19d3c75e139682f355021c0
2023-04-02 12:10:13,False,2.735e-10,8.663e-13,181877606971.0,1.57575,0xc7...7466,https://bscscan.com/tx/0xf7492d9f3053bff24e31e400b6bead8c938d83f55770220475190ff7942fa219
2023-04-02 12:10:01,True,2.749e-10,8.707e-13,2994928153.0,0.026,0x4f...2ab8,https://bscscan.com/tx/0x5d80490004c9c93fe43c335bc91ad52b63f77347bf5e01289ecba91fff355477
2023-04-02 12:05:10,True,2.737e-10,8.707e-13,18319536790.0,0.1595,0x7a...63cc,https://bscscan.com/tx/0x36580792791bb82efdc5a0f2f0c85ecdd9622cf1ede066496d0529f789a1ce42
2023-04-02 12:04:55,True,2.737e-10,8.707e-13,1500000000.0,0.013,0x86...86ee,https://bscscan.com/tx/0x6171947739fe91871b7a406857d4be3ca59cce7e1665b62777e022f16498d9a6
2023-04-02 12:02:20,False,2.737e-10,8.664e-13,20114876536.0,0.1742,0x35...c02e,https://bscscan.com/tx/0x622eb89ba21158e59157c92f1e0e26235d29f6195da76fbd2a0f2fb0fbf82b61
2023-04-02 12:01:33,True,2.751e-10,8.707e-13,4158200000.0,0.0362,0x92...7085,https://bscscan.com/tx/0xd801e4a74778a581d3e38d61ec9c92b07ab7eedfb7c5f44f6ad62999a3ef4d3d
2023-04-02 11:59:49,False,2.738e-10,8.664e-13,16619940000.0,0.144,0xca...b3a9,https://bscscan.com/tx/0x1e9cba8e2e6f3df34a9046f434a5eecc36733c5316c4ae5325cc77d6d7ce6a01
2023-04-02 11:59:37,False,2.738e-10,8.664e-13,11382942868.0,0.0986,0x02...5566,https://bscscan.com/tx/0x9cd9f17c46a2bda0f662de856c7c5a74c1bc361a0ccc0f776837814e4ac77b68
2023-04-02 11:58:10,True,2.751e-10,8.707e-13,800000000.0,0.0069,0x82...6365,https://bscscan.com/tx/0x643c5ace817476761aa1361b9d097c577dd21c14a49b2f8d85914265cd506202
2023-04-02 11:58:01,True,2.751e-10,8.707e-13,2181955961.0,0.019,0xff...ab20,https://bscscan.com/tx/0x7192798ffb620ba30298c75d8ac17a0513de3276e3c15e7a60416e65845380e3
2023-04-02 11:54:37,True,2.737e-10,8.707e-13,6385422794.0,0.0556,0x85...0aa9,https://bscscan.com/tx/0xcda6c2bdcc14b12fe925476a59c726c0d59a89cb5f8997b4ea30a2234dace971
2023-04-02 11:54:04,True,2.737e-10,8.707e-13,100000000.0,8.707e-05,0x66...2b2f,https://bscscan.com/tx/0xd25f3f82fbf7de446e44711091afd79af8eda066319aac022df824bc7470718c
2023-04-02 11:52:46,False,2.724e-10,8.664e-13,2034047310.0,0.0176,0x3d...5af8,https://bscscan.com/tx/0x0e442cb9f3e8191e40b08ea5c4f117ca56ab3996f9e6ca53202854c44c6f4a46
2023-04-02 11:51:55,True,2.751e-10,8.707e-13,6890419016.0,0.06,0x30...437f,https://bscscan.com/tx/0x39857913ad5bb0e1665bf047afaa8ac6d48864526e6018e2e21b9e09e5cb8043
2023-04-02 11:51:43,True,2.751e-10,8.707e-13,5149752060.0,0.0448,0x2b...6dee,https://bscscan.com/tx/0x1b1ea048b6c6850cf0ec9999b8afc9b6efa557a01a75bec21022c51b05c99087
2023-04-02 11:51:31,False,2.737e-10,8.664e-13,6410643755.0,0.0555,0x5d...95b4,https://bscscan.com/tx/0x73ae78445cf074de577c5d9005d912be38347698808989c73fe599c2451a3d37
2023-04-02 11:48:58,True,2.751e-10,8.707e-13,39981031249.0,0.3481,0x1b...0362,https://bscscan.com/tx/0x9afef0ea57e6ec5927d6b7a55b802e077a526b71ad4677cd68f83023d9265448
2023-04-02 11:48:34,True,2.751e-10,8.707e-13,22169161756.0,0.193,0x6f...34a7,https://bscscan.com/tx/0xe81e886d6a29ff3daf76f55cdb23986250f810eedb9aff66a4804ea0bebab6b3
2023-04-02 11:47:58,True,2.737e-10,8.707e-13,516798540.0,0.0045,0xb1...a411,https://bscscan.com/tx/0x56e754a0c13e04deacbfd7c9ca9aad56a34e343e1931afc933ac70c1d8d1346b
2023-04-02 11:47:52,False,2.723e-10,8.664e-13,70557761145.0,0.6113,0x63...3367,https://bscscan.com/tx/0x9708b85e4c466fe57872db705f29ae5657e3b36afe563b98e2a24c3cc2fedb7c
2023-04-02 11:46:52,False,2.737e-10,8.664e-13,80743064777.0,0.6996,0x09...13c0,https://bscscan.com/tx/0xcc0690264ed67901b02becaae0f305e4f99748e477e5cf475e58131f2e77e97b
2023-04-02 11:46:16,True,2.751e-10,8.708e-13,14053014521.0,0.1223,0x02...5566,https://bscscan.com/tx/0x84c450f582df329e6934ade1fd75916f86e90f09d19e38508f95367e347dcce8
2023-04-02 11:46:13,True,2.751e-10,8.708e-13,26412477015.0,0.23,0x6c...abac,https://bscscan.com/tx/0xd0323163c40ba95bc3fa8fdb7a505c659f2a28146ddb8b55c2c64e80dc94b7c6
2023-04-02 11:45:58,True,2.737e-10,8.707e-13,12995489022.0,0.1131,0xfb...5336,https://bscscan.com/tx/0x7b3c7ba1204d34f59f7542daf668b7c819241b5ecc3332f448c147fa2893b29c
2023-04-02 11:45:43,True,2.751e-10,8.707e-13,2204898489.0,0.0192,0x4d...4ce7,https://bscscan.com/tx/0x5b55bc5962386b5996dec18e6173673c31d4d058d94ca62874b9f5179e81413e
2023-04-02 11:45:22,True,2.751e-10,8.707e-13,8411940319.0,0.0732,0x56...88d3,https://bscscan.com/tx/0x1b958832fe7cd9041aa1eb130ad619b4a9db24a20a0a6c62de02c9e537c2bf58
2023-04-02 11:44:40,True,2.737e-10,8.707e-13,36697212785.0,0.3195,0xd7...1b0c,https://bscscan.com/tx/0x551962faf25eb64e761c4fe326e95f3a2b61debe1a7a836da9f11d415b2df81e
2023-04-02 11:43:49,False,2.723e-10,8.664e-13,2338774030.0,0.0202,0x67...c054,https://bscscan.com/tx/0xac03ea760bade7a1c3d139454a9c7a50f61027455f4250c0022db45f8950dfc9
2023-04-02 11:38:15,True,2.751e-10,8.707e-13,459364000.0,0.004,0x80...c5c3,https://bscscan.com/tx/0x40af2cd7ac13567b7654c2da74f6230cae5e925daf24dd96065d04b4c1958663
2023-04-02 11:33:31,False,2.737e-10,8.664e-13,10491310599.0,0.0909,0x38...6fac,https://bscscan.com/tx/0xb9474aa9a864563c81362bbc921ad05b5dec3800e2bd277efcb3f42af5197084
2023-04-02 11:32:40,True,2.737e-10,8.707e-13,2006430000.0,0.0174,0x14...b31c,https://bscscan.com/tx/0x1d85707fbdc50fb7661c2b94459627413b0c75e190d5c8e40326751f3079c55b
2023-04-02 11:32:04,False,2.723e-10,8.664e-13,112242896211.0,0.9725,0x80...8712,https://bscscan.com/tx/0x8a4cccd862fc6d7d48104b39b324b36849b12238276bf89151f740f6654f7c44
2023-04-02 11:31:37,False,2.739e-10,8.664e-13,14869916996.0,0.1288,0xdb...aa29,https://bscscan.com/tx/0x503115fe9413b9818c08a9a1628adf4d388818d30de7f17ae544a62da36d9d45
2023-04-02 11:30:58,True,2.751e-10,8.708e-13,8000000000.0,0.0696,0x9c...e772,https://bscscan.com/tx/0x18389e08e98db8d1249858a49642a7f3165e1403b5615ba875c92d1e7df62d0f
2023-04-02 11:30:49,True,2.751e-10,8.708e-13,17136295419.0,0.1492,0x15...4042,https://bscscan.com/tx/0x13b27d6d7ed85d8d77142a6fd230bd6e7756770efe038979f63afe98d5389a22
2023-04-02 11:30:37,False,2.723e-10,8.664e-13,12177809744.0,0.1055,0xf8...b236,https://bscscan.com/tx/0x76a350abf56354074909d5999e41da22e8541c06f8af3b2e26f91395e494a01a
2023-04-02 11:28:10,True,2.751e-10,8.708e-13,11713090532.0,0.102,0xb1...a411,https://bscscan.com/tx/0x409fe3c474b2af3633a0a6a3c4b85437cffcd55214a6f768e8f350cf282f5758
2023-04-02 11:27:29,True,2.751e-10,8.708e-13,34910020572.0,0.304,0xec...0ae5,https://bscscan.com/tx/0x4c255b05555d3ea785cfc1cb1bd0fd2174a04a17229066568a94fb7a0e1fb97d
2023-04-02 11:24:00,True,2.735e-10,8.707e-13,17225569173.0,0.15,0x51...9b10,https://bscscan.com/tx/0x4ece2233715c3f75595e93bc1cba65cdf17c6a17834923bd6888fc0cfcf5326e
2023-04-02 11:22:06,True,2.748e-10,8.707e-13,1300000000.0,0.0113,0x86...86ee,https://bscscan.com/tx/0x5575d3da3b3ee24ccb5dac97f7c576954009b983df19981083aa493361009032
2023-04-02 11:20:48,True,2.748e-10,8.707e-13,4595312134.0,0.04,0x79...c567,https://bscscan.com/tx/0xbba10af284c8265f512977453311b4510457a13788938742ff0d79e51ff79373
2023-04-02 11:20:33,True,2.748e-10,8.707e-13,21833596617.0,0.1901,0x42...add9,https://bscscan.com/tx/0xc2893f399281dc0f44e71752400b2700a511c31957df0b143c6fe037e8c00a64
2023-04-02 11:19:00,True,2.734e-10,8.707e-13,221950124.0,0.0019,0x0f...56e9,https://bscscan.com/tx/0x9d854a3ad5f1d60f21f892f3fdceb66e8ba4028187e0b83e69223bf8b8c47861
2023-04-02 11:18:30,True,2.734e-10,8.707e-13,221950149.0,0.0019,0x0f...56e9,https://bscscan.com/tx/0x7cd36007669853c19c820b37d59e6250649520b626dd51126063ffbe73c2d846
2023-04-02 11:17:57,True,2.748e-10,8.707e-13,2411626637.0,0.021,0xa3...7a31,https://bscscan.com/tx/0x3f4883fa5c04490578a0e2f4f430f1b6a21ea4c950bde45b915ea58caba63cf2
2023-04-02 11:17:27,True,2.748e-10,8.707e-13,114839438.0,0.001,0xfb...df1c,https://bscscan.com/tx/0x6adebaf07999723f6300851eed3b69b6e94d4d10112ac6d722bded1cdcdc3369
2023-04-02 11:17:24,False,2.734e-10,8.664e-13,20584551934.0,0.1783,0x85...34b9,https://bscscan.com/tx/0x08225a6fb97b7e8f3c4d273260efa0d2e216c60e88ff04496fc3204d2971282f
2023-04-02 11:16:45,True,2.748e-10,8.707e-13,8393730001.0,0.073,0xfa...6f32,https://bscscan.com/tx/0x7e49cb1f471ed9e59f79469d783709260252f76e6bc67d012a0b8b715664b66c
2023-04-02 11:16:24,True,2.749e-10,8.707e-13,100000000.0,8.707e-05,0x66...2b2f,https://bscscan.com/tx/0x02e6895ebb6fdb71fd5083ca2343ebb2cc3950cb4f7fc11e24cf66b8d0669160
2023-04-02 11:14:18,True,2.748e-10,8.707e-13,2500000000.0,0.0217,0xec...7917,https://bscscan.com/tx/0x7fe7cb10fee2a937bae6b0b56409b7358ff15fbe2dfa0bab4da8fc4665cb0548
2023-04-02 11:14:15,False,2.734e-10,8.664e-13,1718484921.0,0.0148,0x32...756a,https://bscscan.com/tx/0x97206bce27133c34eae7c6cc766f6f95efe51af2acc8bf4f9313fb2ee763e129
2023-04-02 11:13:27,True,2.748e-10,8.707e-13,6000000000.0,0.0522,0xe7...44b0,https://bscscan.com/tx/0x5686e0ad02c9e08747bfe857534c4e7f11892367a944c93d9dc9b32ccf628f42
2023-04-02 11:12:54,True,2.748e-10,8.707e-13,1993677345.0,0.0173,0x3f...f70f,https://bscscan.com/tx/0xafcb08343966e267c4785da6a540826ad87f84eec744d5ab16fe8d1ad10a96f0
2023-04-02 11:11:03,True,2.736e-10,8.707e-13,3676300000.0,0.032,0xaa...09bf,https://bscscan.com/tx/0x77ad46578c11beb4f990d5b427b8128c351fc259457785849ede0300c49b124e
2023-04-02 11:10:03,False,2.722e-10,8.664e-13,5382141578.0,0.0466,0xb0...7ac7,https://bscscan.com/tx/0xb8039ea6b42375db42a57f05944b382c2bb11c747eaf03fc72111ced7d1944ee
2023-04-02 11:09:00,True,2.749e-10,8.707e-13,21589879775.0,0.188,0x4e...9d48,https://bscscan.com/tx/0xcd467e65dd85569bdbc252f7428595520efb1d5d0d8e2a90a505a2d7fab2ffd9
2023-04-02 11:07:42,True,2.749e-10,8.707e-13,13780899218.0,0.12,0x54...f02e,https://bscscan.com/tx/0x438b58d4208e2165e2d2e506c178430d09b0fe76448600fea13c7016ecb6a2fc
2023-04-02 11:02:33,True,2.737e-10,8.707e-13,5742070057.0,0.05,0xb1...a411,https://bscscan.com/tx/0xf816ec31f47e6232231f5fec65abb9e0f623ed605fbbba2672167807d240bdaf
2023-04-02 11:02:00,True,2.737e-10,8.707e-13,2575118341.0,0.0224,0x18...e1aa,https://bscscan.com/tx/0x1f2644d5e12414d5720de727714767c674d881e4eb1fcd5bc2af002e26886691
2023-04-02 10:59:26,True,2.75e-10,8.707e-13,7694410535.0,0.067,0xec...6d61,https://bscscan.com/tx/0x3d2a18b1bacf2d9be23500e467bdc1c9190317c8f78cad817dc9b7493294851d
2023-04-02 10:59:26,True,2.75e-10,8.707e-13,1889665970.0,0.0164,0xf1...678e,https://bscscan.com/tx/0xfc2385af25d176cf55d6bd1b3ac26ecd8132a6b8e006602e33ceeb007b6c0026
2023-04-02 10:58:13,True,2.75e-10,8.707e-13,5742122747.0,0.05,0xb1...a411,https://bscscan.com/tx/0x30605d2802937c061cf593e40b3f60b250f6d6a749f872bd95f49cfb836ff778
2023-04-02 10:57:17,True,2.75e-10,8.707e-13,29000000000.0,0.2525,0xdf...754e,https://bscscan.com/tx/0xb658282a463c5fac288bb792638ab555441930461ce760bd7ea29bfa5b6a124f
2023-04-02 10:56:13,False,2.736e-10,8.664e-13,35688001382.0,0.3092,0x41...a9ac,https://bscscan.com/tx/0xe899e5b1134b803c582683935406a199c46e7e3dfe6148be13b1a8e58a74f489
2023-04-02 10:55:28,True,2.736e-10,8.707e-13,11484257372.0,0.1,0xb1...a411,https://bscscan.com/tx/0x30744894ef2a5b7dfab221ee8c8b9518847f6745ea2213e81fcc26b30e296c9d
2023-04-02 10:55:25,True,2.736e-10,8.707e-13,22968717642.0,0.2,0x92...0552,https://bscscan.com/tx/0x048699a31743a8b703f887a1c0cf0b5bdda85eb27969fa89213ca44f5a06c65b
2023-04-02 10:53:13,False,2.721e-10,8.664e-13,17819820001.0,0.1543,0x69...7db3,https://bscscan.com/tx/0xfac75d3a20b48e9451851db0020ce142359ad2c2964c1f8eb78e456479504196
2023-04-02 10:52:49,True,2.749e-10,8.707e-13,38806680468.0,0.3379,0x82...8232,https://bscscan.com/tx/0x9c762330e11d63c9bad13c7dac5f195beae8359ea4c0b4fdf2e92a226fa6a1ed
2023-04-02 10:51:44,True,2.749e-10,8.707e-13,3445368090.0,0.03,0xb1...a411,https://bscscan.com/tx/0x4b5af18f710fddd20c5dbe2c994fa620d5ff73f1f17798d65af62f0a4e85ec9b
2023-04-02 10:51:34,True,2.749e-10,8.707e-13,5994515126.0,0.0522,0xb7...73f4,https://bscscan.com/tx/0x590960c25fb8d7b36c540eea8dd8ae301f807588a27fccc91fad97d9567317fb
2023-04-02 10:51:13,False,2.735e-10,8.663e-13,36455364756.0,0.3158,0x69...1822,https://bscscan.com/tx/0x14519f9f3feab64176db5d368c3b91dfef5428303366c655f163357419624d3b
2023-04-02 10:51:06,False,2.735e-10,8.663e-13,1225751543.0,0.0106,0x98...4466,https://bscscan.com/tx/0x7582009afa25ad655f0c207e7fb8fa96b5f980f7f05b8df9fb63719e07ad4249
2023-04-02 10:50:48,True,2.735e-10,8.707e-13,54553857834.0,0.475,0x8f...2fbc,https://bscscan.com/tx/0x7d84c6fdffc2c8aad52ada6b4896779fce746eb3edf375ca0fd0ab921769e62b
2023-04-02 10:49:55,True,2.735e-10,8.707e-13,3445414726.0,0.03,0xb1...a411,https://bscscan.com/tx/0xc192776f09df2ba77c0f9e213979f4f5e4f8f530313078f13dd16b9a8e5774ce
2023-04-02 10:49:30,True,2.749e-10,8.707e-13,29097693598.0,0.2533,0x37...ab89,https://bscscan.com/tx/0x0a093817b624edbe2f2b81c41f9319254ccf0acb88efb9b684a7f950b939e795
2023-04-02 10:49:08,False,2.735e-10,8.663e-13,1670030332.0,0.0144,0xa5...d55d,https://bscscan.com/tx/0xea242c711877b25fafea8ebcf29f17084451f4f1b48089e47e84bdd752e57202
2023-04-02 10:43:53,True,2.736e-10,8.707e-13,2871223957.0,0.025,0xb1...a411,https://bscscan.com/tx/0x96ab7a16ce624a26816a37861ce5c1c0b720090a0ea43b28a0b7131c081523f8
2023-04-02 10:40:41,False,2.738e-10,8.663e-13,1620373516.0,0.014,0x3c...0a29,https://bscscan.com/tx/0x6cd328c56b34b27ab9b6df239ed13d33a4c7aca82a9df2570accff561415c634
2023-04-02 10:40:35,True,2.752e-10,8.707e-13,22855782077.0,0.199,0x7a...f657,https://bscscan.com/tx/0xbb2549a5a881418d272acbe45c2ca0eb07497a9d126fa23a4cbd28fb86373812
2023-04-02 10:39:50,True,2.752e-10,8.706e-13,21580396412.0,0.1879,0xa5...d55d,https://bscscan.com/tx/0x01fc6c2ec4b6a1e9b002fa70047903090568d962a7891be4bb9b1be6b168e2d6
2023-04-02 10:39:02,True,2.738e-10,8.706e-13,18500884156.0,0.161,0x9d...2859,https://bscscan.com/tx/0xecb3e699e6cafd5010c68f12c1ca6729b590c6876e8ab30f6182ca401af5cc24
2023-04-02 10:37:32,False,2.738e-10,8.663e-13,18900000000.0,0.1637,0x43...395d,https://bscscan.com/tx/0x56cae864480cfaf3e86ec0593ef8874eb1bdac6dd5ba9164ffebca8d57b2645e
2023-04-02 10:37:08,False,2.74e-10,8.663e-13,13284827749.0,0.115,0x5f...b68f,https://bscscan.com/tx/0x9a114a69a0a318ec7341dbbc6a3494f602598f7b55f9ff4de535376269942395
2023-04-02 10:36:59,False,2.74e-10,8.663e-13,22422750243.0,0.1942,0x99...023e,https://bscscan.com/tx/0x05b479addc1165c64ec0191700d6239c1124014ece9831b71b034bb8c21817ab
2023-04-02 10:36:59,False,2.74e-10,8.663e-13,2008216473.0,0.0174,0xdd...394f,https://bscscan.com/tx/0x39247bd40f3a7c000fd31ac6ae4cf210c6f677d3798738a57af4bb9cdf77e66d
2023-04-02 10:35:09,False,2.726e-10,8.663e-13,18000000000.0,0.1559,0xc1...7aaa,https://bscscan.com/tx/0x8288865e62d45d17e849f2e1236e820d7b1edb48c6fd3a21b75c7d24749de0ef
2023-04-02 10:32:38,True,2.753e-10,8.706e-13,109721868894.0,0.9553,0xb7...bfbc,https://bscscan.com/tx/0x8e5656dbc3c1507236f658d4c984b2878b849e205470c54b0721620796de194a
2023-04-02 10:31:30,True,2.744e-10,8.684e-13,0.0082,7.153e-15,0xf6...0179,https://bscscan.com/tx/0xd8766fc31341579348aedc32dbe9fd2f5bb7f1805c23c328262de3a1610b800f
2023-04-02 10:31:07,False,2.737e-10,8.663e-13,7200000000.0,0.0623,0xfa...0846,https://bscscan.com/tx/0x65a8007927c76a509d0a06ff6c4bab8064b13e0c97bf1291069e5d9681fe2719
2023-04-02 10:30:13,False,2.737e-10,8.663e-13,16672505151.0,0.1444,0x78...06aa,https://bscscan.com/tx/0x4cf0eb8da5919eddb11e264d83a04189f3a7cd3a1c0b47f82270568a18eeeab6
2023-04-02 10:29:46,False,2.737e-10,8.663e-13,20516490000.0,0.1777,0xaa...a00e,https://bscscan.com/tx/0x55c2c3bd0b75773ca3c8b996445080bf1494e7377507bd36bb2280b9a8635f44
2023-04-02 10:26:39,True,2.736e-10,8.706e-13,188179732940.0,1.63837,0xd1...7f67,https://bscscan.com/tx/0x49c61bbc3acf44485e6bb36e5def552f6695d20523dbb2bf4bc32f4b54aba71d
2023-04-02 10:26:30,False,2.736e-10,8.662e-13,38329306380.0,0.332,0xd3...5f89,https://bscscan.com/tx/0x91a24c11cb1eaf9d38c9f7454d777b325e690913dd8bcf4aa3f1011de0fdfede
2023-04-02 10:26:18,False,2.736e-10,8.662e-13,4675288266.0,0.0405,0x13...c8a7,https://bscscan.com/tx/0xf853e84195052a711accf8278105088e04e4ebaa4cc9d9995ec7ddd8612d265e
2023-04-02 10:25:21,False,2.736e-10,8.662e-13,99583003120.0,0.8626,0xb1...9ff6,https://bscscan.com/tx/0x7848112be6e00eaa6057dbd53815f8be5ace947c54f6f5f52663a4a74216892b
2023-04-02 10:24:36,True,2.736e-10,8.706e-13,500000000.0,0.0043,0x98...bef1,https://bscscan.com/tx/0xc3059db4f43ea5622fd5c53b277a6c8aab83933148c6061558b2945d19d5273c
2023-04-02 10:23:45,True,2.75e-10,8.706e-13,36497047164.0,0.3177,0xd8...34af,https://bscscan.com/tx/0x3c93126c505f218baa0fa16f5f81b7844b2825872725c4c39bf2e0da436c3ab6
2023-04-02 10:23:30,True,2.736e-10,8.706e-13,401999565.0,0.0035,0x1a...c8e8,https://bscscan.com/tx/0x22776da3f4696a60769092f17a14040c47055de4b4e394de281c75ee19496209
2023-04-02 10:23:30,False,2.722e-10,8.663e-13,1800000000.0,0.0155,0xa0...ff1b,https://bscscan.com/tx/0x26028a1cf9469e8101b6cfc1b9201c77ee7a9d8c0f8b29e45f6106eceaa3cdc3
2023-04-02 10:23:00,False,2.736e-10,8.663e-13,10047574990.0,0.087,0x3f...1d26,https://bscscan.com/tx/0xdd29b0210f0b1f21ce63a6054fa29e602467bd0a8c03a8220a8b8cace26b1a16
2023-04-02 10:21:48,True,2.753e-10,8.706e-13,7925103198.0,0.069,0x78...51ec,https://bscscan.com/tx/0x3679a159145964edabaff20351136115504ebfaaf31c1bf6fe5aa9053d70e6ee
2023-04-02 10:21:45,False,2.74e-10,8.663e-13,921856269.0,0.0079,0xf4...57de,https://bscscan.com/tx/0x342105bfecabf29e2a63b615e691c5bdb6df50ff715692dcb8f9a8e0951a546c
2023-04-02 10:20:54,True,2.753e-10,8.706e-13,4773073581.0,0.0415,0xa8...4cf3,https://bscscan.com/tx/0x349ba773aeea7c3d189aef81a295bffe059900613533e773bb91ed554981c002
2023-04-02 10:20:24,True,2.754e-10,8.706e-13,1378284823.0,0.012,0x1a...c8e8,https://bscscan.com/tx/0xbbf055abf31fbbd1f68eb54c2dda7e4c79bdf1b3b8e05266b5b86e051d33aba7
2023-04-02 10:20:09,True,2.755e-10,8.706e-13,84447809319.0,0.7352,0xc0...2d27,https://bscscan.com/tx/0x53d2d5ea07f0849500836c116e98e7085b6745fc481c653cbc8e7321d921e851
2023-04-02 10:19:51,True,2.754e-10,8.705e-13,69979364182.0,0.6092,0xdc...d9d7,https://bscscan.com/tx/0x40b31a9749ae67003cbf0507c1619f29496d7984f726ec52279e788c8a708de7
2023-04-02 10:15:57,True,2.741e-10,8.71e-13,989528750.0,0.0086,0x27...6ea2,https://bscscan.com/tx/0xb9490c8854ea7fe07045921f37fc2db4056875801e1323f82ef5a52f37d3f6c0
2023-04-02 10:14:03,True,2.739e-10,8.705e-13,975100000.0,0.0084,0x1e...c5d7,https://bscscan.com/tx/0x25734782ef9a09f0aaa28b1babed9e8fa155611e331fd24311445bc91dc376b9
2023-04-02 10:13:09,True,2.753e-10,8.705e-13,50000000.0,4.352e-05,0xfb...21f4,https://bscscan.com/tx/0x625a04cf0119d04a3b68b1f62ca02dc48df0442b70a109917ec920c4bf577ffb
2023-04-02 10:12:24,True,2.753e-10,8.705e-13,459465330.0,0.004,0xd3...1dd0,https://bscscan.com/tx/0x7426c8e5c9d9eda95c9cd4d1f4729f82294da68d9e963cde4537f9563f6933ae
2023-04-02 10:11:18,False,2.726e-10,8.662e-13,39149054749.0,0.3391,0x8a...be70,https://bscscan.com/tx/0x14f293140cf9b69a92baa03f81ca88a82f441ce6a0303645f8b714dd4fe57691
2023-04-02 10:11:09,True,2.74e-10,8.705e-13,66250000000.0,0.5767,0xeb...9f95,https://bscscan.com/tx/0x1598c7fa84414c7c4ac075e80ff73c8a0d8d47663a82704689312d1dd90d8993
2023-04-02 10:11:06,True,2.74e-10,8.705e-13,1820000000.0,0.0158,0x4d...4bd6,https://bscscan.com/tx/0x6fc18a705bf7be6cffd874c34870a05aef0f2ecea18da5a7e79851f658e85a80
2023-04-02 10:11:03,True,2.74e-10,8.705e-13,61137007653.0,0.5322,0x5d...7671,https://bscscan.com/tx/0x12c65935de8239b1920796559b996eb0c47a70d5b3851742800bd3a8e722e82a
2023-04-02 10:11:00,True,2.74e-10,8.705e-13,2807982167.0,0.0244,0x74...0223,https://bscscan.com/tx/0x29558647b7ebb12be90b743bbdfa1a8658bdadf14f7985480354953cfb91c6fd
2023-04-02 10:09:06,True,2.739e-10,8.705e-13,448222998.0,0.0039,0x1a...c8e8,https://bscscan.com/tx/0xe707a177b0fef3ca3aa921ae63f52026cbcee2d1c49d6dad91585ccba6822c10
2023-04-02 10:08:45,True,2.752e-10,8.705e-13,56350852.0,4.905e-05,0xfb...21f4,https://bscscan.com/tx/0xf13365905d4170bda7f3b28ef9aa4b42df4e326e857da363dd4ff2f0369141f8
2023-04-02 10:08:03,False,2.739e-10,8.661e-13,10442312319.0,0.0904,0xa2...f768,https://bscscan.com/tx/0x166f655de8d44374cdd86183060dac93044d70403cf102c4590e5d17fc357665
2023-04-02 10:07:06,True,2.739e-10,8.705e-13,25478600001.0,0.2218,0xb8...ec23,https://bscscan.com/tx/0x5fb562ce5743d6f6bde246d973cd91e7b1233936fac44efaa844cac02ad5dabe
2023-04-02 10:06:09,False,2.739e-10,8.661e-13,1350000000.0,0.0116,0x84...eab1,https://bscscan.com/tx/0xe8bf34e7041037fecca936a4b75d87acc9727a1e9df35011e1901f8094677f86
2023-04-02 10:05:06,True,2.752e-10,8.705e-13,419783955.0,0.0036,0x56...638b,https://bscscan.com/tx/0x305d698cd0d06b84af5c29dfff0672d196d2a04017d51384cc7cd12ab226f5c3
2023-04-02 10:04:45,True,2.738e-10,8.704e-13,160828389953.0,1.4,0x4e...9d48,https://bscscan.com/tx/0xc1208b6969a45916ec9b858aa3ca63f2bac74a78fcc554923b6dc0fb0501447f
2023-04-02 10:03:30,False,2.737e-10,8.661e-13,3296509125.0,0.0285,0x6e...2a6f,https://bscscan.com/tx/0x53c6435eaef1ec33ad5736f3fbeeee99a486d9629d21e5551b54785ecf2ed58b
2023-04-02 10:02:48,True,2.75e-10,8.704e-13,356624356.0,0.0031,0x50...1e39,https://bscscan.com/tx/0xbd470853a1362489c766282103e4f70d6885e042c6d5c24a5dd6bcf7ff3dd231
2023-04-02 10:00:36,False,2.737e-10,8.661e-13,1352105453.0,0.0117,0x7b...db42,https://bscscan.com/tx/0xf55f2314d02b41326d4a32e3b05363e0a0d563351ec91a992db17e385d0c1a98
2023-04-02 09:59:58,False,2.723e-10,8.661e-13,288373177619.0,2.49782,0x5e...6b99,https://bscscan.com/tx/0xbdb6aa14e724706b6478af71e06049a42b87de1ba04f35f49085d01aa1ac30c4
2023-04-02 09:56:16,True,2.751e-10,8.705e-13,2243510000.0,0.0195,0x11...3e64,https://bscscan.com/tx/0x4f104286e5813d1ce97b03f40e026934387d8a48c41cc7cb763cc87cda052f11
2023-04-02 09:55:54,False,2.737e-10,8.662e-13,1650644129.0,0.0143,0x8b...83a6,https://bscscan.com/tx/0x626fd180ab9f3994ce688929fe7a00f4373fd17dac3e6a86573ab161e0142f7e
2023-04-02 09:55:26,True,2.751e-10,8.705e-13,3000000000.0,0.0261,0x4c...674d,https://bscscan.com/tx/0x902800af3f255c040a9d29b7bdb3f6d04ef2d1d790ad2b7f9ab8d93a26f23807
2023-04-02 09:54:24,True,2.737e-10,8.705e-13,18170808951.0,0.1581,0x17...d892,https://bscscan.com/tx/0x7ef260b7e2906b1954fcf446c095357e4e763c121974bb848211375bf397beb9
2023-04-02 09:52:46,False,2.724e-10,8.662e-13,27234302361.0,0.2359,0xda...0095,https://bscscan.com/tx/0x2f7a96ae563cd121e184e5ba267008ec196df50dcdf9d628642de1b533396d05
2023-04-02 09:51:22,True,2.751e-10,8.705e-13,344593965.0,0.003,0x48...b50a,https://bscscan.com/tx/0x24868e3ab5111c2e79699f7b1e73fd6ea79e49a385dce20c669156080da1eb45
2023-04-02 09:51:04,True,2.751e-10,8.705e-13,1977667867.0,0.0172,0x65...ad29,https://bscscan.com/tx/0x8a9dda5970f0ba9d33af15cda88c7d440807d253717dd1148f2001e9f6608abd
2023-04-02 09:50:40,True,2.751e-10,8.705e-13,3445946491.0,0.03,0xc1...a4ff,https://bscscan.com/tx/0x487bcbe835e04c336feb5ec94749792d31ad5e2b10ffdcf99f5f20f3af58b196
2023-04-02 09:49:49,True,2.751e-10,8.705e-13,30503035063.0,0.2655,0x48...b50a,https://bscscan.com/tx/0x9725c27deb8372bc8fa41e4421bcd187a43af0effd99d828add208491aee4353
2023-04-02 09:48:43,True,2.751e-10,8.705e-13,583033136.0,0.005,0x42...d647,https://bscscan.com/tx/0x94e6a98a0d839a60b2bc8617b76c24478123506daa3b4660fc4407b06bb1e142
2023-04-02 09:47:13,True,2.737e-10,8.705e-13,11486715303.0,0.1,0x20...6721,https://bscscan.com/tx/0xc9614503ac02094a30727f4faaa490fdba6ea1c3e4a9d753b6c5c27a30c489fd
2023-04-02 09:47:07,True,2.737e-10,8.705e-13,20101914561.0,0.175,0xe6...866d,https://bscscan.com/tx/0xd694850da6265b2d03c149ad3cb480dc4498a97c6726c52b464bfe9e4022233e
2023-04-02 09:46:59,True,2.737e-10,8.705e-13,4756694487.0,0.0414,0x30...519b,https://bscscan.com/tx/0x562e8d459b2d11e93725c5b4ec7b5ba9039beb446b31fe3bcd1dbcc2fc85d0ff
2023-04-02 09:46:28,False,2.739e-10,8.662e-13,91136603337.0,0.7894,0xe4...2b05,https://bscscan.com/tx/0xc8b7b69e36a440152bc7a29d985186b2e642bebe3945e70ba48da948ed4acdc3
2023-04-02 09:46:28,False,2.739e-10,8.662e-13,3600043576.0,0.0311,0xe5...614d,https://bscscan.com/tx/0x98c59e6dfde3ec2fd23e165ded0ab67ec003da9f3a235dfbb64bde68a7a6678e
2023-04-02 09:43:51,True,2.738e-10,8.705e-13,4000000000.0,0.0348,0xa5...96e3,https://bscscan.com/tx/0x4e0a41dd867f796e8a56e90261e98bf94751ac93788fdf73e750c21bfb43c026
2023-04-02 09:43:06,True,2.752e-10,8.705e-13,18000000000.0,0.1567,0xf0...e39e,https://bscscan.com/tx/0x9898cca788e8646d5398fa07bb410d1023e41387f0df1bbc4b65bfe4c54ed576
2023-04-02 09:38:12,False,2.738e-10,8.662e-13,4724509112.0,0.0409,0x77...226a,https://bscscan.com/tx/0x9ae93f4e9aca934cb47655ceb4eaa2d3af559ec576584d04fe132ccdd9a67125
2023-04-02 09:37:18,False,2.724e-10,8.662e-13,5400000000.0,0.0467,0x78...47ed,https://bscscan.com/tx/0x6c989bc527d5a0aba05cfd62cca3c9249f658398f919effcd7c2c96a3f974ed7
2023-04-02 09:36:54,False,2.725e-10,8.662e-13,12491125682.0,0.1082,0x8b...3a12,https://bscscan.com/tx/0x6c82e2cc19af8e8fc3faaf5db818630802b3725286f605bed1db3ae65f1f7575
2023-04-02 09:36:39,False,2.725e-10,8.662e-13,35719517577.0,0.3094,0x8d...b28a,https://bscscan.com/tx/0x79b436fbc96a37a325ca39bab3b8dfd67c5ade5ab73bda6405766cc40ac0a118
2023-04-02 09:35:39,False,2.725e-10,8.662e-13,5400000000.0,0.0467,0x78...47ed,https://bscscan.com/tx/0xa616e346c316126361aa959325c34fae776f0aadf873760fca9c9a5395be778b
2023-04-02 09:35:33,False,2.725e-10,8.663e-13,520522677864.0,4.50973,0x96...426f,https://bscscan.com/tx/0xeef2f3c842af81a0b4a38a8660569c8c285506db8ac08102b516af3b9bae0af7
2023-04-02 09:35:21,False,2.726e-10,8.665e-13,3600000000.0,0.0311,0x5d...95b4,https://bscscan.com/tx/0xe0c0141c9d1b0e343327013c75218b0bed4c4cd5c0e10483d2fc31597e755eb5
2023-04-02 09:34:57,True,2.739e-10,8.708e-13,22951528342.0,0.1998,0x37...c2b9,https://bscscan.com/tx/0x953f414cb3748df8c30d454fc9ceffd1972bd998eef091a811b709eae755fa0c
2023-04-02 09:33:36,False,2.739e-10,8.664e-13,4500000000.0,0.0389,0x9e...d962,https://bscscan.com/tx/0xd4be79c821c693df6430ca8699ab80225245710ea99643eadac7900a7b716581
2023-04-02 09:33:06,True,2.739e-10,8.708e-13,15537900001.0,0.1353,0x4d...10ba,https://bscscan.com/tx/0x88cffde87631dc1a01cccf9c882f34169a7c622f4ddbe747241d540c410302d8
2023-04-02 09:30:34,True,2.741e-10,8.708e-13,4019130023.0,0.035,0xd8...2b0b,https://bscscan.com/tx/0xeaadee92b41d46d147306bd05f43d8414c62a16cad4833722d5df8382f4b2c83
2023-04-02 09:28:19,True,2.74e-10,8.708e-13,10911802553.0,0.095,0xb9...5ddd,https://bscscan.com/tx/0x931678efcf01557e59eb8b18985a419809797d8a83efcadd62c06bd6136c572f
2023-04-02 09:27:01,False,2.727e-10,8.664e-13,6317275869.0,0.0547,0x1d...05e7,https://bscscan.com/tx/0xfbe46392864c13aea27bffcc37ce095c9101c59afc7528aa47560041b7cb89f0
2023-04-02 09:26:13,False,2.741e-10,8.664e-13,8262873152.0,0.0716,0x54...be56,https://bscscan.com/tx/0x089363cd884c98e16a3986639a40a0556875db15e19b5dc309bbdc752ad3ebd9
2023-04-02 09:26:01,False,2.741e-10,8.664e-13,5649036846.0,0.0489,0x9c...7d2c,https://bscscan.com/tx/0xd0f39f2adf19fa7395cfa384291ad802b6e6dd79a2971fe324fe368dda536de8
2023-04-02 09:25:37,True,2.755e-10,8.708e-13,1722478647.0,0.015,0xb4...2c92,https://bscscan.com/tx/0xfa89753a54fd13e1186359d4d5313b293071d85cd29df6e6df0c246f7719e1db
2023-04-02 09:24:04,True,2.755e-10,8.708e-13,10406696023.0,0.0906,0x64...870b,https://bscscan.com/tx/0xcddd735f37682df3709a5aa16e362940a7cc4393edbeb1a1c759f83c0a410ada
2023-04-02 09:23:34,False,2.727e-10,8.664e-13,1704882439.0,0.0147,0x11...37ad,https://bscscan.com/tx/0x2d6a82332e4d43dafcb12b19b9c3b1af9811d662bc79b9eec0a751a8ea98d1de
2023-04-02 09:18:34,False,2.727e-10,8.664e-13,41224380470.0,0.3572,0x33...2d35,https://bscscan.com/tx/0x3ee793738637169bb5cd98061b42c9cdcb42a8fee819a86f70e42c44d350c626
2023-04-02 09:18:19,True,2.741e-10,8.708e-13,83298970602.0,0.7254,0x5e...b1a3,https://bscscan.com/tx/0xdd63075483916aa0120fb203f6aaa2b363400a8d14ed7f061a173ec40ec27d2c
2023-04-02 09:17:31,False,2.741e-10,8.664e-13,26916428387.0,0.2332,0x62...63ec,https://bscscan.com/tx/0xa614878ca0c99aa609d305b0ad3402f490ca476795f4f9d5bd52578419f249c4
2023-04-02 09:16:28,False,2.741e-10,8.664e-13,11712522371.0,0.1014,0x84...d20a,https://bscscan.com/tx/0xfc14fae54c449a88e95ba154b0d192b5584a0ee647775cae05532bff41a5c1a1
2023-04-02 09:14:34,False,2.727e-10,8.664e-13,4500000000.0,0.0389,0x3b...bc14,https://bscscan.com/tx/0xae2752b612065d1c7ef7c96adb5e89ceed3a86ced7eabbf490eae6e57e7f2489
2023-04-02 09:13:23,False,2.74e-10,8.664e-13,4500000000.0,0.0389,0x3b...bc14,https://bscscan.com/tx/0x1a0e72173b3ae0a36c4feb4763e305267bfe2565081eb64e02153a83cab19ddc
2023-04-02 09:11:39,True,2.739e-10,8.708e-13,7194450726.0,0.0626,0xfc...dfa7,https://bscscan.com/tx/0x4471e15261bcb1bb956d4f892cdb35d281551e6fc7a44bbaf80eea2a4c313be3
2023-04-02 09:11:27,False,2.725e-10,8.664e-13,2901279915.0,0.0251,0x5f...6962,https://bscscan.com/tx/0x37939d3f8e0e33866636fcbf5ccb7476657dceba9d230e849cdf0a586c50dd91
2023-04-02 09:10:24,False,2.741e-10,8.664e-13,18553738708.0,0.1607,0x63...e00f,https://bscscan.com/tx/0x14c8fd788c590cb8d858e4e79615cff15e40cc8f3a0712cdc3925d0dae49dbc2
2023-04-02 09:06:39,False,2.74e-10,8.664e-13,8899970000.0,0.0771,0xe5...ce49,https://bscscan.com/tx/0xc91ee8fbe1f4d203cd382db1e68db21bc441e9e8c3a26080eec849f776870f24
2023-04-02 09:04:24,True,2.754e-10,8.708e-13,23062749798.0,0.2008,0xed...21d8,https://bscscan.com/tx/0xebf9aa361dace32dd4d4d40a20fe612a3da98003b8570e587a244911f40a42f3
2023-04-02 09:04:15,False,2.727e-10,8.666e-13,540000000000.0,4.67968,0xf0...e19c,https://bscscan.com/tx/0xb3f4f7c5a9cb28fe7b48fe112b34990a245788103933021d1a1a1ea8b6769392
2023-04-02 09:04:00,False,2.741e-10,8.668e-13,540000000000.0,4.68097,0xf0...e19c,https://bscscan.com/tx/0xfebc5ac2943e2ddd78585d34d04528256b03144fc1163ca8960c82c6f94af74a
2023-04-02 09:03:21,False,2.727e-10,8.669e-13,11243993634.0,0.0974,0xfe...e25e,https://bscscan.com/tx/0xe7e06a62154394f85d60ee3d30911ccb501e9846a94b413a3ce358bcbcc0629f
2023-04-02 09:02:18,True,2.754e-10,8.713e-13,4000000000.0,0.0348,0xa7...14d0,https://bscscan.com/tx/0xfe38f9a5cb7d29fcdb67ce1cc23ead44af2a4f6d2dc674361f79aac44607b2d8
2023-04-02 09:01:06,True,2.754e-10,8.713e-13,3726530001.0,0.0324,0x7e...e4ce,https://bscscan.com/tx/0x129090b8352ca67ff3641590f3360a7eb4fff1246cb838e64d32db395efcf4ce
2023-04-02 08:59:54,False,2.74e-10,8.67e-13,300902019774.0,2.60892,0xbf...d2ae,https://bscscan.com/tx/0xcffacffdeec3f758833211b6612b44dc85637b64bdeab5425000d357b5bbac36
2023-04-02 08:59:48,True,2.754e-10,8.714e-13,500000000.0,0.0043,0x95...bcc2,https://bscscan.com/tx/0x0c1db03df4a203f824c30bdc45fa078c58a00fc82a23c17493a33879dc08c3e5
2023-04-02 08:59:12,False,2.74e-10,8.671e-13,2909074701.0,0.0252,0x50...9839,https://bscscan.com/tx/0x02d2b3985f4103fe707f37e25060ae04e085b63b06fbf3a39ef99de2d2aceff7
2023-04-02 08:58:27,True,2.754e-10,8.714e-13,5128446965.0,0.0446,0x5f...12fc,https://bscscan.com/tx/0xd8515d03938e4b5742601b2fa90635cf2051f01ab38a541edb801c3b6ba2f525
2023-04-02 08:57:51,False,2.727e-10,8.671e-13,9746785133.0,0.0845,0xe7...9d8a,https://bscscan.com/tx/0x645fceb26fe1ebcf393209d0bbc8d9e1519de6e961cbde3724a560a0379c8adb
2023-04-02 08:53:15,False,2.741e-10,8.671e-13,2300773684.0,0.0199,0xda...91c7,https://bscscan.com/tx/0x0bfacc7f68673766642422a136d437f5c4d60517b8a8b4f4ce06eacb501f4dd4
2023-04-02 08:52:18,False,2.741e-10,8.671e-13,32400000000.0,0.2809,0x27...fdd2,https://bscscan.com/tx/0x633ff9606e1c78c862952724f4dbb25e66b9d8df425f11a862baf3bbd18b89e2
2023-04-02 08:50:12,True,2.741e-10,8.714e-13,36441703400.0,0.3175,0x77...07e5,https://bscscan.com/tx/0xc23a38a120bd0801f416f2a408bf2ba8dbf2712eabc29d5346c53246f50e19ba
