datetime,buy_order,price_USD,price_native,amount_token,total_native,maker,etherscan_url
2023-03-29 09:34:28,False,2.173e-10,6.855e-13,9000000000.0,0.0617,0x94...2dc4,https://bscscan.com/tx/0x318448196591f068bf83e155eabdddf7fe17d180df730cec4651b3ae5322606c
2023-03-29 09:33:13,False,2.162e-10,6.855e-13,24300000000.0,0.1665,0x5b...0108,https://bscscan.com/tx/0x000258f1494ad79f0702214e78b499dc059c19b17b22829545c67a1c6fd9e0b5
2023-03-29 09:29:28,False,2.174e-10,6.855e-13,98552749418.0,0.6756,0x5d...c7c0,https://bscscan.com/tx/0xe811e2c1c085fc6f7be428ad4314f7afbaf47a80699a90a32a407783a66bbb8f
2023-03-29 09:23:01,True,2.183e-10,6.889e-13,14356748970.0,0.0989,0x3d...abbd,https://bscscan.com/tx/0x6b41a770ebc9de34add26247be219246ffb3e75698460bbb3eaa962341b070d0
2023-03-29 09:19:37,True,2.172e-10,6.889e-13,8406783703.0,0.0579,0xc3...6932,https://bscscan.com/tx/0x1ef2ec44c2249bc266598b6202fc3564098865956373b5d1c820a9b4ac31ef21
2023-03-29 09:16:22,True,2.173e-10,6.889e-13,21400000000.0,0.1474,0x7a...0bf9,https://bscscan.com/tx/0xdeb5d4027f187d348f2d0282739dcd1ed1fb7b490ce7e630e8c82c82638b0fc6
2023-03-29 09:16:10,False,2.173e-10,6.855e-13,45642735493.0,0.3129,0xad...f4b9,https://bscscan.com/tx/0xd9877f48bc68ed331c037e0b8e192ad6911b42d64f8d27b503aacda6ae1db7dc
2023-03-29 09:14:22,True,2.172e-10,6.889e-13,2815104389.0,0.0194,0x13...1ed0,https://bscscan.com/tx/0x8c8228447ff0d5a8b13f5644a1d41227bcf4f45c9559e9bb0be5ffde1258c5db
2023-03-29 09:13:46,True,2.172e-10,6.889e-13,12336765358.0,0.085,0x58...03aa,https://bscscan.com/tx/0xa6fbdd1d015ca87289d022ce0a409029a030b36a15e49eb3cb040f98098a4d94
2023-03-29 09:13:28,True,2.183e-10,6.889e-13,518323746993.0,3.57084,0x53...c50a,https://bscscan.com/tx/0xa71f11ca13ded3de762af4db5fc4244075b889f1d4083d5afd4405398caef176
2023-03-29 09:12:49,True,2.171e-10,6.888e-13,4336009824.0,0.0298,0x13...1ed0,https://bscscan.com/tx/0x3228162ca5f960212dfc0a08e385f025335b5479330355e21c3c087237c8f77d
2023-03-29 09:07:58,False,2.171e-10,6.854e-13,28023436425.0,0.192,0x2c...e8eb,https://bscscan.com/tx/0xd6774f269b7ede1dd3ae5e2b023009e43cf66db191e1793cac6350b7001d8940
2023-03-29 09:06:43,True,2.17e-10,6.888e-13,16547923132.0,0.1139,0xb3...a0be,https://bscscan.com/tx/0xa4ce7d4751d86a633ab809a5916c1f15f91fd06fe2ff2960a43333967c40bd34
2023-03-29 09:03:52,True,2.171e-10,6.888e-13,15458591665.0,0.1064,0x36...f3df,https://bscscan.com/tx/0x353ab5fc62e80ea1bbce822e62d63a11431fbb8a0e39e2e1be7d23d9b3e63dda
2023-03-29 08:54:37,True,2.171e-10,6.888e-13,43894802266.0,0.3023,0xb3...a0be,https://bscscan.com/tx/0x46e21ad9a56c76cbb5bf0d61eb79663cde948ce4f9d379046d47c69619dde516
2023-03-29 08:54:31,True,2.171e-10,6.888e-13,725869386.0,0.005,0x2d...c260,https://bscscan.com/tx/0x7359645330b27d6941300f512646c70b4e6c9babe7d7b14f14f4de2e6fbd1267
2023-03-29 08:54:16,True,2.181e-10,6.887e-13,725981161236.0,5.0,0x4a...6d8a,https://bscscan.com/tx/0x73c57cb33d3b87599702006b575f59fbfcb3018f3187cd85cf3d1635a6840fcd
2023-03-29 08:51:34,True,2.181e-10,6.886e-13,17037445202.0,0.1173,0x6c...d2e4,https://bscscan.com/tx/0x97ce44395873637c88a42153037dda6d01f6fab160be5c7eb650815ef7069a79
2023-03-29 08:51:28,False,2.17e-10,6.851e-13,37025295509.0,0.2536,0xe0...b07b,https://bscscan.com/tx/0xc744c78417c9733643723a227f84ca5b898aac6f1ac246c41a04ce7fee0fd025
2023-03-29 08:51:13,False,2.159e-10,6.851e-13,5492503355.0,0.0376,0x8d...f582,https://bscscan.com/tx/0x00bef8283f2e0270cf8bd765797e039d2e3b05fdf8c76df94534f7e11889ac03
2023-03-29 08:50:19,True,2.181e-10,6.886e-13,5558193506.0,0.0382,0xcb...597a,https://bscscan.com/tx/0x3425b36497f43a63d98c97ccfb6c2c7cfc628a7f37c7c182dff1ee5d1c982dba
2023-03-29 08:48:16,False,2.17e-10,6.851e-13,14998479033.0,0.1027,0xd8...5bcd,https://bscscan.com/tx/0xc5b897c3145cb90be3163aa0d36f496541522add63994407cd130751491bc2bb
2023-03-29 08:45:55,True,2.181e-10,6.886e-13,2904329295.0,0.02,0xcb...597a,https://bscscan.com/tx/0x9c82cee4e8dc1de42de3d226a9ef092021314f8ba63413d110270345040e9ddb
2023-03-29 08:45:49,True,2.181e-10,6.885e-13,726194482661.0,5.0,0x4a...6d8a,https://bscscan.com/tx/0x8c65dbadfff525d42d5e2d7e250d83bbbc195c4575d091c459968ac6a2f53ea8
2023-03-29 08:45:19,True,2.17e-10,6.884e-13,18800600001.0,0.1294,0xa3...afc1,https://bscscan.com/tx/0x98d4ebf4d69d0a97ced09a12f9dffd38fdc64432d093d314e37b38ce1718734d
2023-03-29 08:44:49,False,2.17e-10,6.849e-13,18000000000.0,0.1233,0x3e...09c4,https://bscscan.com/tx/0x0b7dee372f5d00c3e2e03967cf2dadb77db77af8f12a49d9c762484aefa2b71c
2023-03-29 08:43:13,True,2.18e-10,6.884e-13,1452612834.0,0.01,0xcb...597a,https://bscscan.com/tx/0xbf5c85e5197f5ce10d8d38bc20737921cc6d51ba03fd17ada427afe0208d20fc
2023-03-29 08:42:04,True,2.169e-10,6.884e-13,72913938549.0,0.5019,0xed...e8c9,https://bscscan.com/tx/0xbbf985c638e9aab424eaee00b123b75d40652896904d5b8f8515f17170c66ca1
2023-03-29 08:41:31,True,2.169e-10,6.883e-13,107208602311.0,0.738,0xaf...b9da,https://bscscan.com/tx/0x46e6b9f4f9174add42a6328b04c6d7a054f854f36d8d63b10bc410fd56ac5b60
2023-03-29 08:31:16,False,2.157e-10,6.849e-13,4610028637.0,0.0315,0x65...afe1,https://bscscan.com/tx/0xacf6863bdbade8d4902ccac98f62a8c8a63ed0c5e80fe39ee012051b0a119883
2023-03-29 08:27:37,True,2.152e-10,6.883e-13,148808732083.0,1.02431,0xbb...4713,https://bscscan.com/tx/0x7b216eb3e486eb52fd2297d4e1d1d8660b2b3fea8133c8735b77babe05fb3cb9
2023-03-29 08:23:13,False,2.151e-10,6.848e-13,3212654968.0,0.022,0xd8...3d20,https://bscscan.com/tx/0x0a3469f833171913e2eace32829695cc63917f22c798447065750f1a2f6b8446
2023-03-29 08:23:01,True,2.162e-10,6.883e-13,1442903138.0,0.0099,0xd0...2d92,https://bscscan.com/tx/0x559f9ae37af3a87d11b432d65f1af728cfe5769cbfc105a27b89adcd9f54770b
2023-03-29 08:20:23,True,2.149e-10,6.883e-13,111382068560.0,0.7666,0x22...dbe4,https://bscscan.com/tx/0x6c3c25123045cff02c16159191e72ef547acf7182e86e437c534ad986c857d91
2023-03-29 08:20:18,True,2.149e-10,6.882e-13,3880273077.0,0.0267,0x27...c292,https://bscscan.com/tx/0x41663287c0cceeb47e291fa63a2273be42c4b1c70c4508fa9bb332a81667ec1f
2023-03-29 08:17:40,False,2.147e-10,6.848e-13,105623145450.0,0.7233,0xba...13be,https://bscscan.com/tx/0xb183ecf229247e3f20c4cb5828a122e4cb3dc281ed5ccb35e4b69d2f56b53bb8
2023-03-29 08:17:35,True,2.158e-10,6.883e-13,2000000000.0,0.0137,0x3c...0a29,https://bscscan.com/tx/0xfabf60df77a003bb182740c1897230d00a7f82ee41049ef04f76dbbf51e61d93
2023-03-29 08:16:13,True,2.158e-10,6.883e-13,14528233468.0,0.1,0xc8...2a7c,https://bscscan.com/tx/0x04f757cb4d82d44486ca351611585df4b8985553796358d6c91055491b66b1bb
2023-03-29 08:13:19,False,2.147e-10,6.848e-13,9639175999.0,0.066,0xe7...b119,https://bscscan.com/tx/0xf81fd11e491e5265ab631e99d7d0a6edc7c3474c616112e0ceff73d84ed4207e
2023-03-29 08:11:49,False,2.14e-10,6.848e-13,14664152465.0,0.1004,0x59...0087,https://bscscan.com/tx/0xa206d90138180e674e00ef32879b80fc0797b0ee6571a1cdc7ad9b11673e57bc
2023-03-29 08:08:40,True,2.161e-10,6.883e-13,30801749145.0,0.212,0x60...e370,https://bscscan.com/tx/0x7427e8a056b683a4bfb610e399144b46f2342725b7d28a8916ad4a0d8d6f2212
2023-03-29 08:04:13,True,2.161e-10,6.882e-13,472217576345.0,3.25,0x13...255d,https://bscscan.com/tx/0x7873955f26f19e804e36ed0b67e71521fc456784115c26a5aaabff15970e1cce
2023-03-29 07:58:37,True,2.166e-10,6.881e-13,726561176.0,0.005,0xf0...f6cc,https://bscscan.com/tx/0x327d78ab5fea2b45bedcbc1e8fdb1a646cf004e44f7f1cfbb46e2ae1c4f1e7c3
2023-03-29 07:54:19,False,2.145e-10,6.847e-13,26527097046.0,0.1816,0xcb...4b39,https://bscscan.com/tx/0x321d1fc72d13b4bc510d3b7f9e64260e0a8d7c350dc5b76e4119cec272259cfc
2023-03-29 07:51:46,True,2.155e-10,6.881e-13,28974124936.0,0.1993,0x27...41d2,https://bscscan.com/tx/0xf6e8d94cc91b8fed654c99be351377f009434c7b4632a2c0b9a0893db0deee1f
2023-03-29 07:50:13,False,2.144e-10,6.847e-13,39175128355.0,0.2682,0x08...a4b2,https://bscscan.com/tx/0x4081df56d81776b4a4e451071e94b40c589ca11c1928ded6e1f4a5f82d6a9c89
2023-03-29 07:47:16,True,2.167e-10,6.881e-13,6538959493.0,0.045,0xa8...4cf3,https://bscscan.com/tx/0x6aebeff197d076733419d522f1984e7aceaa56523b481852b473f8f3ade9565b
2023-03-29 07:44:28,True,2.156e-10,6.881e-13,6013722216.0,0.0413,0xa3...6607,https://bscscan.com/tx/0xe9ee4e7bbd830a0d930c2e550008b5900fe2aa10ad4e5fe3472d2eba8db2f143
2023-03-29 07:40:02,True,2.158e-10,6.881e-13,33000000000.0,0.2271,0x9a...c30d,https://bscscan.com/tx/0xf52109e69750b6944297560c8200c6c9682c9fcf6b79f5a0b803a930a5aa0342
2023-03-29 07:36:46,False,2.16e-10,6.847e-13,1732335923.0,0.0118,0x8c...166e,https://bscscan.com/tx/0x7e7b86e32c5e15b4e70f7a1df7d875c58a80091c8111c885c1fed34c21d015e8
2023-03-29 07:35:23,True,2.16e-10,6.881e-13,35150602430.0,0.2418,0xe3...d121,https://bscscan.com/tx/0xd3a5a472b2f391ad2c303d545c76e24694d004ab30a1dcc7b9491a7728e75761
2023-03-29 07:27:41,False,2.159e-10,6.847e-13,19746790388.0,0.1352,0x22...9f8d,https://bscscan.com/tx/0xb0d3ee437e4d583f8eb1888d1061a864aa043362b8744228b1e57838b77951e9
2023-03-29 07:26:29,False,2.149e-10,6.847e-13,3547215001.0,0.0242,0xf8...53fd,https://bscscan.com/tx/0xc1af8bcde74d71618c9a1cefa2e8a2b3861478e098ab7508a56e56933ac1f460
2023-03-29 07:21:20,False,2.159e-10,6.849e-13,1503030184847.0,10.295,0xc8...240a,https://bscscan.com/tx/0xfeaa6af0327a122427b7a5b31a71e0b38ec3ec57a70c948765088736c25c949c
2023-03-29 07:17:20,False,2.149e-10,6.851e-13,8064582236.0,0.0552,0x22...12d2,https://bscscan.com/tx/0x239a6f8a08a005b120c702f527bcf5aa44d132527fff92de5e23bedf5c05f5a2
2023-03-29 07:11:29,False,2.16e-10,6.851e-13,17710980291.0,0.1213,0xfa...0185,https://bscscan.com/tx/0xe9f14abcb528277f20b7073e5a9a9c329d7bb9162198432b0c68b99b1e562cb8
2023-03-29 07:11:14,False,2.149e-10,6.851e-13,159056198942.0,1.08985,0xa9...0dad,https://bscscan.com/tx/0x310ba2ecc38e0961ca7ca6e1755872cb55c6f8dc04f94576fab7a4f288b1c3e6
2023-03-29 07:09:56,False,2.149e-10,6.852e-13,16162127462.0,0.1107,0x9f...31f3,https://bscscan.com/tx/0x933813e013b9bdf79a0003835b683ca48d3048e5969aeff1311ce2d35cbfe45c
2023-03-29 07:08:17,False,2.159e-10,6.852e-13,36430011263.0,0.2496,0x30...33e2,https://bscscan.com/tx/0xd46ab18f0812473402e6e38011fda04842f9b4ea748554a51040fa743b16a285
2023-03-29 07:02:20,True,2.169e-10,6.886e-13,7375900000.0,0.0508,0x4f...b328,https://bscscan.com/tx/0x0fcad949e479a2943cace0a30cf52fd6d519046c2119af6f0f4631ecafbfacd9
2023-03-29 07:00:50,True,2.159e-10,6.886e-13,1784130000.0,0.0122,0x51...4050,https://bscscan.com/tx/0x7b81e697c260f6ea22d21c8cd7b2daae7f43c7d97e00dbce16a0237c9ea5be18
2023-03-29 07:00:35,False,2.159e-10,6.852e-13,8236016070.0,0.0564,0x74...86a0,https://bscscan.com/tx/0xea1490bf8bea7042352ce39778f7fe3a34ccb4a9b25ee8f6e060645706d1f421
2023-03-29 06:58:08,True,2.168e-10,6.886e-13,4646621641.0,0.032,0xb6...24cb,https://bscscan.com/tx/0x80feaaf172cab16384563cd3e5a1d4cf1f3525d7e4fd72d0e59c5a3f1d7d105e
2023-03-29 06:57:59,True,2.168e-10,6.886e-13,3042012368.0,0.0209,0xdc...0638,https://bscscan.com/tx/0x860da0b0ef8a1b8941c779e56eb6ef8fdc7fa3cd2286d796732826202b9569aa
2023-03-29 06:57:50,True,2.168e-10,6.885e-13,922257801981.0,6.35008,0x1d...2cd1,https://bscscan.com/tx/0xdee99e059c3b2e7a3385e33e7384290054bdfa9ff8287fbe89cea2bd41af00d3
2023-03-29 06:56:05,True,2.168e-10,6.884e-13,10287230045.0,0.0708,0xcf...ef72,https://bscscan.com/tx/0x2a5072e306086f0da371083e9c47df6b43a4c65027dadc77c7bee33a6304e9b6
2023-03-29 06:54:38,False,2.146e-10,6.849e-13,6161219008.0,0.0422,0x29...11c9,https://bscscan.com/tx/0x35fd30f1286a8d1b539c20010b7027b7f0cfd2a901da8258cf06b6b17a6d2b09
2023-03-29 06:48:08,False,2.157e-10,6.849e-13,22527932729.0,0.1543,0x22...1d3d,https://bscscan.com/tx/0xb7887b08f787c497c621a3f42bbf4d715e9fe8b886918c7a2a7915e276fe8c02
2023-03-29 06:47:44,False,2.147e-10,6.851e-13,900543781716.0,6.16963,0xe1...c4e1,https://bscscan.com/tx/0xfe4ebb3bf462ca2bcbebb830635530c55557dffe67db61645ca681712daab413
2023-03-29 06:47:23,False,2.147e-10,6.852e-13,103736035015.0,0.7108,0x69...eaa9,https://bscscan.com/tx/0xe215ae4c49d6f93237c5733a461a19c984d8c891ab78d2099745ff7dd03f1647
2023-03-29 06:44:35,True,2.158e-10,6.886e-13,3194429509.0,0.022,0x83...05d2,https://bscscan.com/tx/0x658da1d7cede8a436ecfd5be12928c5e7026dfb7e11d4b4ae5f7ed8b9c5aeda0
2023-03-29 06:42:02,False,2.157e-10,6.852e-13,22487125601.0,0.1541,0x14...baab,https://bscscan.com/tx/0xe4a538af10f94a6e78831848465769ca05f8d6d9ecbf0c1146340fc1e411ceaa
2023-03-29 06:36:35,True,2.168e-10,6.887e-13,558172238.0,0.0038,0xf1...dabe,https://bscscan.com/tx/0x015763926ca58b63cb1aaef726406d84aa20ef0f0256e9a56af55584b3383377
2023-03-29 06:34:44,True,2.168e-10,6.887e-13,1000.0,6.887e-10,0x2c...7396,https://bscscan.com/tx/0x721e82a182e417225a0f83fc8aea91e8db3bbcd278c3e2f2539b71c548a99022
2023-03-29 06:31:02,False,2.144e-10,6.852e-13,54025175224.0,0.3702,0xc3...565d,https://bscscan.com/tx/0xe72f4b2c50f587dd04d8b9ed7df64da708b4ade74435e36259ba4be9dcfedb5d
2023-03-29 06:28:47,False,2.155e-10,6.852e-13,4219623393.0,0.0289,0x88...c58a,https://bscscan.com/tx/0x6f5fa51cf384fa9646831a068837c03e1b289f489914803fa2111e0b031d9538
2023-03-29 06:27:50,True,2.155e-10,6.887e-13,1345260706.0,0.0092,0x42...cdb9,https://bscscan.com/tx/0xc06c68545868b5483f12bb6844ac4362aab038a931f539cc2823acceaf493b3f
2023-03-29 06:26:17,True,2.155e-10,6.887e-13,90023613768.0,0.62,0x07...b8cb,https://bscscan.com/tx/0xb5f868a80617ad1bfad1d57d40615c221fdc71569923c420c62789ca34ca0f86
2023-03-29 06:23:44,True,2.165e-10,6.886e-13,3735257578.0,0.0257,0x96...83c9,https://bscscan.com/tx/0x826b2619a1bac209e9ef07358e1275b421a261524f15e158171eb20f7e414d69
2023-03-29 06:22:47,False,2.154e-10,6.852e-13,7778973719.0,0.0533,0x03...c37e,https://bscscan.com/tx/0xcabea31df0f73886164731daa1d2508ca12b19cb73e2bcdc8d4daf9a477b8f93
2023-03-29 06:22:02,True,2.165e-10,6.886e-13,12326703701.0,0.0848,0xb9...339d,https://bscscan.com/tx/0xdef8bb45e7badf59d6d512e4fb7952b8f67b0b8ab9ecd3f410f18f70bdcd587f
2023-03-29 06:21:26,True,2.165e-10,6.886e-13,410000000000.0,2.82339,0x2b...7541,https://bscscan.com/tx/0xeb6df390572a4ef1c9144aa23be4b9c9e90f74894b11d3803fd8ac2229be965f
2023-03-29 06:21:14,False,2.154e-10,6.851e-13,4583917840.0,0.0314,0x20...da2f,https://bscscan.com/tx/0xe1c7ee17d30a412be370de271f73dd184265f47f2b4342451e591b5a40461ff3
2023-03-29 06:20:11,False,2.154e-10,6.851e-13,3602913329.0,0.0246,0x3a...997b,https://bscscan.com/tx/0xc2b7f6056a4c8e8203e262ee9f180190f8d4b71ba2e5aa11eff6d6fc204144c0
2023-03-29 06:18:23,False,2.143e-10,6.851e-13,10499788142.0,0.0719,0x32...c75f,https://bscscan.com/tx/0xc91c57f5898f714a92053c55c5c21a5376692ffbdc3a5c9a1abe874116f13d91
2023-03-29 06:18:14,False,2.154e-10,6.851e-13,39682839620.0,0.2718,0x40...83ad,https://bscscan.com/tx/0xffdc8aa60cb26e720e8036eb1fc52884f3e991e501919719a843ca6524778212
2023-03-29 06:15:14,False,2.144e-10,6.851e-13,19767108303.0,0.1354,0xa5...51f0,https://bscscan.com/tx/0xa5de72bdc3e350670f21980dfdec8b9327640abee8e49bf4243f91282ae6d704
2023-03-29 06:09:56,False,2.157e-10,6.851e-13,79825985725.0,0.5469,0xc5...6fd1,https://bscscan.com/tx/0xbdb9d7e16ea21a37d78c049695631897f5393f764e6e18c49790c113bcd84238
2023-03-29 06:09:02,True,2.168e-10,6.886e-13,145218168.0,0.001,0x93...4f90,https://bscscan.com/tx/0x64eede394f8fd3fae042d78416600d18633ec2c5427a43f868649293e807bdc2
2023-03-29 06:05:24,True,2.166e-10,6.886e-13,3500000000.0,0.0241,0x2c...7396,https://bscscan.com/tx/0x9cdb1ad0572f3f1e4d35821864fd9bf130a82dcf57ffd7ef546f71db72765ff0
2023-03-29 06:00:54,True,2.156e-10,6.886e-13,7671026713.0,0.0528,0x66...501c,https://bscscan.com/tx/0x162a32b6e32fb93ec8e7d113c41f764b30e235ab8d3b2acbc353ce6f0f980939
2023-03-29 06:00:54,True,2.156e-10,6.886e-13,2752021688.0,0.0189,0x93...4f90,https://bscscan.com/tx/0x6f13a2dfe35c81791a9dccaf67883145916d5642639a39a7e52db8092651e803
2023-03-29 05:59:39,False,2.145e-10,6.852e-13,224940943004.0,1.54132,0xd0...d7b7,https://bscscan.com/tx/0x93dc356382dc69242357096f2116944c676f4daf0bd07a8d183b399689ce2a78
2023-03-29 05:56:33,True,2.157e-10,6.886e-13,2900000000.0,0.0199,0x83...d585,https://bscscan.com/tx/0x9779e6704db073047de588928cec889f06a81a7fecf4beb37d6f939cac308a79
2023-03-29 05:55:33,True,2.157e-10,6.886e-13,8736071369.0,0.0601,0x83...d585,https://bscscan.com/tx/0xc581db8a5bcfd6e6cca037ddebb3700e3c915ed4ecffa4669930630ba6d01a62
2023-03-29 05:48:39,True,2.166e-10,6.886e-13,138475396989.0,0.9536,0x99...06ec,https://bscscan.com/tx/0x4bb2ef3ed73f716eee25cad4c5a2ff2f16278114881ae47f89d825aace4a370f
2023-03-29 05:48:00,True,2.166e-10,6.886e-13,550000000.0,0.0037,0x68...ccdb,https://bscscan.com/tx/0xf1ae8532a216a20dd333261984ae2de1d3011e8b79a4153e8e5b8471c9a95125
2023-03-29 05:42:21,False,2.155e-10,6.852e-13,94678359300.0,0.6487,0x0d...be7d,https://bscscan.com/tx/0xe0516985ab73b4937570a3915babf1de507ee3bffff64147e36a559e69f39081
2023-03-29 05:40:12,False,2.156e-10,6.852e-13,9632294937.0,0.066,0x1e...cd38,https://bscscan.com/tx/0x0dde3e58021a5a36581b62dfb152d2d8f1124f935ada00983777efc1ccdc344d
2023-03-29 05:32:30,False,2.145e-10,6.852e-13,13134240000.0,0.09,0x6d...dc57,https://bscscan.com/tx/0x130f74c4d1f74f2ae4e34a91be3d04096f36fc3103e9ec13532b8fd62196e1c4
2023-03-29 05:30:54,False,2.156e-10,6.852e-13,8369595000.0,0.0573,0x41...256e,https://bscscan.com/tx/0x5040e11f456e424e00390ded30b9aae7e613e6256ae2670435fdc6135b679f96
2023-03-29 05:23:58,False,2.146e-10,6.852e-13,19482677121.0,0.1335,0x7c...c417,https://bscscan.com/tx/0x86ee974271057b9c0b1eae1d3a1654e169e21859808360844beb366599978948
2023-03-29 05:23:58,True,2.156e-10,6.886e-13,1225066000.0,0.0084,0x8b...d405,https://bscscan.com/tx/0x952918901e84a20c89fe840cf62e5ab46a09f6165c7e3739c6e9c350dbe52d8c
2023-03-29 05:23:40,True,2.167e-10,6.886e-13,23613693172.0,0.1626,0x41...b6d8,https://bscscan.com/tx/0xa703191dad49dac379d7578bb51fb9aaa46d34ef1770cd1ce733b0a91cf72814
2023-03-29 05:23:16,True,2.167e-10,6.886e-13,6704757565.0,0.0461,0xc8...1229,https://bscscan.com/tx/0xb469937f2d4b3affe8b37ddec7f1afc025680c528996a81557cecacca1ba8889
2023-03-29 05:23:01,False,2.156e-10,6.852e-13,90731741311.0,0.6217,0xdc...73fb,https://bscscan.com/tx/0xee18d6e9bd128e5a49d0c788def1fec53664a47fbf8af65dd0dc49e2c7ee52d4
2023-03-29 05:20:46,True,2.167e-10,6.886e-13,435605941.0,0.003,0x98...b99b,https://bscscan.com/tx/0x303859c90a952c745de57fd9c3c746f79f0add5d65ac6da717461264424912c8
2023-03-29 05:19:58,False,2.146e-10,6.852e-13,17038271719.0,0.1167,0xab...15f3,https://bscscan.com/tx/0x88c710107d128aa6d9146f8351c72d884ad7e51518e9c887bebec87abe31c05e
2023-03-29 05:04:34,True,2.167e-10,6.886e-13,61747410649.0,0.4252,0x81...0ccc,https://bscscan.com/tx/0x4b9824a73676a69e6a2a67bfcb5c34fcf6784b84a5e1cf797a4880bbe18d425d
2023-03-29 05:01:55,True,2.156e-10,6.886e-13,7098694531.0,0.0488,0x52...8b87,https://bscscan.com/tx/0xa70cddf6ad2a1edb2a73627feb6fae89f3e17c11dd81bc12ebe4d83759d114ea
2023-03-29 05:01:34,True,2.167e-10,6.886e-13,530724994.0,0.0036,0x7e...1b27,https://bscscan.com/tx/0xd2b435d1af8c094ba36b75dc833a72211aa0f0899069280775a906cf6947b671
2023-03-29 05:00:49,True,2.156e-10,6.886e-13,2000000000.0,0.0137,0xf7...98f9,https://bscscan.com/tx/0x6ff0faa561074b69847095d6441dcba5ce6666d841c92f7d7f905f6cc26eba4a
2023-03-29 04:59:43,True,2.156e-10,6.886e-13,63891212632.0,0.44,0x81...6fed,https://bscscan.com/tx/0xc4c937ae3be6dadeb25078cd92377e8f9986cfa9575cd09756d7cb54e9dcb78e
2023-03-29 04:58:55,True,2.156e-10,6.886e-13,5604154623.0,0.0385,0x09...849b,https://bscscan.com/tx/0x080a6ccb331ea6e631946d1921400690f13d9fe05305d9d4f20633b6cc058382
2023-03-29 04:58:13,True,2.156e-10,6.886e-13,34410349824.0,0.2369,0x2e...8873,https://bscscan.com/tx/0x3edc3b411b2f7f82b54b490a8768e7bc7a87454c4e0c9f994e5a8491d2dbd9cf
2023-03-29 04:57:04,True,2.167e-10,6.886e-13,53.0193,3.651e-11,0x09...849b,https://bscscan.com/tx/0xc0449728e9ade4f16f7bb607faa0c7f453ab04ffad7689d82b259fc989d81759
2023-03-29 04:56:04,True,2.168e-10,6.886e-13,86402061520.0,0.595,0xf4...57ba,https://bscscan.com/tx/0x5d3a4ec60d0c3ee40df5e1c665a982e79d92d05845ae0b44d9a0a12e0db857b3
2023-03-29 04:55:43,False,2.156e-10,6.851e-13,3380685660.0,0.0231,0x45...0af2,https://bscscan.com/tx/0x9debd80112de32826c25c63409e811c0c106d452359723d7c80e5a7cb48a5025
2023-03-29 04:55:04,False,2.145e-10,6.851e-13,5313520686.0,0.0364,0xc6...cfb2,https://bscscan.com/tx/0xf29a7109012a63707917a129cd8115344228f09ee20ada469c8e2dacc711d585
2023-03-29 04:52:58,False,2.156e-10,6.851e-13,2644274212.0,0.0181,0x09...849b,https://bscscan.com/tx/0x789e7d1e709dedde65c65eb60445131647a57e345ac51cbd5304b945c5eb703b
2023-03-29 04:52:52,True,2.167e-10,6.886e-13,1971573515.0,0.0135,0x45...962b,https://bscscan.com/tx/0x0eaaa68f9d10e42a32dbd8fdb4c50af809de1f41f2fea9023f238fffe20410a8
2023-03-29 04:49:04,True,2.156e-10,6.886e-13,9046150031.0,0.0622,0x11...cd0c,https://bscscan.com/tx/0xd1bf57f400a6f3797e8b5b881df6e7bef963c4d8d676333576bc6b48104a4437
2023-03-29 04:46:28,True,2.156e-10,6.886e-13,1306953482.0,0.009,0x38...e1bc,https://bscscan.com/tx/0xb76aab601217cee761df0b1db2bb4a3ae408f40a3f7cabeb3f66c9a10b0b31c0
2023-03-29 04:37:13,True,2.158e-10,6.886e-13,1306950001.0,0.009,0xe0...91a9,https://bscscan.com/tx/0x6074641834e97a678eebe37be6697c55ad5c01a0494fae41a7c7e10530e8d9e1
2023-03-29 04:35:43,True,2.157e-10,6.885e-13,407767871739.0,2.80774,0x81...0ccc,https://bscscan.com/tx/0x2c4a9613b3ba07b5e62c2c2bc5a8e2dbe7eb49ab8043c87d90c590174b1a4d6c
2023-03-29 04:34:33,False,2.158e-10,6.85e-13,10541505050.0,0.0722,0x05...bc8e,https://bscscan.com/tx/0x5b5f0d762544bf90a7bc101d244dba96fd84bef908ad3d00ce9bf4d1fa9295ed
2023-03-29 04:32:06,True,2.158e-10,6.885e-13,9580663175.0,0.0659,0xc0...c0c4,https://bscscan.com/tx/0xdfb670d214328d93feaf9df6f064639ab505801025e32045599117f9b46e2d2e
2023-03-29 04:29:39,False,2.158e-10,6.85e-13,12059213794.0,0.0826,0xa4...67a8,https://bscscan.com/tx/0x2d60a54bfdbb1741377c931c53c00c1780efb9c2a1a651437e7e35ff614244ac
2023-03-29 04:29:21,False,2.158e-10,6.85e-13,12059213741.0,0.0826,0xa4...67a8,https://bscscan.com/tx/0xda9cf74890beaa21fb63cd4704ab384e2f1e70c1fd99d10461c43d771f4e9e2c
2023-03-29 04:27:12,False,2.158e-10,6.85e-13,5944891260.0,0.0407,0x54...4632,https://bscscan.com/tx/0x04bedb7aa75fa7c225ebf5b6c19bbf0836ad3752834bf0f031f2db7c87e65681
2023-03-29 04:26:21,False,2.157e-10,6.85e-13,34801943773.0,0.2384,0xf9...26ea,https://bscscan.com/tx/0xa25eaa2ce2dff4051c8e404ee0042a5a658387b64f793ac677316698ab5a1a71
2023-03-29 04:21:40,False,2.146e-10,6.85e-13,26864972480.0,0.184,0x12...8e52,https://bscscan.com/tx/0xbe0731736a749dfa27baa4afc460d99bd9315a397a6a32930d9767799a731073
2023-03-29 04:15:46,True,2.156e-10,6.885e-13,9681000000.0,0.0666,0xe5...fa39,https://bscscan.com/tx/0x3a9a8b06a1f427e3ecd7e0539d1dbb6af122db758937524e81f3a1d178bfcea9
2023-03-29 04:09:58,False,2.146e-10,6.85e-13,27327147441.0,0.1872,0x60...3b7f,https://bscscan.com/tx/0x485ab9790b3581371fc2ba2d6ca18c49bed0d9fb8d887879bca5d37a3ede1333
2023-03-29 04:09:25,True,2.156e-10,6.885e-13,4357068229.0,0.03,0x6c...8a36,https://bscscan.com/tx/0x260804357eda3842674ea57ac7a8ac6a87981995447b03228f95cfdb444b8948
2023-03-29 04:03:29,True,2.156e-10,6.885e-13,14682455424.0,0.101,0x0f...909a,https://bscscan.com/tx/0x2c5f857568e721152705f2fca04bbfde86a0469cc348ded9344543a990a65266
2023-03-29 04:02:17,False,2.157e-10,6.85e-13,7147352733.0,0.0489,0x48...0756,https://bscscan.com/tx/0x34b2e8474380f191943379b53f75376f890bbcb72c3c9920e2cb28102173da3a
2023-03-29 04:01:35,False,2.145e-10,6.851e-13,47700000000.0,0.3267,0xb2...d6d8,https://bscscan.com/tx/0xf19914b17567d9fbaa54943dca4e43f398b70d5fc6d747a94d7ac592a12c9b22
2023-03-29 03:56:17,True,2.167e-10,6.885e-13,24873049206.0,0.1712,0x10...fe3d,https://bscscan.com/tx/0x4453616df27291f50e62e4e87116b9e8cdfe9cc03dfb0d849f5ee081a169b296
2023-03-29 03:54:23,False,2.157e-10,6.851e-13,3930219929.0,0.0269,0xb1...db6d,https://bscscan.com/tx/0x3f0707be771230d240b11f5b8967e5adf1e7413a90030557fd82324e8310d94f
2023-03-29 03:52:56,True,2.168e-10,6.885e-13,5771061914.0,0.0397,0x1b...c33b,https://bscscan.com/tx/0x4cc75c0f1a0ceb8c0b9782efcfb38f6868a69f9f4e40f0094bb87f868a891ecc
2023-03-29 03:52:38,False,2.145e-10,6.851e-13,90310330914.0,0.6187,0x5d...cbba,https://bscscan.com/tx/0x9e21679403273064da42134ce737a4312bd4d17aff76f8000074226ef6fdebed
2023-03-29 03:52:20,True,2.158e-10,6.885e-13,1200000000.0,0.0082,0x25...450f,https://bscscan.com/tx/0x2c9822d4c39ec76305ad2dd9330a1e9c47b88b05b216112fdd7e94b597444d5c
2023-03-29 03:50:47,True,2.157e-10,6.885e-13,920668000.0,0.0063,0x0f...406f,https://bscscan.com/tx/0xc218d48e19e3bf65d96db50919901f3d9e9bde446ffdeb59b3caf43254459f88
2023-03-29 03:49:47,False,2.157e-10,6.851e-13,197535954136.0,1.35343,0x17...8b90,https://bscscan.com/tx/0xaafcea76b3482ea405c7e3f2c41d67c478d8cc150eb849896bc8dc5b6de67ca4
2023-03-29 03:47:08,False,2.158e-10,6.851e-13,2174818383.0,0.0149,0xd7...10c6,https://bscscan.com/tx/0xab94b25ac2919ad23b4bb1257377ff6b4dca84e091dcb87c427107ae64ab615f
2023-03-29 03:45:56,False,2.147e-10,6.851e-13,9000000000.0,0.0616,0x0e...3419,https://bscscan.com/tx/0x282b6233f37bacfa952ae001a312700ba2a968744fab9550ea74be5a20bf37e7
2023-03-29 03:42:05,True,2.169e-10,6.886e-13,3274215873.0,0.0225,0xa3...9d39,https://bscscan.com/tx/0x0607f94926c46f6ac4886e3d16261a4fbcda4c08087d7ff01d9a92575c5659bc
2023-03-29 03:40:41,True,2.159e-10,6.886e-13,1847650001.0,0.0127,0x67...bb35,https://bscscan.com/tx/0xe43472c83c7079e50047459ca5983b54c1b1596f839edf64b3e56e489540557a
2023-03-29 03:39:03,True,2.158e-10,6.886e-13,25413118355.0,0.175,0x1a...5467,https://bscscan.com/tx/0x847349d8de1266746ae6bbd96d2b7c290e4ef11c054d4d943e260ff6d55ae924
2023-03-29 03:33:55,False,2.159e-10,6.851e-13,3409723239.0,0.0233,0x77...cfb6,https://bscscan.com/tx/0x09c42d40c2c2c2b24123eb64cf9043291952bb12a624e1a04aec5d703b98ec77
2023-03-29 03:33:49,True,2.17e-10,6.886e-13,70432003574.0,0.485,0xf0...b9d6,https://bscscan.com/tx/0x5b64d340fc6aac22cd80fa3946275b9ea661147d01ce3d9ca1f5150a683f7193
2023-03-29 03:31:22,False,2.149e-10,6.851e-13,4428710368.0,0.0303,0x33...60ee,https://bscscan.com/tx/0x11bf3d85c14fccb6067d3af722d70947208f8c963d7808c0e785001d6cf442fa
2023-03-29 03:30:19,False,2.16e-10,6.851e-13,7147351678.0,0.0489,0x48...0756,https://bscscan.com/tx/0x7e9ed2bf4a27b8475e210016f86ad7c3415834848c5b0d01350c1bcdb17de576
2023-03-29 03:30:04,True,2.16e-10,6.885e-13,8277669030.0,0.057,0x2d...4214,https://bscscan.com/tx/0x214cbd30d7c6da312aa24668775fb21442331a8dbb1cc871603e62c19fc892aa
2023-03-29 03:27:16,False,2.149e-10,6.851e-13,25929534867.0,0.1776,0x5f...3151,https://bscscan.com/tx/0x154fe8d22d1e56c8c2de4df62df0a68607eaa701da826b0698d5bd03dd8d1900
2023-03-29 03:24:52,False,2.149e-10,6.851e-13,4109237487.0,0.0281,0x81...aee8,https://bscscan.com/tx/0xb1e6471c4e45e4096f6e2dc661118eff353e8aaac0cb9d9d3de0007ff383d667
2023-03-29 03:21:46,True,2.171e-10,6.886e-13,2474919137.0,0.017,0x78...48f3,https://bscscan.com/tx/0xdbb2d5300adcee1a7a56a5711f558806cfb6525ebb65403b9d56244b55bf88fe
2023-03-29 03:14:43,False,2.141e-10,6.851e-13,32781803304.0,0.2246,0xbd...b41e,https://bscscan.com/tx/0xc65bbbcc4239d9f33b88e316730f757904cad5eb01601474e7eb550724f5316b
2023-03-29 03:14:07,False,2.141e-10,6.851e-13,2246920673.0,0.0154,0x11...c354,https://bscscan.com/tx/0x83ec4a34efe3fffbcaaff9ad1969254ad065d6debad0393151afc0f29372fb3e
2023-03-29 03:13:43,True,2.152e-10,6.886e-13,377513747.0,0.0026,0x30...07a5,https://bscscan.com/tx/0x7b51caff8ba6c4ea7de96566e63ad2fe100bbe5e003f020c1dceaf4ba36fbd33
2023-03-29 03:10:22,False,2.151e-10,6.851e-13,2145953307.0,0.0147,0x00...b8af,https://bscscan.com/tx/0xcee39b65c5ad782a817c2876c03ebe7e6b0b16f82b93c7015f18e4bed06ba1d7
2023-03-29 03:09:22,True,2.151e-10,6.886e-13,8377190001.0,0.0576,0xd9...f1e8,https://bscscan.com/tx/0x9aee84fb44757d93a91328261a006c529d718d5308862ae72f81cb9b8430e9fa
2023-03-29 03:07:49,False,2.151e-10,6.851e-13,55882028092.0,0.3828,0x97...3c20,https://bscscan.com/tx/0xd2223aebc9dedc5b452a9881adde9d5320c0fad06b3fba8e51368de82c421914
2023-03-29 03:05:28,True,2.151e-10,6.886e-13,2000000000.0,0.0137,0x57...c9de,https://bscscan.com/tx/0x7ebeb22652d4b1937fd6c26d0d5954fec9cb187da74046decdaf286e818496db
2023-03-29 03:02:33,True,2.151e-10,6.886e-13,9000000000.0,0.0619,0x57...c9de,https://bscscan.com/tx/0xe070494e8716c1e781fbb5610eef09270cc6ca2ef1b4389f8c111892f7d16666
2023-03-29 02:55:39,True,2.158e-10,6.886e-13,86000000000.0,0.5922,0x57...c9de,https://bscscan.com/tx/0xebf657062776c51101c9e943e7858a3091a784f876ba7f7e3294badc06b459ec
2023-03-29 02:53:33,True,2.159e-10,6.886e-13,5950703484.0,0.0409,0x99...7a2b,https://bscscan.com/tx/0x119f89e37e78eef0f9ae1cefa87ea89040b265423c64ae0333511a2c01720ee6
2023-03-29 02:52:54,True,2.159e-10,6.885e-13,7261110607.0,0.05,0x10...35df,https://bscscan.com/tx/0xbc20defe6b3b2ff7c3f27dabfb6494b2e971321541c1ef6219b5b6a5702f599c
2023-03-29 02:43:35,False,2.15e-10,6.851e-13,50262671537.0,0.3443,0xb5...ba18,https://bscscan.com/tx/0x1a00b671ba68b7ded702d2d39f21579b91a890f0d8dbe756847571efc3b2ce3a
2023-03-29 02:40:59,False,2.15e-10,6.851e-13,39332580015.0,0.2695,0xaa...e9e5,https://bscscan.com/tx/0x05159e3a6226f649b3c565b7732c584b07397bf56d6787fb560cb387676f8df5
2023-03-29 02:40:44,True,2.161e-10,6.886e-13,3258498493.0,0.0224,0x0b...3f2d,https://bscscan.com/tx/0x2353267e1897f3d30f8f7d940b2aa547096026c43b611dab14af5ee0d01eb9fb
2023-03-29 02:38:35,True,2.15e-10,6.885e-13,460991305616.0,3.17419,0x7b...254e,https://bscscan.com/tx/0xbbe40e2da2166ed5f83f00a36226fca37aa180083d2bc15329dfbd05464f772b
2023-03-29 02:33:39,True,2.15e-10,6.884e-13,1177488658.0,0.0081,0x1a...a607,https://bscscan.com/tx/0xc45b1750d637281e1098e623f8c046e266efc0ba62bd59c20566664357e2bb7a
2023-03-29 02:32:48,False,2.139e-10,6.85e-13,141495587235.0,0.9693,0x3f...a623,https://bscscan.com/tx/0x8ee7ca3258fb07fb9636fdd2af996134766f6c402ec1cde11825a627abf7e91f
2023-03-29 02:26:18,True,2.149e-10,6.885e-13,1400000000.0,0.0096,0xa3...1700,https://bscscan.com/tx/0xc27a2ac1a09fd04920d3de6bd0d03db7c96f2f078be6b1f8ba8fa3271de37778
2023-03-29 02:21:36,True,2.148e-10,6.885e-13,17325189333.0,0.1192,0xd0...2acf,https://bscscan.com/tx/0x0d9b80a6e2496a10e26f5fb5e546207dd87bd4215539e8072566d4a94bfbb8aa
2023-03-29 02:21:27,False,2.138e-10,6.85e-13,22650167120.0,0.1551,0x89...c597,https://bscscan.com/tx/0xe958abe464c30662035cf04dbc85e2b2068d82b64d1cdc5e4cdef388f610a84d
2023-03-29 02:20:39,True,2.159e-10,6.885e-13,1301406298.0,0.0089,0x1b...5f1c,https://bscscan.com/tx/0x07405b405da3e972dd25c66a6607ecf9650019b0734a210a38fb67283e0b880e
2023-03-29 02:15:15,False,2.149e-10,6.851e-13,289640571376.0,1.98443,0xb5...a25e,https://bscscan.com/tx/0x19bc810ac700f631a21f97f00ca663c12fc90543a9d7faeed6cb801b68dd173f
2023-03-29 02:13:39,False,2.149e-10,6.851e-13,90000000000.0,0.6166,0x10...2c33,https://bscscan.com/tx/0xbf2629b98d4ad016d0e49edae1b55b339916c825e128e25f28768aab639fda29
2023-03-29 02:13:30,False,2.149e-10,6.852e-13,39025671059.0,0.2674,0x1b...0362,https://bscscan.com/tx/0x2b81101a14bec956a22876b35177492b4f53e00641938be427fcba61730da827
2023-03-29 02:13:06,True,2.16e-10,6.886e-13,6725991612.0,0.0463,0x80...8586,https://bscscan.com/tx/0xbad96b7394b8deb757a010f74ed5d9af8ca931162400b8ec2d5bfe9f7dfc46e4
2023-03-29 02:12:09,True,2.16e-10,6.886e-13,2322896263.0,0.016,0xc2...3f46,https://bscscan.com/tx/0xe77761f6457a4c0e51427d289635daa1631734ebcde95c959d4934f03ae44a94
2023-03-29 02:10:24,True,2.16e-10,6.886e-13,20347495009.0,0.1401,0x66...f0fd,https://bscscan.com/tx/0x4f15f89dd8019c4fbf4cfa6398a194dca8f40e092956657cb0474e78fb850660
2023-03-29 02:08:18,False,2.149e-10,6.852e-13,36275819525.0,0.2485,0x3e...90c2,https://bscscan.com/tx/0x2b043233d72deb9c6850ad7d9c7b4590d5773420f0654023166c2063fa9050ea
2023-03-29 02:07:45,False,2.149e-10,6.852e-13,2181556720.0,0.0149,0xe3...3a6a,https://bscscan.com/tx/0xbe090f71fcc0ed417e0cd199f7e3694aad5c5e55a79ff1634571244546c793a9
2023-03-29 02:01:09,True,2.148e-10,6.886e-13,26138034352.0,0.18,0xa9...fc86,https://bscscan.com/tx/0xd91c6761b597d2fc33b48176fd07939c3359d620bd45025cb412860974e530e8
2023-03-29 01:58:54,True,2.147e-10,6.886e-13,21874969890.0,0.1506,0xfe...1084,https://bscscan.com/tx/0xe2dd22c0feea8980dcf9c93e3ae95d37d14993d18e6b862b22d99a156a798a10
2023-03-29 01:53:24,False,2.147e-10,6.852e-13,3305269694.0,0.0226,0xf4...9caf,https://bscscan.com/tx/0xca8d6317743d811cc1b82cfddcfffd853fd4bc51e2f6d3a1a300c340ee549b71
2023-03-29 01:52:45,True,2.158e-10,6.886e-13,12006155886.0,0.0826,0x5b...baaf,https://bscscan.com/tx/0xe59119a6eedad401808bca7a38f21dfe7b72d7b27b2ac00b4167eb04574f4fca
2023-03-29 01:51:21,True,2.147e-10,6.886e-13,37000000000.0,0.2547,0x8e...4b4c,https://bscscan.com/tx/0x8e77e025cee6793f4096bf1c05767a921c72041f2d41cf23e89e2cb4639d4dce
2023-03-29 01:50:39,True,2.147e-10,6.886e-13,14521670437.0,0.1,0x8b...6a6c,https://bscscan.com/tx/0x2436eaff76c8254fcd8d3bd822d98e041b19496b59e1cd98e1e4b1ccf65637d6
2023-03-29 01:50:03,False,2.147e-10,6.851e-13,24710741896.0,0.1693,0x7a...2093,https://bscscan.com/tx/0x072d001c17807526d899e7b15a41be118e983687325324bd836da57c215b6f75
2023-03-29 01:47:51,True,2.158e-10,6.886e-13,18116222472.0,0.1247,0x9a...09f4,https://bscscan.com/tx/0x834f95c6d5addadaf7351bfebc871973355cc073645e377062747d1b0d4ab7d5
2023-03-29 01:43:33,True,2.157e-10,6.886e-13,308068276.0,0.0021,0xae...dbec,https://bscscan.com/tx/0x60cb0a687001f788254cfaa75bededdcc4706e0228590f39b326164f2817760d
2023-03-29 01:43:30,False,2.147e-10,6.851e-13,17429292974.0,0.1194,0x69...7e78,https://bscscan.com/tx/0x0037a466b30a862deab8b17e0872e031a116037296a4dbc0ed6fe7ac42005d35
2023-03-29 01:40:57,True,2.157e-10,6.886e-13,5223962665.0,0.0359,0x96...8997,https://bscscan.com/tx/0x7e18e44dbb1d54e25dc552c55468fcbfbacd29329921730976e1c60c07799868
2023-03-29 01:39:48,True,2.157e-10,6.886e-13,193670000000.0,1.33361,0xc2...1eb1,https://bscscan.com/tx/0xa479cbdf7e313d63a279fa548de2a1624f4cc540d0fc56d23d68b749b49048aa
2023-03-29 01:27:21,False,2.144e-10,6.851e-13,58488189105.0,0.4007,0xff...c779,https://bscscan.com/tx/0xed72610c759ab58ce692fcd5273880ec374eac45a160ceb5d3968e582c80148e
2023-03-29 01:24:45,True,2.144e-10,6.885e-13,1700000000.0,0.0117,0xd5...5c46,https://bscscan.com/tx/0x6d3b68f0ed5745bc560b0eafc5d72ae4e582c06d9b880c60a6cb6170fe568d26
2023-03-29 01:23:39,False,2.144e-10,6.851e-13,13407226530.0,0.0918,0x52...364e,https://bscscan.com/tx/0x2d2e349fd017353bdec515710f8c93207de442eee99bb73861d311ca3ddec175
2023-03-29 01:17:39,False,2.144e-10,6.851e-13,4407682517.0,0.0302,0xa2...6cc6,https://bscscan.com/tx/0x525d2227eea256802f6e7309488799a9bb89ac016a8807af007ebefcd0f02367
2023-03-29 01:10:24,False,2.144e-10,6.851e-13,14510780361.0,0.0994,0xf5...d6db,https://bscscan.com/tx/0xe51de5b9d4b4b71ea5a74a53eeb970ab458434a77feddb7cccd610a11ed342f8
2023-03-29 01:09:09,True,2.155e-10,6.885e-13,40000000000.0,0.2754,0xc7...639d,https://bscscan.com/tx/0x42d60beaac83bc2be411e8d2f6f3aa087c9eb6056b0a661eccbce391b61d1944
2023-03-29 01:08:24,False,2.134e-10,6.851e-13,70617212149.0,0.4838,0xf7...e2cf,https://bscscan.com/tx/0x3b6d2e43d6a02d30feb920bd6dd9ecd4bc698037d7340c7c3a4a35c7fdaf8117
2023-03-29 01:04:57,True,2.153e-10,6.886e-13,241926486.0,0.0016,0x5a...ecae,https://bscscan.com/tx/0x8ea10f5e5d44b8320ed69734857f7f4de0fa32ccd42c9b61eca6159aae4930f3
2023-03-29 01:04:54,True,2.153e-10,6.885e-13,387564312035.0,2.66858,0x14...c65a,https://bscscan.com/tx/0x19b413321119a1b6cc2a6e12872a8b24b238272fb515fe3f300c1971d8de1dfb
2023-03-29 01:04:27,False,2.142e-10,6.85e-13,11471090329.0,0.0785,0x08...654f,https://bscscan.com/tx/0xdb5943552f6e5005ad2197aa4fe1dd25d0a6643fc020a03fdec738daf624a35b
2023-03-29 01:03:54,False,2.141e-10,6.85e-13,15218198898.0,0.1042,0xc3...9b4f,https://bscscan.com/tx/0x02bf800e0f4394dc5a5a8d2de247dcdfc864657ca35b53e5a78da4bb28ff19db
2023-03-29 00:58:51,True,2.144e-10,6.885e-13,6000000000.0,0.0413,0x5c...3f8f,https://bscscan.com/tx/0x3cae2d8a18aafa1423fd2708f31817369884b48f668d9cfeec0ec195ed4ecd86
2023-03-29 00:58:39,False,2.134e-10,6.85e-13,32588784461.0,0.2232,0x69...8df3,https://bscscan.com/tx/0x8d43bca9d3c65c4b4a4d860d9bba2e2d3ba6db47dcf14586b35e438778f136bb
2023-03-29 00:53:35,False,2.134e-10,6.85e-13,3235404021.0,0.0221,0x07...2988,https://bscscan.com/tx/0x3c5e642acac01bd826cdfaeb0bf2092f805c359726396332aafb2e635c4ed637
2023-03-29 00:51:11,False,2.134e-10,6.85e-13,51744925048.0,0.3544,0x53...5992,https://bscscan.com/tx/0x8716e5ba8196aac708b7edc42d98429b7028fd69f81c421d0141d6baa452841f
2023-03-29 00:50:59,False,2.145e-10,6.85e-13,5101330283.0,0.0349,0x11...d43f,https://bscscan.com/tx/0x208fc6652ffce2d30471b905accd1e248e91f0b73e0f38d9741604be6d512a2b
2023-03-29 00:49:47,True,2.145e-10,6.885e-13,2889400000.0,0.0198,0x8f...c4f0,https://bscscan.com/tx/0x3006bf408a7939d9b42ca4bb4db8c4e59b3265e42248619290da38b0d223ed1d
2023-03-29 00:46:35,False,2.145e-10,6.85e-13,3941091001.0,0.027,0xc3...df3e,https://bscscan.com/tx/0x6b455adcffba5c8e29611ebc7d923b69ca3f15917185cd2b4860415873703856
2023-03-29 00:43:26,False,2.134e-10,6.85e-13,4758797354.0,0.0326,0xf2...b61a,https://bscscan.com/tx/0x9485370f2a80504df7d8192cec5f33792ab6ed5808175c787178810063c7fae9
2023-03-29 00:43:02,True,2.156e-10,6.885e-13,8750378243.0,0.0602,0xb1...a09b,https://bscscan.com/tx/0x79ea33b143f5265aab09b5d1853c87af4f4ad8f259671a283626ae3a31ea44a3
2023-03-29 00:41:32,False,2.134e-10,6.85e-13,22750440709.0,0.1558,0xef...a6c6,https://bscscan.com/tx/0x26058c64d5e03c51b4a0c837c643ad395add34ce5fa98374fb81c9cf1d182d0b
2023-03-29 00:40:35,True,2.156e-10,6.885e-13,10816347650.0,0.0744,0xaf...e444,https://bscscan.com/tx/0xbb77fb5b85f809b3999fd0e97b3c6fb0804f563f95c8d943575b7270a5534ef0
2023-03-29 00:39:08,True,2.156e-10,6.885e-13,200000000.0,0.0013,0xe5...e072,https://bscscan.com/tx/0xc4b18222b429a5308f3fbfc9ff2cb9d3e019bd0c4bc9c5ca0a498b1aebb0f348
2023-03-29 00:34:29,False,2.134e-10,6.85e-13,4547593195.0,0.0311,0xe6...4786,https://bscscan.com/tx/0x6cde4f16a9254bd1b61f7ae05e9c684f05d805bbdb5fbfbaaa077bc9e09ff4cc
2023-03-29 00:31:45,True,2.156e-10,6.885e-13,1452367048.0,0.01,0xa5...8804,https://bscscan.com/tx/0xf6d60d4452edb87b4fde99f6c6e2562cdff42cfc2e0023e7099501dbcc5fe9f3
2023-03-29 00:30:27,False,2.135e-10,6.85e-13,4481223579.0,0.0307,0x1a...9982,https://bscscan.com/tx/0x4e1f4f50efd1cc29a9efcde65ca18ef5d01edcfe7bd5b7f9412ec6996de96262
2023-03-29 00:29:57,False,2.145e-10,6.85e-13,29538161951.0,0.2023,0x43...bd28,https://bscscan.com/tx/0x030b6de0b818df493d481a609758f6df7ac9c3fa48aeb2347be43828eb6668a8
2023-03-29 00:29:51,True,2.156e-10,6.885e-13,14111111111.0,0.0971,0x9b...b4fb,https://bscscan.com/tx/0xb44aee055fca449e5ba81ba254b5be45170797283d494997061463e564b34957
2023-03-29 00:26:18,True,2.145e-10,6.885e-13,2430196893.0,0.0167,0x91...5e18,https://bscscan.com/tx/0x98fe9efdbb0e8cc5424692e526b94cc74ba043bae4ae71f13e9d3dea18b7fb5e
2023-03-29 00:23:21,False,2.135e-10,6.85e-13,15739891907.0,0.1078,0x74...d8cb,https://bscscan.com/tx/0x74633f9d96c364b709493caa0cd767aa9c4bc597d9fcecf8cfb5396709b43d44
2023-03-29 00:21:54,False,2.145e-10,6.851e-13,19958296167.0,0.1367,0x07...dce7,https://bscscan.com/tx/0x0d85d4f4085256e576ddf73670d73ba3d72021891b47a5983e85108c69389553
2023-03-29 00:20:30,True,2.156e-10,6.885e-13,6535516183.0,0.045,0x88...c58a,https://bscscan.com/tx/0x4b0386e8f22e9b0b591a3937a8aa4d89dcc87477b5cc5ea4e889b310bbb82ce7
2023-03-29 00:19:48,True,2.156e-10,6.885e-13,13874802724.0,0.0955,0x03...7cb5,https://bscscan.com/tx/0xd430b778ab08238c03d122d35e88e09d90a3caf122737bfa1475ea60315b9942
2023-03-29 00:17:03,True,2.148e-10,6.885e-13,1200000001.0,0.0082,0xbd...63dc,https://bscscan.com/tx/0x01ea4a30038221b0ce7093f866f1ac6011b174eb9e055fb71a01c9534df79be8
2023-03-29 00:15:03,False,2.138e-10,6.851e-13,7695851141.0,0.0527,0x6c...9895,https://bscscan.com/tx/0xf609c45f94f587a26ba856451897f4b7fbe4c1860e596a93d9c1ac386cd707aa
2023-03-29 00:10:45,True,2.16e-10,6.885e-13,3630912040.0,0.025,0x44...d0ba,https://bscscan.com/tx/0x97af267f2aea4369743d802c3464cc87131ea0f95bd59bb600e801848ba03406
2023-03-29 00:08:06,False,2.139e-10,6.851e-13,17103602811.0,0.1171,0x69...9528,https://bscscan.com/tx/0x7ae41faa3c66209c8e2da6f2936fe64961c595d403224b3e409cc148d96bf2f7
2023-03-29 00:03:51,True,2.161e-10,6.885e-13,20684300001.0,0.1424,0xad...2f66,https://bscscan.com/tx/0x79fd3a869575aaf13ed87a8bc2967db9e62e0da1b7c15e73936919ae85f5ec98
2023-03-29 00:01:29,False,2.14e-10,6.851e-13,33301707780.0,0.2281,0x67...39a5,https://bscscan.com/tx/0xec1d153ad02d091a1d99d2df45338f082302d03a60b7c3c2814c21172e185414
2023-03-29 00:01:11,True,2.151e-10,6.885e-13,865431958.0,0.0059,0x32...3cc3,https://bscscan.com/tx/0x0ed6abce80798598c5531869014996b3b49a460a5f0ed85afeee4ec3d6bf40ef
2023-03-28 23:57:53,True,2.151e-10,6.885e-13,10484000001.0,0.0721,0xad...2f66,https://bscscan.com/tx/0x284e5f654c9b6b8bea4ad2683f98c2298a18b2f183ae2695643cd824af716adb
2023-03-28 23:57:05,True,2.161e-10,6.885e-13,15249561519.0,0.105,0xb1...d2f2,https://bscscan.com/tx/0xcd448d3b229dc0eb2eb95402ceae06c53a136e27be7b250c65e11a40721249cc
2023-03-28 23:56:50,False,2.14e-10,6.851e-13,6442102903.0,0.0441,0x76...5ff7,https://bscscan.com/tx/0xdaf42f1fa9706f22a7f496a3ca4a14486c2b12bf9239ebc7f414779f8d89c91c
2023-03-28 23:53:32,True,2.161e-10,6.885e-13,1000000000.0,0.0068,0x32...5b21,https://bscscan.com/tx/0xdc3ba29365958d3fc989fa138ca83814157b37ed7965adb6fb1cd0eef2fc9e91
2023-03-28 23:50:47,False,2.152e-10,6.851e-13,65035843811.0,0.4455,0x6c...7648,https://bscscan.com/tx/0xbcd6c898c4abadbdacd758a0ac24fa0b4d4209b17249715979b098d1fdd06a5b
2023-03-28 23:50:17,True,2.152e-10,6.885e-13,31626900000.0,0.2177,0x05...7a0d,https://bscscan.com/tx/0x8ebf1b9d540f3200e6b66dda1ee063ba77ad10dab079241efbdf98787537b182
2023-03-28 23:50:17,True,2.151e-10,6.885e-13,111653303078.0,0.7687,0x52...e4c4,https://bscscan.com/tx/0xea489d97bea509dbf0806bc2796f3a1b925f2c7deaad31e2641e8a143194c64b
2023-03-28 23:47:47,False,2.142e-10,6.85e-13,35842521589.0,0.2455,0x2d...8b15,https://bscscan.com/tx/0x07288d95d296c1bd501d6afdd5cdafe4b24c54c6cc7e13082173651938d87e26
2023-03-28 23:47:26,True,2.154e-10,6.885e-13,2146096977.0,0.0147,0x61...ee9c,https://bscscan.com/tx/0xcfc613010c92d6e607d08cf3fd63f98286e806a3edb6ff88cf985a4d2631af19
2023-03-28 23:45:50,True,2.164e-10,6.885e-13,11800000000.0,0.0812,0x6f...b5e9,https://bscscan.com/tx/0x86dfe35dd8f5e22174bfbb93566a69c30c01f04bc36406f02d3c013350b4ebe0
2023-03-28 23:45:47,True,2.164e-10,6.885e-13,100000000.0,6.885e-05,0x1b...0fd2,https://bscscan.com/tx/0xac1e5e3f76b673c08b405b0e40ab5cbe2a63e038e69b568da5894a0d3e876cde
2023-03-28 23:43:29,True,2.164e-10,6.885e-13,5150993107.0,0.0354,0x67...6d6a,https://bscscan.com/tx/0x3585113e235e5637332cbcfdc72798d73276f002a29980218acd780326647b9a
2023-03-28 23:41:20,True,2.164e-10,6.885e-13,6466172266.0,0.0445,0x67...6d6a,https://bscscan.com/tx/0x882f53210a7961e30f02a19232913164291566414945ce83e4a4ffdc3d161e47
2023-03-28 23:33:42,True,2.164e-10,6.885e-13,5100000000.0,0.0351,0x8f...cfdd,https://bscscan.com/tx/0xfcb79ba4d2cad65d2e1811a56aed42dd6d223305718f16353925cbc194a8e608
2023-03-28 23:33:38,False,2.154e-10,6.851e-13,210004020348.0,1.43877,0x3c...f3ea,https://bscscan.com/tx/0xea9cadb28274f2bdaa5086c5b70eda44580644eab558c4ab26121b4fc014b8a8
2023-03-28 23:33:20,False,2.155e-10,6.851e-13,3162706389.0,0.0216,0x74...a65f,https://bscscan.com/tx/0x78037ca9eff1033fe850e2f2c5a1d712b858b2e6f7be10ba6b054da47b916b1f
2023-03-28 23:31:28,True,2.154e-10,6.885e-13,122470325567.0,0.8432,0x58...6831,https://bscscan.com/tx/0xc0d34b141cf091ce2e59498507d136203ca93c1f9fbc26219f7ed88e86e3656c
2023-03-28 23:29:40,True,2.152e-10,6.885e-13,9875866332.0,0.068,0x10...90a3,https://bscscan.com/tx/0x40563102445febe9a0c1d8175ac847e976453cbb96ff4c40000ab479a1ef08a9
2023-03-28 23:28:22,True,2.164e-10,6.885e-13,7431854810.0,0.0511,0x4f...57d2,https://bscscan.com/tx/0xe2e09af16470cfdc2d63d77e10b3f425ec3593b17450ed2ba09b776a7b25f80c
2023-03-28 23:26:43,True,2.154e-10,6.885e-13,11258500624.0,0.0775,0x67...6d6a,https://bscscan.com/tx/0x7dafd48b3d87a471788719e51ea91b8b860a3d2aba2165d09ae08f1346c9ab46
2023-03-28 23:23:22,True,2.165e-10,6.885e-13,16125710861.0,0.111,0x67...6d6a,https://bscscan.com/tx/0x2a6337f224f3a9fb69028b0874773334d547740eeabd1e750de391cac7a5f684
2023-03-28 23:22:49,True,2.164e-10,6.885e-13,155935950023.0,1.07364,0x18...6ca8,https://bscscan.com/tx/0x9f8e05b735e823256a8b4a41610628ce5cda429051388539f2a61a0d10d35b03
2023-03-28 23:22:31,False,2.143e-10,6.85e-13,103905999869.0,0.7118,0x9d...6809,https://bscscan.com/tx/0x53f4df1b790c7fa2a2f211e98c97d1143a6ef0559321ff1c10b4873049d43bc3
2023-03-28 23:21:55,False,2.154e-10,6.85e-13,13534843751.0,0.0927,0xa5...65c6,https://bscscan.com/tx/0x76fd7336ac25d1ee4d5a47bdc9f4cf3252fdd831c44a05ff56d6117bab21499b
2023-03-28 23:21:43,True,2.164e-10,6.885e-13,9792158295.0,0.0674,0x46...e94d,https://bscscan.com/tx/0x7eda0d6afc5f5438f8ba1a1ebe392b5a2eb4d3ed0c02ca3e2acc8134fb11a360
2023-03-28 23:20:34,False,2.153e-10,6.85e-13,5400000000.0,0.0369,0x99...6aef,https://bscscan.com/tx/0x038a9e97ef7087f8073fc30ae19080aa9314fd9479edc4ed48354cb4e2553881
2023-03-28 23:19:58,True,2.164e-10,6.885e-13,18398315039.0,0.1266,0x67...6d6a,https://bscscan.com/tx/0xd53f1be27b37ca2f1d3e2b86c8d337485d77cb4d32c69efe1f7cd1b7b1b649f1
2023-03-28 23:18:58,True,2.164e-10,6.885e-13,5439562888.0,0.0374,0x50...e068,https://bscscan.com/tx/0xd778697f342b4b354377936f5989ee619f78fcb90f6405d8b80b6d4ceb88e584
2023-03-28 23:17:19,False,2.153e-10,6.85e-13,5980421101.0,0.0409,0xdc...a142,https://bscscan.com/tx/0xa82d9502cc5d46733bde394bdaaab9a19f9fc87d0e023fe4ff109a154028e7bf
2023-03-28 23:15:58,True,2.153e-10,6.885e-13,3200662716.0,0.022,0x0a...74e9,https://bscscan.com/tx/0x00d44f5ef91abbee2c24621834e458879dd4836a2e15327416a15fd8349277c1
2023-03-28 23:12:23,True,2.154e-10,6.885e-13,1452397660.0,0.01,0xa1...f295,https://bscscan.com/tx/0x1c8e7391e63d6ec8e2a2a18334deff5f4cb2302438fefcc7bcc7e8f4ed68bc64
2023-03-28 23:12:08,False,2.154e-10,6.85e-13,5400083241.0,0.0369,0xac...63c7,https://bscscan.com/tx/0x2c03157bce9c876c7a21ff11c4b014a203c06ceef9c01bacfa5ec210f2082fff
2023-03-28 23:10:50,False,2.155e-10,6.85e-13,10643634309.0,0.0729,0x9b...f84a,https://bscscan.com/tx/0xd085f4c1b3fbd664eadef19f11ba3df80341beff51d1e504acaa3db510a552b6
2023-03-28 23:10:23,False,2.143e-10,6.85e-13,2893320000.0,0.0198,0x83...49c7,https://bscscan.com/tx/0xbfe762f3c05aa0d709e029e729659d0064f07f040caf9ac719785feade34c304
2023-03-28 23:09:32,False,2.154e-10,6.85e-13,7706950599.0,0.0528,0x59...2dd2,https://bscscan.com/tx/0xaa26021037d26cae3faaa92b9e4f44785cb1694f231cce4ab30db409340dff6e
2023-03-28 23:07:23,True,2.165e-10,6.885e-13,1298485755.0,0.0089,0x88...03d5,https://bscscan.com/tx/0x2a1a560a70f93b3ee61a5bd44d7a37a9e2e63b364ead287094162dd985b35f29
2023-03-28 23:06:35,True,2.165e-10,6.884e-13,726303023179.0,5.0,0x5a...ea8a,https://bscscan.com/tx/0xd6e21df90b02e6a8c142dcc509fa92889328ce92ce0b5ef3253db884d82ae11e
2023-03-28 23:01:14,True,2.154e-10,6.883e-13,1000000.0,6.883e-07,0x3c...caa1,https://bscscan.com/tx/0x52ebf82e9b0ec49a8416c51ecae0ca87562884751b4ecd766cae9d63d27b5a1e
2023-03-28 23:00:41,False,2.143e-10,6.848e-13,4500000000.0,0.0308,0x97...9aed,https://bscscan.com/tx/0xbbff762f49d78505b38d7a68506f359223f54d76f4d90e43685e207c58463370
2023-03-28 22:57:56,False,2.144e-10,6.848e-13,2637845821.0,0.018,0x59...4ec3,https://bscscan.com/tx/0x3a219bb2e810f07c4fe5c2474a777b8201e2846e1db959b8979b559933036624
2023-03-28 22:57:26,False,2.154e-10,6.848e-13,7820735914.0,0.0535,0x47...b4c1,https://bscscan.com/tx/0xcc6b3a6215febed353586fb3047cc0a5ac60f8a8facc900cae910e4243ecd010
2023-03-28 22:56:41,False,2.144e-10,6.848e-13,3486365550.0,0.0238,0x4a...eaec,https://bscscan.com/tx/0xf6008ad99c65f4beab6e59f7895336c9433f0169483060ffc2ca7aa5743dc2b2
2023-03-28 22:51:20,True,2.156e-10,6.883e-13,1195143342.0,0.0082,0x29...37ad,https://bscscan.com/tx/0x443fab9b0359b5aad7bfaadba1f9348f672cd14327db07b8b0be395ddd9e7a47
2023-03-28 22:49:26,True,2.167e-10,6.883e-13,11163500000.0,0.0768,0xd3...ac98,https://bscscan.com/tx/0xeba4727e75082b258e6f96b0c9f17cc7a406a57ab24c58d27389fa8c77f885ae
2023-03-28 22:48:56,True,2.169e-10,6.883e-13,9563500000.0,0.0658,0xd3...ac98,https://bscscan.com/tx/0x8b5ea55861815771b92fde223c6b8f4c49e34c32d7cfb34e7841ec2574937683
2023-03-28 22:48:29,True,2.158e-10,6.883e-13,8542900000.0,0.0588,0xd3...ac98,https://bscscan.com/tx/0x5efbda80c71caa086261d27a0a326dd85abd74fbfa308c4e53438f5b3b266dbe
2023-03-28 22:44:20,False,2.159e-10,6.848e-13,9362670278.0,0.0641,0x6f...6cd8,https://bscscan.com/tx/0x7d23a60974d9cb3625c211cca145225a4a9b3e2d716856ab7b267da1f98bbf6f
2023-03-28 22:43:50,False,2.149e-10,6.848e-13,7135461000.0,0.0488,0xd6...5440,https://bscscan.com/tx/0xdfacdb195dad2b86f9aa1b247134e47471029092ce434e86696cae74bc3532f7
2023-03-28 22:42:08,False,2.149e-10,6.848e-13,27987219938.0,0.1916,0x39...ad71,https://bscscan.com/tx/0xdc821a0d5c576e02305373ccf24d867aeacc2e45a8cb194d345610821e829608
2023-03-28 22:40:50,True,2.17e-10,6.883e-13,1750000000.0,0.012,0x92...5389,https://bscscan.com/tx/0x18ac3ab7bb1c0ebcb3e6b471647acf3b03a51a1f6f8182d9e825c2ea94ad3553
2023-03-28 22:39:23,False,2.149e-10,6.848e-13,49040509392.0,0.3358,0x03...a63a,https://bscscan.com/tx/0x3657a04be871d84dcbe1bec671b9bdea41927e93e7fbb178f4cacc9d49de3160
2023-03-28 22:35:41,True,2.16e-10,6.883e-13,232433772473.0,1.59985,0x1f...65cd,https://bscscan.com/tx/0xe064e471bfdab484da23855a37ff1853ed1eb5195540df70f6b63aae4fedb122
2023-03-28 22:34:26,True,2.171e-10,6.882e-13,4862502500.0,0.0334,0x45...091f,https://bscscan.com/tx/0x705a7bcef0f1335af3b7eb0903e1054510fac62c3a6665b76e5e4d499f080095
2023-03-28 22:34:02,False,2.16e-10,6.848e-13,121810745972.0,0.8342,0x5c...84e6,https://bscscan.com/tx/0xf667cb510c8c6ed40781dc3026baf4ba9e2ee7c5b631cd5f83e6146516e315af
2023-03-28 22:33:32,False,2.16e-10,6.848e-13,199977168667.0,1.36963,0x60...36db,https://bscscan.com/tx/0xc31c6376ff8065d4a485ebdc00e038c4321b6f39738d52f7b32a1beeee3a464d
2023-03-28 22:33:08,False,2.149e-10,6.849e-13,14602098729.0,0.1,0xa2...ff0b,https://bscscan.com/tx/0xde797a1493a99f7fe0d69ee7d1e732bbb7a37be0710d82b2a804870c85d96ae1
2023-03-28 22:29:50,False,2.16e-10,6.849e-13,16444006487.0,0.1126,0x47...baf2,https://bscscan.com/tx/0x934f31aca706e448750463e362ecd28bf85b21164212feb04290f0b22eb0642b
2023-03-28 22:29:38,True,2.171e-10,6.883e-13,4067590575.0,0.028,0xdf...9335,https://bscscan.com/tx/0x2003918a0c91ad0a1de9bae3cdf351f9bcc29f77a687c8e47c717ba8acb26adb
2023-03-28 22:26:23,True,2.16e-10,6.883e-13,3000000000.0,0.0206,0xfb...3acb,https://bscscan.com/tx/0x73834685af67888dca3f01e6e6a6c07fe408eb2283782b83c7ffbc0a041367d5
2023-03-28 22:26:08,True,2.16e-10,6.883e-13,1452714459.0,0.01,0xc5...e17a,https://bscscan.com/tx/0x3d2efa22b9af13e36988244e3d68d15774f9bd81e472d3d3e97c2ec04b4daa5c
2023-03-28 22:19:26,True,2.16e-10,6.883e-13,100000000.0,6.883e-05,0xec...b571,https://bscscan.com/tx/0x06648902f971f7e8e6f7de9b804698adf397778a17583ccd2235131ea36ef042
2023-03-28 22:19:11,True,2.171e-10,6.883e-13,645348464.0,0.0044,0xf3...f9f6,https://bscscan.com/tx/0xe61fd84703eea250263ac7cbcc21042cd8f7c565d2b68726ce4e656bd9dca8b0
2023-03-28 22:14:56,True,2.16e-10,6.883e-13,24063999611.0,0.1656,0x5b...1c1f,https://bscscan.com/tx/0x1d9cf9ec9618cf974ef280c65484c815f6ec34a9914f0daf1084272bb640c676
2023-03-28 22:14:44,True,2.171e-10,6.883e-13,300000000.0,0.002,0xdf...5621,https://bscscan.com/tx/0xc1925df951d9be6569e2dcd65affcae0f842e7834d75891547f7a3474ffc6d6b
2023-03-28 22:13:23,True,2.16e-10,6.883e-13,8900000000.0,0.0612,0xec...b571,https://bscscan.com/tx/0xca53d149a2474787f7ff0d6cb85cf7de7a9b510d656f0684116048e5b2e6fba4
2023-03-28 22:12:23,True,2.161e-10,6.883e-13,1000063544.0,0.0068,0x92...5389,https://bscscan.com/tx/0xb30f915b3dfb8cfa0a89c81faec4e6d6f5226727e8a2ddcec581ce0e265ac400
2023-03-28 22:10:50,False,2.15e-10,6.849e-13,19398373080.0,0.1328,0x79...77f9,https://bscscan.com/tx/0xf82fb60657bb2ce1ce7e47c18d261bcf931cec5731f118102348c639712b4be5
2023-03-28 22:09:38,True,2.16e-10,6.883e-13,3704450461.0,0.0255,0x2f...3d77,https://bscscan.com/tx/0x18f2e597205d8267427e263ab82456305262e9a6980b0769dd5d116756251a15
2023-03-28 22:06:32,True,2.172e-10,6.883e-13,3792807621.0,0.0261,0x2f...07c7,https://bscscan.com/tx/0x5e0fcf7a917fb4aced747a109562de9420769f6a71993e80d6563c90b2cfb7d5
2023-03-28 22:04:47,True,2.173e-10,6.883e-13,5810920000.0,0.04,0x56...1f4e,https://bscscan.com/tx/0xb98be15339177814243d315beab0958e08ddb2ed8c04b94bfb1f2b77c7ffc29b
2023-03-28 22:04:17,False,2.162e-10,6.849e-13,45758013822.0,0.3134,0xc2...6529,https://bscscan.com/tx/0xedf4097c4ad1687e4f7ce46447f5ac1c902222e69ed5414348f91f9a1abb4d2e
2023-03-28 22:02:47,True,2.163e-10,6.883e-13,43467400001.0,0.2992,0xb5...ba18,https://bscscan.com/tx/0xe110738eb9307fcb2dc5c93fa4db8e6d4a47525537a75e3a0c2653632e0c3211
2023-03-28 22:01:36,False,2.161e-10,6.849e-13,972041652.0,0.0066,0xab...4722,https://bscscan.com/tx/0x72054e52000f38ab326b41dc391746367e0ef0c21f458299f928ba383942500c
2023-03-28 22:00:48,False,2.162e-10,6.849e-13,11042123893.0,0.0756,0x4c...1659,https://bscscan.com/tx/0x06423558b255cbef350a4358f9b2de14ed4513bb8ebf00c6d4584545dff58121
2023-03-28 21:59:42,False,2.151e-10,6.849e-13,24508825284.0,0.1678,0x92...22cc,https://bscscan.com/tx/0x8565eb3bf0684d097f6115165b923471be206891c0d0537b4f5108f0db187372
2023-03-28 21:57:54,True,2.173e-10,6.883e-13,10000000000.0,0.0688,0xa9...3691,https://bscscan.com/tx/0x2c2692dc637c231342a9fc6fc13f25ab8ac0394aff082f57648c356e5d27b984
2023-03-28 21:57:48,True,2.173e-10,6.883e-13,18585100001.0,0.1279,0xb5...ba18,https://bscscan.com/tx/0x75864180217b2b231bc78062432ad1a48a7d5acda3346876ca3b732d69bdd74b
2023-03-28 21:57:30,True,2.162e-10,6.883e-13,73584505840.0,0.5065,0xa5...79f4,https://bscscan.com/tx/0xdfc4512dd90ef2a3bbec6b568511ffee908d48e92179dec07a52e8bd39431fc5
2023-03-28 21:55:42,True,2.173e-10,6.883e-13,4358319371.0,0.03,0x04...ed64,https://bscscan.com/tx/0x3f190734dd96b76ae0a3dbf0f710fd66a547095dc78059a610b1cea6a339de4d
2023-03-28 21:55:27,False,2.151e-10,6.849e-13,8771872272.0,0.06,0xae...b2cd,https://bscscan.com/tx/0x4c67790259b789ad249ada63e9fb57eee9abd8388831ba8fa62ab0c6e0f23a26
2023-03-28 21:52:00,True,2.164e-10,6.883e-13,1635648580.0,0.0112,0x78...08fb,https://bscscan.com/tx/0x5c2949b93736d5f9d77f90b1b5861da203122eb032535213398aece997c857fb
2023-03-28 21:46:51,True,2.153e-10,6.883e-13,47017351367.0,0.3236,0x9e...6637,https://bscscan.com/tx/0xb08572addda02771d6cb7343d875384adc3d5a59375fd86a7723404be586a255
2023-03-28 21:46:15,True,2.164e-10,6.883e-13,4358400001.0,0.03,0xa7...e052,https://bscscan.com/tx/0x050c7e5198b8896106d7406aa23991e7baa9fb2e37168988b570d6fee3c35795
2023-03-28 21:45:18,False,2.153e-10,6.849e-13,90067500000.0,0.6168,0x46...a2d6,https://bscscan.com/tx/0x39cb6d6e4b1ef92d3f4a94dab5b418cdad1e23cf918c95542dd278dc988477b0
2023-03-28 21:41:21,False,2.142e-10,6.849e-13,83908596205.0,0.5747,0xff...6e5c,https://bscscan.com/tx/0xfa25baa19c82dada7b9cdf63ebd1ff9efb0047b128550aefe0eaa870ac27999c
2023-03-28 21:36:48,True,2.164e-10,6.883e-13,5229707774.0,0.036,0xdb...a94f,https://bscscan.com/tx/0x03cd23c484f5673b771793277ac07a6bf2ac840ba75ff55d6e7ec5d80fdb9c0e
2023-03-28 21:34:27,True,2.153e-10,6.883e-13,4114020218.0,0.0283,0xc7...0f45,https://bscscan.com/tx/0x9d2746a03e39850c12e30fcb87285b5377e19e039f2e98903d3a7599e3134fba
2023-03-28 21:34:18,False,2.153e-10,6.849e-13,7721474650.0,0.0528,0xe4...8cb1,https://bscscan.com/tx/0x4e02e287821fdeeeeca04514af42616521d94cca461c8bb6e663f7df45b9396c
2023-03-28 21:33:33,False,2.152e-10,6.849e-13,8700514059.0,0.0595,0xa8...44d7,https://bscscan.com/tx/0x2abb2990538e93088b692650770ebd421d2f3348c9057407f3ba619a5ef02e57
2023-03-28 21:33:03,True,2.152e-10,6.883e-13,13050246384.0,0.0898,0xc7...0f45,https://bscscan.com/tx/0xdc2769e919d29369d9407df6865661fa304c326c5c968ece46b0176d09c410f8
2023-03-28 21:32:51,False,2.141e-10,6.849e-13,160761384341.0,1.10115,0x81...71cb,https://bscscan.com/tx/0x29654efe14de008a2a68bacc638cfb7554a495ba0533c66465cf59fff738bb14
2023-03-28 21:32:06,True,2.152e-10,6.884e-13,1000000000.0,0.0068,0x09...7301,https://bscscan.com/tx/0x62252b8c57166bf269ee9550e0ad4a966c6740452fc2a1023fe310aea1fbcaa3
2023-03-28 21:30:45,False,2.141e-10,6.849e-13,53587127428.0,0.367,0x81...71cb,https://bscscan.com/tx/0xc13c113e17a18af9cd7c8030c590cc6442562337483b430427f1a99269d7a2c6
2023-03-28 21:22:33,True,2.154e-10,6.884e-13,175000000.0,0.0012,0xc7...0f45,https://bscscan.com/tx/0x6970c0f7c7d16df1e79a9aa3308ac372711c89085835566946b029683094d565
2023-03-28 21:22:15,False,2.144e-10,6.85e-13,67764349050.0,0.4641,0xe7...fdef,https://bscscan.com/tx/0x2d3b6dcfb191d3b08e12b5f6809c265f1dd29026c9d0b706d30eb72f0190473e
2023-03-28 21:21:24,False,2.144e-10,6.85e-13,5758012074.0,0.0394,0xdf...28c8,https://bscscan.com/tx/0x9896c4e6679644d68e07d5941273f00e06df93740538aa8d379afd186cbcfeb2
2023-03-28 21:20:54,False,2.144e-10,6.85e-13,1451255144.0,0.0099,0x9c...8314,https://bscscan.com/tx/0x0db375c34bdb87387d6eac60b4b3ed96d3c9aa5dd8ed3957b4d2e13b6b8edb8b
2023-03-28 21:20:06,True,2.155e-10,6.884e-13,5737468960.0,0.0395,0xd8...b6bb,https://bscscan.com/tx/0x2d9f1b4bcc67bfa983adf5c5761aeca2b1857228e606ba1315e119d9f3b79973
2023-03-28 21:20:00,True,2.166e-10,6.884e-13,40000000000.0,0.2753,0x88...c92d,https://bscscan.com/tx/0xe4298c4a5cafb7d2f1eddeba6410f1925fb16bc33d7908596ac6507cc30b76fe
2023-03-28 21:19:57,True,2.166e-10,6.884e-13,4757411047.0,0.0327,0x07...70f6,https://bscscan.com/tx/0x34bdc6afbe7905cddd7431cc793c67dfdff23b714bf7e5e3893513fd97fedd79
2023-03-28 21:19:45,False,2.155e-10,6.85e-13,14133739563.0,0.0968,0xe6...f7e2,https://bscscan.com/tx/0xeeb7ceb3bf9b483d5b8c4fa4c18d842cdec1c03bee1a58d0d32b00bbed4b577f
2023-03-28 21:12:10,False,2.158e-10,6.85e-13,105427649051.0,0.7222,0xb0...b1f5,https://bscscan.com/tx/0x9c7f26652f6db557b959c26e5f594f8854a9c5c2e84c9aa940c74776f9065733
2023-03-28 21:10:19,True,2.158e-10,6.884e-13,12436010459.0,0.0856,0x07...7bb0,https://bscscan.com/tx/0x7a859542e1b195c68b4418693a62aa52ff02c99b1bfb00cbd4149504021dc350
2023-03-28 21:09:40,False,2.158e-10,6.85e-13,8381718000.0,0.0574,0x03...d408,https://bscscan.com/tx/0x36b504b66df189fe6b2d9fdefb2a847081d06c755c65d0c43d79b33a036aa681
2023-03-28 21:04:43,False,2.157e-10,6.85e-13,12152363132.0,0.0832,0x8b...1e96,https://bscscan.com/tx/0xfa6f1e638f4d2f8d81032cf47177cbf9992162aeae2311c405018249aa678a70
2023-03-28 21:03:07,True,2.168e-10,6.884e-13,203851296364.0,1.40342,0x0c...98e8,https://bscscan.com/tx/0xdc20c2bed8e7ffa80b1858d3c9af0eac2fc94960bb34ef235ac432fb8737e6ff
2023-03-28 21:02:22,True,2.157e-10,6.884e-13,13302300000.0,0.0915,0xc9...b84c,https://bscscan.com/tx/0x3c1efab1518bc11c9d824aa9218dcebdab26ce8d70ad9e5c53fd9c570b664ac3
2023-03-28 21:01:46,True,2.157e-10,6.884e-13,22303100001.0,0.1535,0x88...c92d,https://bscscan.com/tx/0x735177dbacc52b56d67af9c941043dc7760b366e4d8e5daec9dd802ec630925d
2023-03-28 20:59:28,False,2.155e-10,6.849e-13,11416790150.0,0.0782,0x48...4a3f,https://bscscan.com/tx/0xcfafe6429117fc77668ea419da2adb94e0e98981aaee1458762fb8a0f41508f1
2023-03-28 20:58:58,False,2.145e-10,6.849e-13,16170881859.0,0.1107,0xc9...b84c,https://bscscan.com/tx/0xd7ac977e81d9239d59623eba3fc3ecacffa7082879703f54044ebde16d72bf90
2023-03-28 20:55:34,True,2.149e-10,6.884e-13,24602174089.0,0.1693,0xc7...1213,https://bscscan.com/tx/0x720caebb6e7a1d5c06cb696494ae2175658f9d37f4924472cebccdc269ee07de
2023-03-28 20:55:10,True,2.162e-10,6.884e-13,2905242184.0,0.02,0xf3...f9f6,https://bscscan.com/tx/0xf0a4cc6438e4751d6a7485a430d269fc19befac07e8be6c320cb00f85283021e
2023-03-28 20:55:07,True,2.162e-10,6.884e-13,1422376281.0,0.0097,0x20...ad1c,https://bscscan.com/tx/0x228f2692a36c631f403f97756fbbb25fc889282ac077484354b2e3a5b6922963
2023-03-28 20:53:52,True,2.15e-10,6.884e-13,3184257014.0,0.0219,0xcc...3589,https://bscscan.com/tx/0x1bfb37bdd23a2d11ddfcd697b096e7fa71d09b0c9863655365c475b8fa9242db
2023-03-28 20:47:36,True,2.148e-10,6.883e-13,96445346755.0,0.6639,0x69...6f65,https://bscscan.com/tx/0x272c77a37b3da1112a7ab2e5948afebec8506b61f22ca7f1bc7667f8f68cfab6
2023-03-28 20:46:54,True,2.147e-10,6.883e-13,2120405543.0,0.0146,0x0e...e9a8,https://bscscan.com/tx/0x97d8380bb4a2efc8c40f98ddd155f5ac0d7b7908d3c091a9ab305f09729c08af
2023-03-28 20:45:57,False,2.143e-10,6.849e-13,7677864333.0,0.0525,0xe7...c299,https://bscscan.com/tx/0x7d5cf7690a85e3aa5bf0fd60d17649c25fdf8d9e3152387d17440593005dd062
2023-03-28 20:45:21,True,2.147e-10,6.883e-13,35141951981.0,0.2419,0xae...0a99,https://bscscan.com/tx/0xfd8ae91bf037d21e91237afd8fcaf7944cd4e43a32819eac19f2570888fa708a
2023-03-28 20:44:30,True,2.144e-10,6.883e-13,14866677998.0,0.1023,0xae...0a99,https://bscscan.com/tx/0x4e0768b74b9304cb1bd6d5dd7fda034e5bff3a7bdb81bda664464d4a413d2d54
2023-03-28 20:44:09,True,2.144e-10,6.883e-13,86730000000.0,0.597,0x7a...aad0,https://bscscan.com/tx/0x259de334998099f53e0b35016f35bd5ca6d20b5fb0d4b334fe7e62944cbd6fce
2023-03-28 20:44:00,True,2.133e-10,6.883e-13,231891046.0,0.0016,0x7d...f7e1,https://bscscan.com/tx/0xe2a59c6aa0df3f2765698bcb2a9a2872b4d50d392440fcc772cb64beb8e17ebf
2023-03-28 20:42:12,True,2.142e-10,6.883e-13,1888595109.0,0.013,0x1e...e593,https://bscscan.com/tx/0xccb0c7da8d79e192cdf469d24b633214046a1e38d3bd3b616454f810ae809e71
2023-03-28 20:41:39,True,2.132e-10,6.883e-13,4000000000.0,0.0275,0x67...144c,https://bscscan.com/tx/0x718e72ea6fa94c58d2701ecf93f3d814d52692498df2d3240b1ec34ef789e337
2023-03-28 20:40:09,False,2.132e-10,6.849e-13,221880644631.0,1.51974,0x4c...17ae,https://bscscan.com/tx/0xdd2403c01a1ae6b1e73216450a6f80d3bdabd876f8c73bd3e758d261cb42aa8c
2023-03-28 20:33:27,False,2.131e-10,6.849e-13,6963177997.0,0.0477,0xf9...488d,https://bscscan.com/tx/0x489309572a6535a958ed4a2a39be14eaea50e5af8b64de44c6ee8dc156201278
2023-03-28 20:29:00,False,2.121e-10,6.849e-13,10045488153.0,0.0688,0x82...d139,https://bscscan.com/tx/0x5937d7b765abdc8f24f4ab0530b9a1497b8419c5e175fc6b76942455530bb36e
2023-03-28 20:28:42,True,2.132e-10,6.884e-13,4067345198.0,0.028,0xf2...ea33,https://bscscan.com/tx/0x25d3a7e681ac9e0ea50340afaf857eb41cbcd9a72a447ad03713791a2cc8eda2
2023-03-28 20:28:24,False,2.121e-10,6.849e-13,1902381697.0,0.013,0x18...9f4a,https://bscscan.com/tx/0xe6bb1b24287250c9b58e0b66feab0dbf70598714dd298d0944aea73ebc6d895e
2023-03-28 20:25:33,False,2.132e-10,6.849e-13,3260697989.0,0.0223,0x19...0432,https://bscscan.com/tx/0xbff0999c24a1382827fceab91858292921ad3999cf8b35d08069e2a64364504f
2023-03-28 20:24:21,True,2.132e-10,6.884e-13,4357868127.0,0.03,0x27...0a51,https://bscscan.com/tx/0xe41d38ee4d4d1767a2244b34b7ec89208f5ebe07310b561f97578fc11ccb942c
2023-03-28 20:24:18,False,2.131e-10,6.849e-13,140431680739.0,0.9619,0xd0...d477,https://bscscan.com/tx/0x21952ead457bfcb9f9e6064ed023a6c864d580a1468ed518b1328dc3abe3d894
2023-03-28 20:21:21,False,2.131e-10,6.85e-13,57096374902.0,0.3911,0xde...6ae5,https://bscscan.com/tx/0x5194f069178fb1feb212590a97150e759a0038b832578fd8ef869f393f04c900
2023-03-28 20:20:57,True,2.141e-10,6.884e-13,21646136150.0,0.149,0x6e...4371,https://bscscan.com/tx/0xf9d72e23e168afeb9f1f38a5c0298e270e2fe4782625d5e5708440fd2c945d1f
2023-03-28 20:20:42,True,2.13e-10,6.884e-13,1491537581.0,0.0102,0x47...7629,https://bscscan.com/tx/0xad310f1601621b62c32cc1477252488ce97f79c36edf6ac66facda91def4232f
2023-03-28 20:19:30,False,2.13e-10,6.85e-13,4634421338.0,0.0317,0x97...2dec,https://bscscan.com/tx/0xe49981286d5749d4a0beaf93251245894ba3b5a1c9cb9c6536416594d09d414d
2023-03-28 20:19:15,False,2.13e-10,6.85e-13,38129774553.0,0.2612,0xd7...6d54,https://bscscan.com/tx/0xa7e579c04eb82a549cb28e09620151fad819f894793a2f60c6a120e7c2320211
2023-03-28 20:13:33,False,2.131e-10,6.85e-13,2313918558.0,0.0158,0x10...fba0,https://bscscan.com/tx/0x42189340acade7fbc9658b86265e21ed96f1219c5161114f6ea8ff3c8aae0297
2023-03-28 20:12:54,False,2.131e-10,6.85e-13,9001961467.0,0.0616,0xf9...6e0d,https://bscscan.com/tx/0xea65aee34409e72d98015b13cda3b9dc0473ed6c97cf8fcf29fa0ef5db519ae0
2023-03-28 20:12:36,False,2.12e-10,6.85e-13,6705379854.0,0.0459,0xac...a419,https://bscscan.com/tx/0x2259e7305f6b58f482f3804d4d8949b8ae872d94002c9da8353e4c7901613efe
2023-03-28 20:11:27,True,2.131e-10,6.884e-13,5417438562.0,0.0373,0x37...fb61,https://bscscan.com/tx/0x327887fe2474cf432f9e919e45a27d0b53096fcfaf224bb319317d7bc323e2bd
2023-03-28 20:11:03,False,2.131e-10,6.85e-13,8340084878.0,0.0571,0x96...e23f,https://bscscan.com/tx/0x621acecf95366c174becd78d00711ccc02198579030f0e2e96a9a30dc9925a71
2023-03-28 20:10:27,False,2.121e-10,6.85e-13,3637979673.0,0.0249,0x46...5984,https://bscscan.com/tx/0x71fecdbe15f2a1461684a7240404c1b2b7331eb1b28c391f9b9c66ac3f407dc3
2023-03-28 20:09:45,True,2.131e-10,6.884e-13,5083000000.0,0.035,0xb4...9dd6,https://bscscan.com/tx/0x82ff6026c097bb602c9a579f9b16d819a300c5e7db9588a2ca5188c32f0e03db
2023-03-28 20:04:30,True,2.131e-10,6.884e-13,500000000.0,0.0034,0x22...f9f2,https://bscscan.com/tx/0x4c370168ef77e35ae6d10a08a409293180803091c14798c7c92451542dba55d0
2023-03-28 20:03:54,False,2.131e-10,6.85e-13,60032790000.0,0.4112,0x65...3ffb,https://bscscan.com/tx/0x22807ed01e300234c99ed83a63ea889058b556ca087135ba983d17b6829239e2
2023-03-28 20:03:48,True,2.142e-10,6.884e-13,4842596427.0,0.0333,0xcb...6e8e,https://bscscan.com/tx/0xd9154b9168ddf5afbce86083dd8c6ae85e4b42ac6d3912316e18194d305274bb
2023-03-28 20:03:15,False,2.132e-10,6.85e-13,52200000000.0,0.3576,0xdc...92ea,https://bscscan.com/tx/0x284291e425c1fefe5f5d2b439f00b00b469979424b5d22b1358e59158493f96b
2023-03-28 20:03:00,False,2.132e-10,6.85e-13,7065511203.0,0.0484,0xf8...15ce,https://bscscan.com/tx/0xfaec58d05b7bda4da807d146fb82ee0479040a2ff8eca8d8ed882c7e724c1938
2023-03-28 20:02:42,True,2.132e-10,6.885e-13,8714470963.0,0.06,0x78...51ec,https://bscscan.com/tx/0x013314166552c876125933ceaacac225347353d99379fbed7a08ba43052d8fed
2023-03-28 20:01:41,True,2.142e-10,6.885e-13,6000000000.0,0.0413,0x22...f9f2,https://bscscan.com/tx/0x7366916ade586648fc5a75de31866148decb6ce61682f2e862319820f7c86129
2023-03-28 20:00:35,True,2.143e-10,6.885e-13,47163735284.0,0.3247,0xb4...a0e8,https://bscscan.com/tx/0x6b27407615e62aae9a7811f46fb2d9c2a3a8dd1d0b3e35c4bf8dba3d02a844aa
2023-03-28 19:59:53,False,2.132e-10,6.85e-13,11767174813.0,0.0806,0xa3...a9f4,https://bscscan.com/tx/0x416fdef8c4d0299e60a9416034b8af220767f22ae2bf6345b04e38821822e6ad
2023-03-28 19:58:29,True,2.144e-10,6.884e-13,29763732643.0,0.2049,0xa5...b0a0,https://bscscan.com/tx/0xfb39788769cfdcacd11e0c1f093071cc6c9c6700c065056bf5c90c0b564dfce8
2023-03-28 19:57:11,True,2.133e-10,6.884e-13,6700000000.0,0.0461,0xdd...4d97,https://bscscan.com/tx/0x4244e598d46f82b31105d41b11f7652df12f3bf0147263870ed11d41d2a8f4d4
2023-03-28 19:57:02,True,2.144e-10,6.884e-13,6722003265.0,0.0462,0x71...542e,https://bscscan.com/tx/0x8125aa06dc75f6d08c98ed11a9e1ad0d3f14f6162e3b20f1ebb1cf45c8dea363
2023-03-28 19:56:41,True,2.144e-10,6.884e-13,74001954203.0,0.5094,0xa5...79f4,https://bscscan.com/tx/0xc745345d92ef6159e7bcd18c4c4cea925c068c6e1ea0ff0dcb4d9f6cd13f505a
2023-03-28 19:55:08,False,2.133e-10,6.85e-13,5688466256.0,0.0389,0xa9...af16,https://bscscan.com/tx/0x0cd66c0eaecf81cdcfcacb516935799c374cf6430d8dab096c3823da745db0ad
2023-03-28 19:49:29,True,2.143e-10,6.884e-13,3354566051.0,0.023,0xa2...146c,https://bscscan.com/tx/0xbaa00a654280d620aa53c746f04082a5419241de085ef00a6714a34fefc04fa4
2023-03-28 19:47:05,True,2.133e-10,6.884e-13,47933335375.0,0.33,0x3b...5676,https://bscscan.com/tx/0x6cd11e6568729a9797ea982ea2ee26ba37f54585a422758e433359b1e73cdfcd
2023-03-28 19:46:41,True,2.143e-10,6.884e-13,1452540474.0,0.01,0x20...a2d1,https://bscscan.com/tx/0x0cbb40c83c48d7598f3f7325ceae0404ee5dfa1afac05dab85cdec2d4604f1d8
2023-03-28 19:45:59,True,2.143e-10,6.884e-13,378039001.0,0.0026,0x0b...edc3,https://bscscan.com/tx/0xedbb2284b1b6991fa36190f2130d283bac719b48dc28cf0dcd401b43374617d4
2023-03-28 19:43:47,True,2.143e-10,6.884e-13,20971230130.0,0.1443,0xfd...db4b,https://bscscan.com/tx/0xe5285597ae23307f1c54e7a61498cd208162e74b8c994c4ab153f8ebaac5b908
2023-03-28 19:43:26,True,2.143e-10,6.884e-13,8500000000.0,0.0585,0xa0...5aed,https://bscscan.com/tx/0xa3af21c403e9c318f870020270ecc652ba34477e5c7a64084306b16af42c7eaa
2023-03-28 19:43:02,True,2.132e-10,6.884e-13,1787146189.0,0.0123,0x27...1d25,https://bscscan.com/tx/0x09816b6cd2114a62341d166371b273624f17b1f30b28b4f684546a136131d562
2023-03-28 19:42:02,True,2.132e-10,6.884e-13,1800000000.0,0.0123,0x89...70b1,https://bscscan.com/tx/0x4a4bca21a9866fd5e9febdc02ed360fd242f974a121769c9fe1ac0a63b278fc2
2023-03-28 19:41:30,True,2.143e-10,6.884e-13,4501597853.0,0.0309,0x87...efe3,https://bscscan.com/tx/0x86567edb9b92822be9889dccd99fad59af4ea5c000ea63e84b96230c245eb4a5
2023-03-28 19:39:45,True,2.143e-10,6.884e-13,8307015245.0,0.0571,0x5c...ba2c,https://bscscan.com/tx/0xf8ed945b0579e0896be779b9d31090ce550483f9e5a8edb8a33a3724b12246bf
2023-03-28 19:39:15,True,2.143e-10,6.884e-13,8386276499.0,0.0577,0xce...3f2b,https://bscscan.com/tx/0x18a0d4f1825873ff7fc424b1d540a9b33e2f1cab8a4a9d8460d9c8dfc6de89ef
2023-03-28 19:38:57,True,2.132e-10,6.884e-13,2324120343.0,0.016,0x55...09e7,https://bscscan.com/tx/0xcc37c12d747c76c7808bbc07c9704f2ebf0f9a60b002472796e3774bdf290c79
2023-03-28 19:38:12,True,2.143e-10,6.884e-13,2759895876.0,0.019,0x04...5467,https://bscscan.com/tx/0x9d9dd1c66ec4c84f7c2670330ed402f6c76c874d073ca47a3a534c90b0efd1c5
2023-03-28 19:38:03,False,2.133e-10,6.849e-13,15595335157.0,0.1068,0x2e...2390,https://bscscan.com/tx/0xa5c95c3ddaa09092bf0b8231924df451d7c902cdb1607be0d193d425085cffcb
2023-03-28 19:31:21,True,2.133e-10,6.884e-13,14525725319.0,0.1,0x95...1b9b,https://bscscan.com/tx/0x87c4eea67ea0ee347d05f62549f75b184353bbc22910c1af258502c5627f8999
2023-03-28 19:31:12,False,2.133e-10,6.85e-13,372906921826.0,2.55459,0xc7...eba0,https://bscscan.com/tx/0x83770e0404eff9a04e38e3df5ca56749d0047a7fa989f00e149d00b891a2ad7f
2023-03-28 19:29:48,False,2.123e-10,6.851e-13,1987951554.0,0.0136,0x72...374b,https://bscscan.com/tx/0xa8701c58546fabe6e72473b816f6260e155ac5c39dae50e798ac7f24df323e1c
2023-03-28 19:28:57,True,2.133e-10,6.885e-13,7073146627.0,0.0487,0x5e...2bb6,https://bscscan.com/tx/0x17aadaef517f2dd74e595d8aa3ce7eb25ae4fe1997dd1a94ccafc251cc19d6d7
2023-03-28 19:27:09,False,2.133e-10,6.851e-13,16516578962.0,0.1131,0x47...43c4,https://bscscan.com/tx/0x49aae02f10b1dc0b8a478d5b3c739b703684f4fdf3d5d77345f68d01139fb986
2023-03-28 19:25:39,True,2.144e-10,6.885e-13,73505920306.0,0.5061,0x41...9d7b,https://bscscan.com/tx/0xb2b50fce9252d72af9d7cac6008bbb20c5a342ad62dacf79973a14cb5a93dd79
2023-03-28 19:24:21,False,2.122e-10,6.85e-13,46984120155.0,0.3218,0x80...8344,https://bscscan.com/tx/0xc17e294aa634baf380dadea2450bba1b1122beb4a83e213ccc611d87e3ea7329
2023-03-28 19:23:42,False,2.122e-10,6.85e-13,18225091545.0,0.1248,0xfa...6cd2,https://bscscan.com/tx/0xb0fd73037731f732dd6eb912300eac3a13ae344d4853451e0a916c726a26304d
2023-03-28 19:22:30,True,2.133e-10,6.885e-13,1876744837.0,0.0129,0xcb...312e,https://bscscan.com/tx/0x435291e8f37857b98965152e37d835657dc7b8b6633ee2a8aa4416d6dfd64319
2023-03-28 19:21:33,False,2.133e-10,6.851e-13,8019367771.0,0.0549,0xee...4770,https://bscscan.com/tx/0xa2b5b35c209e63328adafa9b4fc922f7e11d26b69a8d3fec18a0da9fa2318182
2023-03-28 19:20:00,True,2.133e-10,6.885e-13,223828193875.0,1.54108,0x3a...8bf5,https://bscscan.com/tx/0x98bf1d2895ae7456ce01db4564a22282cf846d4d58dc875a9a06c5f90e6755b4
2023-03-28 19:19:12,True,2.134e-10,6.884e-13,2821040342.0,0.0194,0x73...7170,https://bscscan.com/tx/0x537030dabf2ade8cf8af82bc8d6e6b973f9727b199541f6ec92ca8a8a9fb64fc
2023-03-28 19:18:42,False,2.134e-10,6.85e-13,33247904794.0,0.2277,0x93...c7b6,https://bscscan.com/tx/0x07a57a8ba17fa96688f9693ff382f928d4e92da995c2b95677c3ed67ba579584
2023-03-28 19:16:21,True,2.134e-10,6.884e-13,13057666995.0,0.0899,0x91...cde6,https://bscscan.com/tx/0x03dde23afb9afce64ee7139635f7df75cdc3bc9ea4f6024c13822c75d8e80e0c
2023-03-28 19:15:00,True,2.134e-10,6.884e-13,1300000000.0,0.0089,0x55...a99f,https://bscscan.com/tx/0x7a0d8b3913935a1915dca3f0ea4b048366a4d4a9b9d34ddd64b1a391713fc9db
2023-03-28 19:14:09,True,2.134e-10,6.884e-13,1953936979.0,0.0134,0xab...180e,https://bscscan.com/tx/0xf7ad8be61e05d8eb57fffa883eff1debeeba72a193946785be97f1072bce614a
2023-03-28 19:12:51,True,2.144e-10,6.884e-13,4338479334.0,0.0298,0xab...180e,https://bscscan.com/tx/0x623de6194bc465800b1540aa2fd9a0876ac3d22c83754a025b1cb99c80a8f539
2023-03-28 19:12:27,True,2.144e-10,6.884e-13,1943810245.0,0.0133,0x59...e34b,https://bscscan.com/tx/0x78ff335606671746a39fbb595580199800b6602241ae681925ee60adf5d6c7b1
2023-03-28 19:12:00,True,2.143e-10,6.884e-13,65295759260.0,0.4495,0x82...e4c4,https://bscscan.com/tx/0x9539570d0a8b88346cb18084206c8c204fb45a80eb8f664f75ec027ab3feddb4
2023-03-28 19:10:24,False,2.135e-10,6.85e-13,9000000000.0,0.0616,0x2e...2390,https://bscscan.com/tx/0xa5b3b656eabbb9d79b97d85cc0a3c8704e54d6548db4f93350cb71abe6823bf8
2023-03-28 19:10:03,False,2.125e-10,6.85e-13,2037789480.0,0.0139,0x7d...1f53,https://bscscan.com/tx/0x42fc2eb6fdf2a6a626207f8eb8a326dd04d224eae79d0492d73938c2417c8925
2023-03-28 19:09:24,True,2.146e-10,6.884e-13,145250902.0,0.001,0xb9...d299,https://bscscan.com/tx/0x2f0e11a8b9b8bdacfadb51734ed890d363a2c715590f9c5d0c0b9b54c53060ce
2023-03-28 19:08:21,False,2.135e-10,6.85e-13,9153887412.0,0.0627,0xae...9bd7,https://bscscan.com/tx/0x661e0af76adfa7c46c6de9594a31231d1c63e97795d355f4ca65abe192e10d9c
2023-03-28 19:03:54,True,2.135e-10,6.884e-13,25000000000.0,0.1721,0x6f...f756,https://bscscan.com/tx/0x56d3ad556164f17b2206fc5e0ab0d46cec7379ef0fd61163299e1e42a55c4131
2023-03-28 19:02:30,False,2.125e-10,6.85e-13,10895309928.0,0.0746,0xe0...2e81,https://bscscan.com/tx/0xf86912767a36b7e9dfc313fbbc547b44d5fa0daddc256586c397b7f3c382d3ed
2023-03-28 18:58:36,False,2.136e-10,6.851e-13,1163839331509.0,7.97454,0x4a...26a7,https://bscscan.com/tx/0x3d3c28fda63b4d9b53111a9db7af8b62d2ba3abec968d9f6419a092d2cbb3dee
2023-03-28 18:58:00,True,2.147e-10,6.887e-13,31459188621.0,0.2166,0x6a...bef3,https://bscscan.com/tx/0x1e06a8591231f1150a9098a6d8dc2a4c98ce1a0725b902d9ac1eebd8fe74520b
2023-03-28 18:51:48,True,2.136e-10,6.887e-13,1742182243.0,0.012,0x88...9407,https://bscscan.com/tx/0x138639f8847a3351da9ec30dca91a12959189fd0343843b8175f9718bb99c4ce
2023-03-28 18:51:42,False,2.136e-10,6.853e-13,18059845569.0,0.1237,0x09...f8d7,https://bscscan.com/tx/0xb7e7db65cfc16c3ea7a67cd07309f79025bfa3c653cfcab2633c453368a464d0
2023-03-28 18:51:18,False,2.136e-10,6.853e-13,3607304622.0,0.0247,0x8a...798d,https://bscscan.com/tx/0xa4ef645bf3e96bdb6232e6b44132b60e6eae142063885f69ef872e9544752165
2023-03-28 18:49:15,True,2.146e-10,6.887e-13,2124518380.0,0.0146,0xac...2547,https://bscscan.com/tx/0x2d0c9e5d91f8e95ee9c70a842dd50f386c0c3dc4207627637efd2a86fe60fdaa
2023-03-28 18:48:51,True,2.146e-10,6.887e-13,1646787540.0,0.0113,0x6e...0a1d,https://bscscan.com/tx/0xd23df755d18b4096e1e71150500816ba6084797183d1279e71fc3bc5c17795db
2023-03-28 18:47:03,True,2.136e-10,6.887e-13,5910310220.0,0.0407,0x03...aa31,https://bscscan.com/tx/0x4162eb9c75e2dc3a018a4ab4f5fe7d2e022deb06029718088d3ddc0cd311e0ae
2023-03-28 18:46:33,False,2.136e-10,6.853e-13,22660319682.0,0.1553,0x63...7d5d,https://bscscan.com/tx/0x67cd1885b2b04f7b52015075c0622abc933dbc0f925c385ce27bb972fe14092a
2023-03-28 18:46:18,True,2.136e-10,6.888e-13,2000000000.0,0.0137,0xbb...35f4,https://bscscan.com/tx/0x00579ebc8074fd89f384afe85aee18f8a1e2df24a23678e9a763d0bf7c365ab2
2023-03-28 18:45:54,True,2.146e-10,6.887e-13,87764387538.0,0.6045,0x18...4006,https://bscscan.com/tx/0x73c1bc43fc602506eafae83f8cdd8a8db96ebc9422bf6ce0a850c55f8ee11f16
2023-03-28 18:45:42,True,2.136e-10,6.887e-13,3047839242.0,0.0209,0xd3...9581,https://bscscan.com/tx/0x804f2b947e8f7775edfbc050c41f11943b469855a8c50f7b12855e5b96023425
2023-03-28 18:43:39,True,2.147e-10,6.887e-13,2169065821.0,0.0149,0xd7...1b0c,https://bscscan.com/tx/0xb451d0ec3f4a1ef017413cb93975b88522ce30896243e496f065d8789e85a380
2023-03-28 18:43:36,False,2.136e-10,6.853e-13,13340326465.0,0.0914,0x9a...2df1,https://bscscan.com/tx/0x98be4fc030ba84172e36eb5a5dea5b88062e4e9ea2585d7bd632faf332b33471
2023-03-28 18:42:45,True,2.136e-10,6.887e-13,8711104304.0,0.06,0x7f...5c15,https://bscscan.com/tx/0x08e6ac6dcea3c0d50f998312bd50bda7240d40f65765032e73888b466c478289
2023-03-28 18:41:24,True,2.136e-10,6.887e-13,2000000000.0,0.0137,0x79...8133,https://bscscan.com/tx/0x698211465bb8b0cc59bec16bba5e2a1d57410c4617e0466540482c6263da452c
2023-03-28 18:40:12,True,2.136e-10,6.887e-13,6918173172.0,0.0476,0xbb...35f4,https://bscscan.com/tx/0x62904c4cb226121f77bd49b46b976dff0471769ac01a4ee7df19df0535619625
2023-03-28 18:39:45,True,2.136e-10,6.887e-13,7811292848.0,0.0538,0x15...4042,https://bscscan.com/tx/0x006a0f1d6cdccaa5382df9ab57332afbf15c6da9d45e677442adef47f0a8bb66
2023-03-28 18:39:27,False,2.136e-10,6.853e-13,8496039800.0,0.0582,0xf2...0c3b,https://bscscan.com/tx/0x868ca4a1d5a671d54920c60959b4d43a649a240707449430e3be1c768ea15066
2023-03-28 18:39:18,True,2.146e-10,6.887e-13,824237162.0,0.0056,0x28...46ac,https://bscscan.com/tx/0x63dd6f7bb3fae39324b91607741f8e7e72a4af346450bfd93f821d17ba1e9a52
2023-03-28 18:38:27,False,2.135e-10,6.853e-13,151657332044.0,1.03939,0x2d...9130,https://bscscan.com/tx/0x6309792d7d0b23129e2d925859305c455c279f63ed8b857981491168c3b95a49
2023-03-28 18:36:57,False,2.125e-10,6.853e-13,1860620849.0,0.0127,0xc2...34d0,https://bscscan.com/tx/0xf13c5e4e25e14f97fabbe733b95dcb704261e6763ffac43a3a7648613ca75fb4
2023-03-28 18:34:57,True,2.135e-10,6.888e-13,744505792.0,0.0051,0x16...880b,https://bscscan.com/tx/0x1533d5dc95d256011dfead1b077ff343b31ed5ab0754c66e2804331239f81855
2023-03-28 18:33:12,True,2.135e-10,6.888e-13,100000000.0,6.888e-05,0xcc...8e43,https://bscscan.com/tx/0x0fd3e3198e2b493d73cc87db60f6ea65b0926b7275498f7f33950a489720c171
2023-03-28 18:32:48,True,2.146e-10,6.888e-13,100000000.0,6.888e-05,0xcc...8e43,https://bscscan.com/tx/0x153e7a9ca61264b2294c5ec032452f74c9b072740522aa3250b2abc2c33f0e66
2023-03-28 18:32:19,True,2.136e-10,6.888e-13,5000000000.0,0.0344,0xcc...8e43,https://bscscan.com/tx/0xa3222a0c0591c9137cc16c76ddc31bec9f700c93ce98caabfe513b39e54d0470
2023-03-28 18:30:59,True,2.135e-10,6.888e-13,6997534653.0,0.0482,0xf0...90c4,https://bscscan.com/tx/0xb72b95a979e5c8be3c0a82321f83efad0ca7a1327cf8bb2852d8225156200fc5
2023-03-28 18:29:38,True,2.135e-10,6.888e-13,5716709386.0,0.0393,0x1c...50d1,https://bscscan.com/tx/0x1e7e87d778a60320baceacd79e43275899434a26189dc24313f1e637928b9231
2023-03-28 18:29:23,False,2.125e-10,6.853e-13,22127569487.0,0.1516,0xed...21d8,https://bscscan.com/tx/0xbd172720efc2314b90de40503713d57a57db1c37de59bab2540ed4bc5ce1277f
2023-03-28 18:28:53,True,2.146e-10,6.888e-13,11017973653.0,0.0758,0x17...bc80,https://bscscan.com/tx/0xe4520a4d3869f58d2c447ba69343d7e1b16320ad70c7ecf09c3aa836afdc47b5
2023-03-28 18:28:29,False,2.125e-10,6.853e-13,24306217713.0,0.1665,0xd8...db16,https://bscscan.com/tx/0x48b52cd6e877e4aeca434d16a9d703ce3a49f39f61270eadc00cace108f1cf01
2023-03-28 18:28:14,True,2.135e-10,6.888e-13,24589875697.0,0.1693,0x1a...e475,https://bscscan.com/tx/0x8fed7770031fb0be2fdb7efd4e855d80e50c17f968732758d36d27eb9f8c579f
2023-03-28 18:26:50,True,2.146e-10,6.888e-13,2776525987.0,0.0191,0xc2...2a74,https://bscscan.com/tx/0x5f3229e3348f2cc0398cd81303ca5daa40785f246fea0f5c1091d386829e834e
2023-03-28 18:26:35,True,2.146e-10,6.888e-13,2047756082.0,0.0141,0x15...4042,https://bscscan.com/tx/0xd69938efe7182f4587dca1c5dff4ba25b1d01d1dcd1ea99ef68027251e2db185
2023-03-28 18:24:53,True,2.135e-10,6.888e-13,6333346371.0,0.0436,0xd7...1b0c,https://bscscan.com/tx/0x9abc3733e53d6755fcf2348fa1135de89085e30169dcbf2a23f5799fd682a72f
2023-03-28 18:24:20,True,2.135e-10,6.888e-13,79035900.0,5.444e-05,0x00...163d,https://bscscan.com/tx/0x1b7fef523b3020e86a7aa0058cb803736af53cff58ff26fbbe4db158db49f0fd
2023-03-28 18:15:50,False,2.136e-10,6.853e-13,27000000000.0,0.185,0x14...5a62,https://bscscan.com/tx/0x4704beac635fcacbd3c581a924315a0db54e44bc2c1d1cf6ae48a8631de3af56
2023-03-28 18:14:23,True,2.136e-10,6.888e-13,2230120000.0,0.0153,0x38...35cc,https://bscscan.com/tx/0xfaa2aa171a5196c567a1e43076a545b615c3c630b989751b9eb67f0ce6aa3a15
2023-03-28 18:13:05,False,2.125e-10,6.853e-13,10643035191.0,0.0729,0xa2...0be0,https://bscscan.com/tx/0x6e05be79f339872c0a857e429cf073fdb31440a4d3b35d6bab3da5abd50e8a3d
2023-03-28 18:12:11,False,2.136e-10,6.853e-13,72474315296.0,0.4967,0xb7...c599,https://bscscan.com/tx/0x1eab7535025f76f6fbaf2bce7f152d3c9985344e596c4df6743213b3bd021934
2023-03-28 18:12:08,True,2.147e-10,6.888e-13,1873706584.0,0.0129,0x9e...b6bd,https://bscscan.com/tx/0xdc50b847fd84974a9e5fd473450d3c527fbb86265ad4cf9973b43adeb736933b
2023-03-28 18:11:53,True,2.136e-10,6.888e-13,22707106934.0,0.1564,0xaa...3c06,https://bscscan.com/tx/0x2002bed3b4646b95525a8844738d4accfe75d44b0d41c5afb73926baf38b0b4d
2023-03-28 18:10:47,True,2.136e-10,6.888e-13,16217646977.0,0.1117,0x15...4042,https://bscscan.com/tx/0xddc55f565dbb0fab16ed9b3c0cb22209443cf7cbe7274438b95591e5654c1efc
2023-03-28 18:10:08,False,2.136e-10,6.854e-13,180207844558.0,1.23518,0x42...346a,https://bscscan.com/tx/0x0ef85b92bee0d870ab3fff66ca38f8c8b7d0c5327b9806bfb4e62e455f3230a1
2023-03-28 18:05:14,True,2.147e-10,6.888e-13,2000000000.0,0.0137,0xf7...c9e0,https://bscscan.com/tx/0x66bf6dc954b32e92d15d03be49ad1ef8e90eaed1661bb21ada65fb812f00694b
2023-03-28 18:04:53,True,2.136e-10,6.888e-13,14516308425.0,0.1,0xa1...179c,https://bscscan.com/tx/0xc4b44c6d1b9b4b17ecd65ebde0e83c2f45fe9b3d6cc755101225c2316317fd38
2023-03-28 18:02:41,True,2.136e-10,6.888e-13,9435648295.0,0.065,0x48...712b,https://bscscan.com/tx/0xcacbbd6560fa756087723105f28a4a0ebd3cf07984d6977171857e50c383e28c
2023-03-28 18:02:38,True,2.136e-10,6.888e-13,2177462647.0,0.015,0x42...0ea5,https://bscscan.com/tx/0xf496928eb93539cbd7d0f87351833679d2512485cb8ba2b3f524cbd596065fbf
2023-03-28 18:01:05,False,2.137e-10,6.854e-13,11700000000.0,0.0802,0x2d...2238,https://bscscan.com/tx/0xe9152229382c48a1469391be98c75198b9533ac104166383caa6cb6698b3873e
2023-03-28 17:59:56,False,2.128e-10,6.854e-13,5341279397.0,0.0366,0x1e...4596,https://bscscan.com/tx/0xf993d31faa882d15de50816c8c1e9b0f8e59829d0e1d4ab83b5cc13601ac9630
2023-03-28 17:58:32,False,2.128e-10,6.854e-13,83666321480.0,0.5734,0xf7...8f8d,https://bscscan.com/tx/0xec989a08cdbf3ef9a74a757b2d921464493e94d25f2c5e8ada16d8fee18b8e1d
2023-03-28 17:56:47,True,2.139e-10,6.889e-13,4290322403.0,0.0295,0xdb...6cae,https://bscscan.com/tx/0xd0e66c382f203f505fb640f9617fcd833c4393f196844c72945927d318667c63
2023-03-28 17:55:26,True,2.15e-10,6.889e-13,14249296502.0,0.0981,0x9e...d894,https://bscscan.com/tx/0xf3de11ea2d07cea65ae17fbf08cf499dcd6390216861fd511c2134c2c03342dd
2023-03-28 17:55:17,True,2.15e-10,6.888e-13,6953782138.0,0.0479,0x3c...d71b,https://bscscan.com/tx/0x50ad6adf1249a245b2c10f54f3ca7e436181b489e9a02849ac5e13b0d264bcba
2023-03-28 17:54:50,True,2.15e-10,6.888e-13,200000000.0,0.0013,0xbd...d717,https://bscscan.com/tx/0x8208ab5af1f827ee8d5adfb8ce896a0957fe0fd342754dc4843b51db2f40d6c2
2023-03-28 17:53:35,False,2.139e-10,6.854e-13,89691134347.0,0.6148,0x6c...0b69,https://bscscan.com/tx/0xf084f066d08b15d1ba1353c4d8781d2838cff20d167c1c90dbf595b5fef4c796
2023-03-28 17:51:23,False,2.139e-10,6.854e-13,38880006538.0,0.2665,0x46...0928,https://bscscan.com/tx/0x55d9e94953e007c0eefe2bb88f119bec74790580778291efbefafb817d3c5ac9
2023-03-28 17:47:57,False,2.139e-10,6.854e-13,8100000000.0,0.0555,0x67...e728,https://bscscan.com/tx/0x5a1f3f7b9ae8fe3c72f3bbbc551a74fdf580e3b10c39f65050ce3c80e9e1b08d
2023-03-28 17:42:57,False,2.132e-10,6.854e-13,2743805289.0,0.0188,0xf6...fc8a,https://bscscan.com/tx/0x0db9e58060c6248962bd96b384194b026f1bf437c7f0e2da36e35f4f363bc790
2023-03-28 17:40:36,True,2.143e-10,6.889e-13,12443054437.0,0.0857,0x3c...d71b,https://bscscan.com/tx/0xbc06ebc138ea4b798ff03431ad6b5a1f759e836d10dc0335821a4de2571bf92a
2023-03-28 17:39:30,True,2.154e-10,6.889e-13,12444372352.0,0.0857,0x3c...d71b,https://bscscan.com/tx/0xc180ea118641dd2db5342a1ee078d4d811f376a174818c229bf3960e00959079
2023-03-28 17:39:27,True,2.154e-10,6.889e-13,125758611516.0,0.8663,0xf1...2b3d,https://bscscan.com/tx/0x7733daa9283d29c4856869b6e096ac131b655766d5414ffb09c0588ac63acaec
2023-03-28 17:39:24,False,2.132e-10,6.854e-13,288000000000.0,1.97423,0x9e...0afb,https://bscscan.com/tx/0x6bd1e80f32074943ef8617760e73c4279cba2a6d867eaaeab2d0ae0610f6e703
2023-03-28 17:33:48,True,2.143e-10,6.889e-13,44179450764.0,0.3043,0x30...cb29,https://bscscan.com/tx/0x6bc83bab3156a6dfb74825862d92075cab54c8c99b54a130040906c49b2a04a1
2023-03-28 17:33:15,False,2.143e-10,6.855e-13,22127559306.0,0.1516,0xed...21d8,https://bscscan.com/tx/0x317fd63c774d4807211c0764dffa1bdd99492456809d8a3bcaf1303e9ca9a9dd
2023-03-28 17:33:09,True,2.143e-10,6.889e-13,10000000.0,6.889e-06,0x87...e949,https://bscscan.com/tx/0x569565326e34e1f9287aeb0dcd41d289ebaf51a7cf2241af6347d723346e19fa
2023-03-28 17:33:09,False,2.132e-10,6.855e-13,16200000000.0,0.111,0x86...01e1,https://bscscan.com/tx/0xa112d84ac87204b94be14a6e8caac4ffdb3fb31ce039f6a307e0da4542d78c3a
2023-03-28 17:33:06,False,2.132e-10,6.855e-13,2844083015.0,0.0195,0x6b...391f,https://bscscan.com/tx/0xbab030b712f1b48e77014305ae9e3e56a8dad7e3d58a2be3a3569680d5ba45b3
2023-03-28 17:31:24,True,2.153e-10,6.889e-13,8272744770.0,0.057,0x7d...4590,https://bscscan.com/tx/0xe3b0ba51014765711649b0b8409caff9f372d53fc3f06a5522320972f8805e00
2023-03-28 17:31:21,False,2.132e-10,6.855e-13,2750896769.0,0.0188,0x5c...dbb9,https://bscscan.com/tx/0x57728375bd8bfeca54b283a3ad900e29b1db77d2da1544a94cf350f6db05e770
2023-03-28 17:26:42,False,2.142e-10,6.855e-13,45218033822.0,0.3099,0x59...3953,https://bscscan.com/tx/0x1762938d77d88c1be536bbdcc255f729e9c40ca2289288e90a008156cb081f3a
2023-03-28 17:25:54,False,2.132e-10,6.856e-13,869790742046.0,5.96392,0xb7...a8d3,https://bscscan.com/tx/0x356e218d8842993ebaeaa47a65c301cb2a64259186d0ff3cbacd7fd56629598b
2023-03-28 17:15:24,False,2.136e-10,6.857e-13,3860748001.0,0.0264,0x2f...1010,https://bscscan.com/tx/0x386c6187c2047cf61ee91c7d9376fd87230f40b95bdd2eb9967df18bcf6ddc41
2023-03-28 17:15:21,False,2.146e-10,6.858e-13,9006240544.0,0.0617,0x2d...182e,https://bscscan.com/tx/0x59b54b273254abca7a0711909fdcf7ea6235d861308859b9e61cc1dcbabc6616
2023-03-28 17:14:15,False,2.144e-10,6.858e-13,19546833541.0,0.134,0x61...0566,https://bscscan.com/tx/0x2f2bd241e221ccadcd83c04576471a034c311bf334659cc1911700e508b8cfca
2023-03-28 17:14:15,True,2.154e-10,6.891e-13,580412123071.0,4.0,0x4a...2daf,https://bscscan.com/tx/0x44b414ea497227358520df80c5bdd84790a4c77e66f7a1605cda5929e97117ee
2023-03-28 17:14:03,True,2.143e-10,6.89e-13,5500000000.0,0.0379,0x14...506b,https://bscscan.com/tx/0x96eec7f81c58b7f885771584c5a4c394cfb6ea3fa22fab2157433ce56e6187fc
2023-03-28 17:13:48,False,2.133e-10,6.856e-13,23302509794.0,0.1597,0x89...5746,https://bscscan.com/tx/0xa1120519a935394ed7ee8eb95818102ef0146c57229124c389ca3caa0f88b346
2023-03-28 17:13:33,False,2.133e-10,6.856e-13,4402011730.0,0.0301,0x2b...07bc,https://bscscan.com/tx/0x7d4850eaef5f8c8387d212781e3d7eac562ec47b155948da837e5b3e59a75bc7
2023-03-28 17:11:06,False,2.143e-10,6.856e-13,18000000000.0,0.1234,0x9b...d3d0,https://bscscan.com/tx/0x57d2b1fe3b5b62e53264bbcdc94e0fab187d8c76e9578dac2d53c55ccded3e43
2023-03-28 17:10:01,False,2.133e-10,6.856e-13,117000000000.0,0.8022,0x9b...d3d0,https://bscscan.com/tx/0xba149a3c46550d202434df943a07e843ab298640a06b1f677a3db7553d2007af
2023-03-28 17:09:52,True,2.143e-10,6.891e-13,2902225881.0,0.02,0x52...fe64,https://bscscan.com/tx/0xffea7695f27b18a8b907d9d5b126d3835900cf0290416e03b02f6546c3604418
2023-03-28 17:08:22,True,2.155e-10,6.891e-13,1247960000.0,0.0086,0x51...eb75,https://bscscan.com/tx/0xcdccabb735db4a569cfae44f746de765b6f7a16973d32f4cb406e3aecbb2c712
2023-03-28 17:07:19,True,2.155e-10,6.891e-13,10204500000.0,0.0703,0x9c...6eb8,https://bscscan.com/tx/0xa147c0ebf04248e7bfd063fc2afb27662956833a1ecda4ed62c8ca05caa83043
2023-03-28 17:03:46,False,2.143e-10,6.856e-13,34469311467.0,0.2363,0xe1...3f37,https://bscscan.com/tx/0x0d7b57876b13da6e93f5c67d2721ac489875e5675440546e9ed8311a416a6329
2023-03-28 17:03:10,False,2.143e-10,6.856e-13,5761129514.0,0.0395,0x93...eb2d,https://bscscan.com/tx/0x566b5626aa0f47323e9a8811fbd070d7dbcabfe65f5a46104d5e6602ad167105
2023-03-28 17:02:22,False,2.133e-10,6.857e-13,93210012673.0,0.6391,0x89...5746,https://bscscan.com/tx/0xd0502bae2206a6b913bc8841fe995af91e4e33e52bd8a7629b29f3a595973592
2023-03-28 17:02:04,False,2.144e-10,6.857e-13,3781622135.0,0.0259,0x92...a575,https://bscscan.com/tx/0x4dc91bf4a6edc4b45cfcd2172ce7cc91fba01f9c8868a2b65de7a12c5cbbf898
2023-03-28 17:00:28,True,2.144e-10,6.891e-13,6409158340.0,0.0441,0x5f...5e01,https://bscscan.com/tx/0x07d0843f5c43b8c00a1ed18356ba699dd48faea6027a03422e63d6bd31c83e9e
2023-03-28 16:58:43,True,2.142e-10,6.891e-13,46448090199.0,0.3201,0x3f...bbae,https://bscscan.com/tx/0xc9ab0b2114e4c2641cc639686a5dd73cd1c367eca214862bd08be4a4ff9540c4
2023-03-28 16:58:13,True,2.141e-10,6.891e-13,3781598019.0,0.026,0x34...1218,https://bscscan.com/tx/0xa399366818129862d519c9e32a56ab5a0373148779b8eafe1fb539688a97946a
2023-03-28 16:56:55,True,2.142e-10,6.891e-13,465794020.0,0.0032,0xe8...03ce,https://bscscan.com/tx/0x9d244d1a0b8842619997d10b695409281a8918404f349ac018d3ae163c99c860
2023-03-28 16:56:16,True,2.142e-10,6.891e-13,8000000000.0,0.0551,0x73...28a4,https://bscscan.com/tx/0x2fb2bffb3a472f08d4bf785b3617ab3147c05b7ada2b8a4c5f9c193251166672
2023-03-28 16:55:28,True,2.153e-10,6.891e-13,13893508243.0,0.0957,0x71...542e,https://bscscan.com/tx/0x33c02dfbec1bdddccb5bd432182a491ccb57e27db78eeca63089dee30158a2d9
2023-03-28 16:55:01,False,2.142e-10,6.856e-13,6114983196.0,0.0419,0x0c...690e,https://bscscan.com/tx/0xf0814913227eb38ecbe76d1f85cc4ff71e1d7a875f0e8f53e37c68d2f97d9a60
2023-03-28 16:54:34,True,2.142e-10,6.891e-13,1891147266.0,0.013,0x34...1218,https://bscscan.com/tx/0xfbb0d4ce5d3ca980d56b7b41dda65687a73a07a4637d095d4fd86a6216f0969d
2023-03-28 16:52:04,True,2.152e-10,6.891e-13,3337492622.0,0.023,0xaf...0db1,https://bscscan.com/tx/0x7636f959278717787d86e8b788845e92da140d3ffed924b75bd3629e0f41d31d
2023-03-28 16:51:42,False,2.141e-10,6.856e-13,4556685555.0,0.0312,0x81...4d5b,https://bscscan.com/tx/0xca3ff2869a2b571bd3c6c42310e9abce78d367ef9098ec27d0cb931736eea99b
2023-03-28 16:49:53,False,2.131e-10,6.857e-13,3553565067.0,0.0243,0xce...baeb,https://bscscan.com/tx/0xac17d4ca1c2065a2ccce0839c5d279c22400d51b67b89d06bb8b0269cdc3d208
2023-03-28 16:48:23,False,2.141e-10,6.857e-13,1634140854.0,0.0112,0x7a...33e3,https://bscscan.com/tx/0x90edd7a6ff676230f8b8e4a328ce7cec9774e77574b8215ed1ddacf6febe6dfa
2023-03-28 16:47:56,False,2.14e-10,6.857e-13,6853433721.0,0.0469,0x0e...6017,https://bscscan.com/tx/0xc6e4e9dccf37bb3c2da732001bf316ebd90009966e48aafaefc604545f2bd830
2023-03-28 16:46:20,True,2.15e-10,6.891e-13,30088601878.0,0.2073,0xc5...1bf7,https://bscscan.com/tx/0x6e7e4d769c9d39f810a68e3fd647728aa0292dc29cc2ba6726c922fb52ebe9d9
2023-03-28 16:46:08,True,2.138e-10,6.891e-13,49652601914.0,0.3421,0x5d...e9c8,https://bscscan.com/tx/0x602ee5924703ec4c5097ad01b94746f7e83f7a0697878e1cb935df8b929c436c
2023-03-28 16:44:50,False,2.138e-10,6.856e-13,4952415594.0,0.0339,0x40...cf07,https://bscscan.com/tx/0x5696d78ef0164d039024cb3b189e405086d308210ad51a4c64c58ffb9a0ea9aa
2023-03-28 16:44:23,False,2.128e-10,6.856e-13,6853432996.0,0.0469,0x0e...6017,https://bscscan.com/tx/0x8350f55d35adc8f85b1a2a818ea3d085376c6276a8184d2f98e77211c41f48a7
2023-03-28 16:44:20,True,2.138e-10,6.891e-13,1451116801.0,0.01,0x33...cd2b,https://bscscan.com/tx/0x11c57312fc981f48f11e4ffeef4de1b7f385839176d2dacd9467bccc5887652e
2023-03-28 16:42:44,False,2.137e-10,6.856e-13,22823237184.0,0.1565,0xdc...e04b,https://bscscan.com/tx/0x6965649ecad20de4415f7f0d0ace81eb0454d424fbf2dbf9f3c345f1ca8404ab
2023-03-28 16:41:38,False,2.139e-10,6.856e-13,7200000000.0,0.0493,0x64...b8da,https://bscscan.com/tx/0x800f04070a6894a68f0c52f71e48ce3af71b82d2a6589e3aa553211e54fa4c92
2023-03-28 16:39:53,True,2.152e-10,6.891e-13,1451099294.0,0.01,0x33...cd2b,https://bscscan.com/tx/0xb0dd4f04c1435cda252c772211b9ee2e9f8c294e4e1c9079bff3280e200bb3ee
2023-03-28 16:38:59,True,2.142e-10,6.891e-13,9105816133.0,0.0627,0x96...e23f,https://bscscan.com/tx/0x786eb403382a3edf2306d9bc0df9e8e8f66a66dd0fe17ac69bbf688473dc62cb
2023-03-28 16:34:50,True,2.152e-10,6.891e-13,1980226199.0,0.0136,0xaf...0db1,https://bscscan.com/tx/0xe4d56eed62fd469c8c0e5634a3392901462c08470939729c8b17ef1b71bfade0
2023-03-28 16:34:47,False,2.141e-10,6.856e-13,1800000000.0,0.0123,0x02...3d78,https://bscscan.com/tx/0xc50829265685b636c84bf609f95624031b6d365f453bc8bc7882d7523a7613e0
2023-03-28 16:33:53,True,2.152e-10,6.891e-13,4353320358.0,0.03,0xaf...0db1,https://bscscan.com/tx/0x5ca2cc4e09ed35e7f199a2f83fee9cefb7b2160740be126b0ac0561629171cdf
2023-03-28 16:29:20,False,2.141e-10,6.856e-13,2311002005.0,0.0158,0x2c...773b,https://bscscan.com/tx/0x9a8061f741b76d865c36a41eac164b8ae6ce47e44cbcde4f524980c52d85b537
2023-03-28 16:27:44,True,2.141e-10,6.891e-13,8000000000.0,0.0551,0x9d...12b0,https://bscscan.com/tx/0xa54c020d904f0a9546c3699da97334e8b85fe02db090a584ad296c4308acd932
2023-03-28 16:27:29,False,2.131e-10,6.856e-13,58242257040.0,0.3993,0xfc...14d2,https://bscscan.com/tx/0xd198c7ed5f9c53dc4c97ade157dac613cf3df02052cdddae313e426599469f5f
2023-03-28 16:26:53,True,2.141e-10,6.891e-13,43311939202.0,0.2984,0x48...7dce,https://bscscan.com/tx/0x13e39e0de5a824485bbdb0f2201fecb09ea378d0235a649118a4f397db9f19d9
2023-03-28 16:24:44,True,2.142e-10,6.891e-13,31924471828.0,0.22,0xeb...2e5e,https://bscscan.com/tx/0xafa1679a1ad7b3d49f7a5f89230ca8381657faf0820af3e89defd3db3e4d2e81
2023-03-28 16:21:23,True,2.141e-10,6.89e-13,174141085027.0,1.2,0x10...b141,https://bscscan.com/tx/0x3a37a7ec5506f19904fc1326c9b4152c4fd7022275d9e9cb99f0432eb9a7ec03
2023-03-28 16:20:47,True,2.141e-10,6.89e-13,1720537114.0,0.0118,0x38...6fac,https://bscscan.com/tx/0xd10f1ebb40be3e3e7f214c745eeaa58cac2eb2a694a5aa36bf9a0abbfac94f00
2023-03-28 16:20:11,False,2.141e-10,6.856e-13,14400000000.0,0.0987,0xc6...24ef,https://bscscan.com/tx/0xe85de2f24e17d95ff097c284ff8526ded0600f686c118b0e1e8ca4c0ff4c14a8
2023-03-28 16:18:38,False,2.14e-10,6.856e-13,4442535325.0,0.0304,0x1e...e19e,https://bscscan.com/tx/0x0577591b80e500cb8415a226c023cf762193f6b1705a13a1cc695625e59051f3
2023-03-28 16:18:05,False,2.14e-10,6.856e-13,180868542941.0,1.24015,0xe4...6136,https://bscscan.com/tx/0xea1eb915e9f07b5539d2c90b95141ddded7d037dbb369b087d175cd522e886ec
2023-03-28 16:16:59,True,2.151e-10,6.891e-13,168817123568.0,1.16333,0x25...bed8,https://bscscan.com/tx/0x81de54c1385b8e4a261997b474aaa625ea4aece2d693c1ec02e4f99bcb7cd49d
2023-03-28 16:15:50,True,2.151e-10,6.89e-13,1165041681.0,0.008,0xfe...630d,https://bscscan.com/tx/0x2f52d8860588a815cef6ddca040920d734651db62ec1c72741ed299094061e10
2023-03-28 16:15:26,True,2.152e-10,6.89e-13,2700000000.0,0.0186,0x84...56a4,https://bscscan.com/tx/0x450fd64aeaee77f314eee1420070799544e23919c57be27944409cacd19718a1
2023-03-28 16:14:56,False,2.139e-10,6.856e-13,28478263881.0,0.1952,0xa3...6607,https://bscscan.com/tx/0x0b8be5e901aed10ef09434b6d3b7830503c918917a2bb0e9488192f347b50512
2023-03-28 16:10:47,True,2.145e-10,6.89e-13,139429853.0,9.607e-05,0x80...84e3,https://bscscan.com/tx/0xcc6c08c55abf34a0dd618f9e9dc6f656a18584bf62dad1182c5cfd3327712499
2023-03-28 16:10:20,True,2.144e-10,6.89e-13,4353000000.0,0.03,0xe8...cd5e,https://bscscan.com/tx/0x89da186ec4efe5ed215089d2498ac25821c3054bcbc623445695b3cf99a6a7e7
2023-03-28 16:10:20,False,2.133e-10,6.856e-13,135000000000.0,0.9256,0xf5...232f,https://bscscan.com/tx/0x2492a0bacdb96c8bf70d75463cb074fea23bfbbaa806674deb34ad9fb245c101
2023-03-28 16:09:17,True,2.144e-10,6.891e-13,3479369455.0,0.0239,0x15...4042,https://bscscan.com/tx/0x43c6c38c998095ee09693836539b11057cee756188a87d4471efe1482bc1ef05
2023-03-28 16:09:05,True,2.145e-10,6.891e-13,779954001.0,0.0053,0xcb...b923,https://bscscan.com/tx/0x77f30ca98346c5d8765dcf4cf44c6bf452e8959c13c739ecb8f87ec4a0db8969
2023-03-28 16:07:47,False,2.133e-10,6.856e-13,29482398613.0,0.2021,0x75...8416,https://bscscan.com/tx/0x802af85214d0278334c8b142692fb231e5af1cbb05b5942e859c10743e3cecc5
2023-03-28 16:05:33,False,2.134e-10,6.857e-13,453969663898.0,3.11313,0x1d...c92b,https://bscscan.com/tx/0x8399202cada1247377a0d7d459fd2c368b541b416f25849367b3a91a267a11d8
2023-03-28 16:04:44,True,2.145e-10,6.892e-13,473613251.0,0.0032,0x22...909e,https://bscscan.com/tx/0x0af9fc7286f05b56fda245edf82bb02dac7abd18a444bf06624f0f8130cfa1ed
2023-03-28 16:00:32,False,2.125e-10,6.858e-13,167798568043.0,1.15084,0x22...5ecd,https://bscscan.com/tx/0xabc7a991b00755df64013df72d0fa061089dc93821d905d93280e62fdc7bf2ec
2023-03-28 15:59:44,True,2.136e-10,6.893e-13,8634732109.0,0.0595,0x5c...4dd9,https://bscscan.com/tx/0x8aa63e5f4d14568d48caf751fa8b64ff75ecbf3b3a884b0f36fedfcb29834c93
2023-03-28 15:59:02,False,2.125e-10,6.858e-13,37574986276.0,0.2577,0xf3...43de,https://bscscan.com/tx/0x6f3452e55c4053295db4690af99b277797c37daf9249d143ff75a7785e32e8d0
2023-03-28 15:55:29,False,2.134e-10,6.858e-13,85862797938.0,0.5889,0xac...4480,https://bscscan.com/tx/0x67fcd11dfac50749c0ef0ef6468d3f344f76fbe73d9face298e00bcfc0980da9
2023-03-28 15:52:02,True,2.135e-10,6.893e-13,4668661440.0,0.0321,0x92...a575,https://bscscan.com/tx/0x5f4b0ec289748141369a6b456a56e98e4be758617e985ac60b4ccbe0cbc9d5a5
2023-03-28 15:47:24,True,2.143e-10,6.893e-13,10275100000.0,0.0708,0x83...a5b1,https://bscscan.com/tx/0xce2d77e14862f4c411a635f094056933e4e748960c5aa031beecc5c23c0dc8a4
2023-03-28 15:43:33,True,2.144e-10,6.893e-13,550000000.0,0.0037,0xcb...7c61,https://bscscan.com/tx/0xd424284bec19e0ff108919381572ca67eb3bc8223a030b1d1cfc7578ce338a32
2023-03-28 15:41:29,False,2.122e-10,6.859e-13,35835903657.0,0.2458,0xbc...07d3,https://bscscan.com/tx/0x71591f14b648a385462476d3fefe5cfc99fbccccc93b51fd7cc5b70cfa90a8f4
2023-03-28 15:39:34,True,2.133e-10,6.893e-13,10000000000.0,0.0689,0xdf...fb39,https://bscscan.com/tx/0x8c51a778e61c5dba0c1f4db7d6a291f6650a79cd80222c8b491a0a006902b217
2023-03-28 15:39:12,True,2.133e-10,6.893e-13,2901289153.0,0.02,0xf1...2d5c,https://bscscan.com/tx/0x38db589642af0dbc59098b29985e711c209122aacb93c1085ce44d45977e3653
2023-03-28 15:39:06,False,2.122e-10,6.859e-13,56700000000.0,0.3889,0x88...934a,https://bscscan.com/tx/0x5da468a5e46d8f2f25411d83a859dfcbfb1163faaa60b275e380942329b3696a
2023-03-28 15:38:51,True,2.133e-10,6.893e-13,3748324213.0,0.0258,0xe0...617e,https://bscscan.com/tx/0xd399acbd511e2e74fdcc9fb78f1ceb9515bf1f847c4b837717e179946098ea54
2023-03-28 15:38:06,False,2.122e-10,6.859e-13,5753179575.0,0.0394,0xcb...5e45,https://bscscan.com/tx/0x79f71b68c105330d8bb81d3452cfbda4581b121493581264873633f43a860d56
2023-03-28 15:37:36,False,2.122e-10,6.859e-13,52504875222.0,0.3601,0x31...f633,https://bscscan.com/tx/0x611659b5f75e921dc47912a79ea3496fc19af989306587e14463807ed4c0ee37
2023-03-28 15:34:09,False,2.133e-10,6.859e-13,174791487131.0,1.19901,0xb9...bb06,https://bscscan.com/tx/0x9d574f372aaf0f0a4fd8350b126407af575d7a22cd366f43d2eab4829d020fde
2023-03-28 15:34:06,True,2.144e-10,6.894e-13,16571942754.0,0.1142,0xec...bd3a,https://bscscan.com/tx/0x68a3075cc698cd7e62ab9588fbbb9e3142c78f6b0bae89c008df9c41438f9b0a
2023-03-28 15:31:54,False,2.133e-10,6.859e-13,43421800006.0,0.2978,0x3b...6cca,https://bscscan.com/tx/0xea727745909db3ecdced6a66ed87318b6b380ff8d0647e519f988e46365b2ce3
2023-03-28 15:29:53,False,2.123e-10,6.859e-13,12458848937.0,0.0854,0x22...e724,https://bscscan.com/tx/0xc1c2c23f96d176ff4246cb4e4731d2b34b5af1c4de4094c290e94702e7508101
2023-03-28 15:29:22,True,2.134e-10,6.894e-13,21428198754.0,0.1477,0x89...81c2,https://bscscan.com/tx/0x2d3ed4c8a52f5241516b701c39cab69cda2e7f55b439e94734a0a26617c3b262
2023-03-28 15:28:53,True,2.134e-10,6.894e-13,4000000000.0,0.0275,0x21...10ab,https://bscscan.com/tx/0xbda7bb282b20e11891e1657a4feaf6f1b5bff0d08f44d7d6feda5e46bf3f37f4
2023-03-28 15:28:41,True,2.144e-10,6.894e-13,19522126814.0,0.1345,0xa7...a36c,https://bscscan.com/tx/0x370c5b08660a0a68a779811d824161a010311cf6c805be4ca410e4d651cb6177
2023-03-28 15:26:26,False,2.126e-10,6.859e-13,8405788829.0,0.0576,0xb8...ebc0,https://bscscan.com/tx/0x52ad7f7aaea8716292d995dff41256d5b51c31acc10d1b7895596db94b6391ab
2023-03-28 15:25:47,False,2.126e-10,6.859e-13,1383408001.0,0.0094,0x6e...a18d,https://bscscan.com/tx/0xabe9522430610c99e220206dac0525cb4d779283f75282e8ba456f4b19d47503
2023-03-28 15:25:32,True,2.136e-10,6.894e-13,463284101.0,0.0031,0x83...34f4,https://bscscan.com/tx/0x9187f1edf1da4d9cf1ab15807f20889a2f0bb466a043396541e9740527364fdc
2023-03-28 15:24:26,True,2.147e-10,6.894e-13,10000000000.0,0.0689,0x8a...3c93,https://bscscan.com/tx/0xa12e7a13c686ff310519519f9a8ed141d260de1e44e7653962e559b0a4a1865e
2023-03-28 15:23:47,True,2.136e-10,6.894e-13,16422661363.0,0.1132,0xd3...ad6b,https://bscscan.com/tx/0xdbbb7221274d41b760087373ef46f21f06c2946d0ce4b96b1ba5730a1b5fe29a
