datetime,buy_order,price_USD,price_native,amount_token,total_native,maker,etherscan_url
2023-03-30 10:04:53,False,2.15e-10,6.834e-13,6305428948.0,0.0431,0x7d...86db,https://bscscan.com/tx/0x7125edfff8e360cc7313023852c0c8227620a6ad8c8ff7c3112c93d631c7ea72
2023-03-30 10:04:20,False,2.162e-10,6.834e-13,9675130050.0,0.0661,0xa1...6eaf,https://bscscan.com/tx/0x9fdbd6d20c01fa98b980ab8cb0a655ade6f307ad1582d185c76a60dc06c8a751
2023-03-30 10:03:29,False,2.149e-10,6.834e-13,17248723472.0,0.1178,0x53...5992,https://bscscan.com/tx/0xb53ab9994a1b6ebe6f8b0826bef56b27cb9882c0d15d8f21ab6503fd77981bd6
2023-03-30 10:01:56,False,2.149e-10,6.835e-13,6635187759.0,0.0453,0x09...ba79,https://bscscan.com/tx/0x98ad1089882ebda366868da9ab6840a725ec8443f766299e9315f55a8323a6d4
2023-03-30 09:58:22,False,2.16e-10,6.835e-13,90000000000.0,0.6151,0x8d...5c9f,https://bscscan.com/tx/0x91b9b284b6941714a1268decc950adfd37853d32a12c4bbdb822fe93b62cb7e1
2023-03-30 09:51:58,False,2.166e-10,6.835e-13,3526363476.0,0.0241,0xa7...c5a9,https://bscscan.com/tx/0x6dcc7d24c1d738745b75bbd0209b521d1d403e40390b77841249778463d31838
2023-03-30 09:51:37,False,2.176e-10,6.835e-13,34221508538.0,0.2339,0xd0...1ec2,https://bscscan.com/tx/0x927c094a4263fc3250e1bcf42ccf3329f4cae5ba74c3250e851817b7973f238f
2023-03-30 09:48:07,False,2.138e-10,6.835e-13,55315452730.0,0.3781,0xc0...2f01,https://bscscan.com/tx/0x5135b2ce5714c522b14c302d043ceaddedf2d9152d15b7f1cfe2d1599422821a
2023-03-30 09:45:43,False,2.149e-10,6.835e-13,42224237019.0,0.2886,0xbb...6e1c,https://bscscan.com/tx/0xeb33ebae06630c3f5f30fe8b0e48e6d7d3a3ea2d303cdbc87c3aaa0125660c27
2023-03-30 09:43:07,False,2.148e-10,6.836e-13,747044091000.0,5.10735,0x1d...2cd1,https://bscscan.com/tx/0xf7a64314bfd5b4f6752778589f9bfe982a6a42da2b21dcdc3b9013308f85f8c6
2023-03-30 09:35:07,True,2.153e-10,6.871e-13,109722529259.0,0.754,0xb7...bfbc,https://bscscan.com/tx/0x20a0e84310a07e4c462e2153d7bfd1494e55c993e77c6a330065fe5e7cd8e902
2023-03-30 09:32:31,False,2.142e-10,6.837e-13,21726732451.0,0.1485,0x06...a5ca,https://bscscan.com/tx/0x3f234050e2fa2eb447aeb03cd07feedce09a7b7a72adfc9af22baa6681b37059
2023-03-30 09:29:34,False,2.143e-10,6.837e-13,18000000000.0,0.123,0xce...1637,https://bscscan.com/tx/0xd804f67515bbd5b9a499d07bb37a81dca5f04e2071de3537dd5c1fd420760bcc
2023-03-30 09:29:11,False,2.143e-10,6.837e-13,39114416486.0,0.2674,0xab...f9b6,https://bscscan.com/tx/0xb3c01aa3645fad79809d7bdfd7a0b0f4c1cc43626cfcf0f9eac6ea375dd339a1
2023-03-30 09:25:38,True,2.143e-10,6.872e-13,21827600000.0,0.15,0xf0...8932,https://bscscan.com/tx/0x0f1f50ee00411aabf3641ebb5cb09dd7d37ed896ed19580b2e92430341946a71
2023-03-30 09:16:05,True,2.157e-10,6.871e-13,145518469.0,0.001,0x99...19fe,https://bscscan.com/tx/0xef405b9b5396acd13fbdea823e643d543562e74f0cd48feff43aa63babf4441d
2023-03-30 09:13:17,False,2.146e-10,6.837e-13,4284208597.0,0.0292,0xa2...e105,https://bscscan.com/tx/0xe08cf7c0c734b76c11d454c535b958a251484970afecda169e417ffab4ef6317
2023-03-30 09:12:50,False,2.135e-10,6.837e-13,30964419794.0,0.2117,0x0c...dd0d,https://bscscan.com/tx/0x8d39cecae1a1441b9d042ad8fd8a51a1fb1a28703b207d50e66dcaad48c7ad1c
2023-03-30 09:04:05,False,2.145e-10,6.837e-13,5936450856.0,0.0405,0x24...7485,https://bscscan.com/tx/0x554fc8eb7e69c66784d76be7fa426da1d155e0ac938c36c25fb83db0c392ce06
2023-03-30 09:03:53,False,2.145e-10,6.837e-13,90000000000.0,0.6154,0x92...11b1,https://bscscan.com/tx/0xcdfd283f300d56408a58c7714000747d472dac6f5ee7b7758e46cca2f9778d8e
2023-03-30 08:59:39,True,2.154e-10,6.872e-13,1200000000.0,0.0082,0x05...caec,https://bscscan.com/tx/0x3f61b21477ae20c9baf35e9e1288b16855721cb81033fffac39ee738ef8f870d
2023-03-30 08:55:37,True,2.155e-10,6.872e-13,25000000000.0,0.1718,0x1b...411e,https://bscscan.com/tx/0x44ba6e98c01b960b4d153e20105540eb06e5c6387374b09e75e968e9cc2edd78
2023-03-30 08:54:52,False,2.144e-10,6.838e-13,38928615601.0,0.2661,0x9c...6bc8,https://bscscan.com/tx/0x056ac3a5d278e3eac36790ff06afaba71a73a1e4e9db21668bf7177c20c67552
2023-03-30 08:49:33,False,2.148e-10,6.838e-13,8460000000.0,0.0578,0x24...7485,https://bscscan.com/tx/0x6962333125db183e6671cccd8bb8abc67bf2646b0897ae1831ce8555679f0528
2023-03-30 08:43:48,True,2.158e-10,6.872e-13,1323059638.0,0.009,0x92...9655,https://bscscan.com/tx/0x4cb30be215a248e0b5a8833d828271d0815969ea48a72ffba2fead8a2b1693d8
2023-03-30 08:36:24,True,2.149e-10,6.872e-13,7650600001.0,0.0525,0xf2...c644,https://bscscan.com/tx/0x848bf1efb4cfc3d860069b5d8f922b5d5ba7edbcebb6295b7533c7a8c042c776
2023-03-30 08:32:48,False,2.137e-10,6.838e-13,20694000582.0,0.1415,0x32...8701,https://bscscan.com/tx/0x7f3bfdbbfa9fba23181c437cdbe6be84e64233b1be345c64ce6dcad3a224a714
2023-03-30 08:30:30,False,2.149e-10,6.838e-13,18735654103.0,0.1281,0x44...6bb4,https://bscscan.com/tx/0xc22f214c2b19770883d9cba7ffa02570cd5cf7ac289109833fe4415bbe938fd4
2023-03-30 08:25:29,True,2.147e-10,6.872e-13,3070080951.0,0.0211,0xd8...6a17,https://bscscan.com/tx/0x63a97a819ac0fb423593c530d5b18fd1c4e52b38ebf9170094efc4e703da80fe
2023-03-30 08:06:44,False,2.148e-10,6.838e-13,15898247747.0,0.1087,0x0b...d991,https://bscscan.com/tx/0xbdbc01b9ae2047a12451e394989aa92f18b89c5131eb5556048934295cc399f6
2023-03-30 08:06:05,False,2.148e-10,6.838e-13,23075880236.0,0.1578,0xf7...8d56,https://bscscan.com/tx/0xf2f37ed020ba04263741564153263b45a2285d2975263ea9bb823bf6fc24dce5
2023-03-30 08:02:50,True,2.158e-10,6.872e-13,11640433156.0,0.08,0x24...ca2a,https://bscscan.com/tx/0xd9ca3ec846fbd70aafd4d3bcf934b1c67bf0e69a8926585a0a867e68a29129bd
2023-03-30 07:56:44,True,2.157e-10,6.872e-13,2276510111.0,0.0156,0x93...ea1f,https://bscscan.com/tx/0x3d0dad4d3eb1f61c266b1d1bd9e83044108defe56eedbaa792298fae774220a7
2023-03-30 07:53:44,True,2.146e-10,6.872e-13,7275306809.0,0.05,0x49...b0fa,https://bscscan.com/tx/0x8117971ccd96fb2f84252fe5197beb3d940c2a7da12dfdd39ef1c9e462401232
2023-03-30 07:50:41,False,2.146e-10,6.838e-13,125779260646.0,0.8601,0x74...75d4,https://bscscan.com/tx/0x1dc865b4a322b2c6b834be9d69dfcffa827a83d12183c8e35b05e8ba56e0c7b2
2023-03-30 07:50:23,True,2.146e-10,6.872e-13,13863895160.0,0.0952,0xd8...65b8,https://bscscan.com/tx/0xd34ec697f83efb8b41f92046f5fc631a95fda2e245293106e8a6c47e12be0edc
2023-03-30 07:44:23,True,2.147e-10,6.872e-13,31588151373.0,0.2171,0x93...ea1f,https://bscscan.com/tx/0x4027cd1b202c208317dc9798a3d5cc16c413e35479f2742de7248ed8dcae31e8
2023-03-30 07:40:56,False,2.137e-10,6.838e-13,2833696122.0,0.0193,0xda...51b6,https://bscscan.com/tx/0xc21c95c1a138bd750ec6b469d6e81456c2a621865dce6b193597a8e656000306
2023-03-30 07:39:23,True,2.148e-10,6.872e-13,2910027062.0,0.02,0xe2...68d6,https://bscscan.com/tx/0x0a3f1a57ae37b0d3a22544c396a0ddfcb1099ed11a028e0f18731a9902b37f6e
2023-03-30 07:38:20,False,2.137e-10,6.838e-13,17814016669.0,0.1218,0x66...4278,https://bscscan.com/tx/0x590c4891b285f68039d829b1fd4b84c5f674ce9decdf28d892e950f205d0634a
2023-03-30 07:36:53,False,2.137e-10,6.838e-13,40000443459.0,0.2735,0x33...d844,https://bscscan.com/tx/0x9706b25153964676367000d30cc544030cbaa42229add95981b2bcbb93f8a758
2023-03-30 07:36:02,False,2.136e-10,6.838e-13,149630785386.0,1.0233,0x13...193e,https://bscscan.com/tx/0x8f6b638e291e081a5e4b273b6cd2b15ee2b664242212cab1ee0eaf596fcbe68c
2023-03-30 07:32:47,True,2.148e-10,6.873e-13,3874445062.0,0.0266,0x5b...ea54,https://bscscan.com/tx/0xf9820e546c3b06a699625b1e36dbb6178001d5a34b79d88df5c9b041043279f4
2023-03-30 07:27:20,False,2.137e-10,6.839e-13,8490670391.0,0.058,0xa8...104e,https://bscscan.com/tx/0xd8f43084d687d32e777edbdf6efd86606560b7616e1dc669c991cf5d2740972d
2023-03-30 07:21:59,False,2.148e-10,6.839e-13,26386122502.0,0.1804,0xa8...104e,https://bscscan.com/tx/0x1e51c962bac2489fd38d059b4bdb3704f906ee3ae0cd36b155257bd0c514a0df
2023-03-30 07:18:29,True,2.148e-10,6.873e-13,9940222517.0,0.0683,0xfc...1b38,https://bscscan.com/tx/0x52b6274cde9825350cec06f6d173fe2d75c952ee74cc52f52ff834be1ac905d9
2023-03-30 07:16:32,False,2.137e-10,6.839e-13,42109705547.0,0.288,0x70...f884,https://bscscan.com/tx/0x26aea103f719b8d099c4b5ebf2bb08c02ff7b5651e421a93b338a9678239caae
2023-03-30 07:12:59,False,2.138e-10,6.839e-13,299730562635.0,2.05006,0x85...e2a4,https://bscscan.com/tx/0x838229329a1b0fb9e52b26ceeafc4250cec389152f71e55212c2a97a424cd623
2023-03-30 07:06:02,True,2.149e-10,6.874e-13,11637344455.0,0.08,0x05...a9b0,https://bscscan.com/tx/0xcdea924df063d5e7a1928964f487aa5f691edaa9c437cb58f8d2444054595039
2023-03-30 07:01:35,True,2.149e-10,6.874e-13,4320274186.0,0.0297,0x60...b65b,https://bscscan.com/tx/0xe57659282022e9fb48f336a3fd979904d165155b60b114ca4591060baa168d9d
2023-03-30 06:54:23,False,2.149e-10,6.84e-13,95090508912.0,0.6504,0xe9...811f,https://bscscan.com/tx/0x13e0a7e8dff671b67effcba3746e32e023c35f1291480fabf221466630839840
2023-03-30 06:53:20,True,2.16e-10,6.874e-13,60000000.0,4.124e-05,0xdc...fb5d,https://bscscan.com/tx/0xfe79fdd6c8e6efe0b4b6c93893185863b83437582709011a7ef2ca45320b11f8
2023-03-30 06:52:44,True,2.16e-10,6.874e-13,16625949708.0,0.1143,0x41...45ce,https://bscscan.com/tx/0x6474a1ced80da5d53a30d17c78cf92f5501a98926364057a68e5aa038cbdaf09
2023-03-30 06:52:02,True,2.149e-10,6.874e-13,16476340145.0,0.1132,0xa8...5b23,https://bscscan.com/tx/0xad49bf185987585323655522d2485bc8b61a54c55260e19545fa7d743682d394
2023-03-30 06:51:59,True,2.149e-10,6.874e-13,3179374974.0,0.0218,0xa0...393f,https://bscscan.com/tx/0x8ec2cf48d2032f83f5413b684ce3adbd25799a0eb8536966b2ff67664963f71d
2023-03-30 06:51:47,True,2.16e-10,6.874e-13,19026700000.0,0.1308,0x99...c67c,https://bscscan.com/tx/0xd43b8128f6cb1f102f21e3c32da9ea8ca2677468577f5fd1764f7e4e1b9d4530
2023-03-30 06:47:26,True,2.148e-10,6.874e-13,145465005.0,0.001,0x97...2d7e,https://bscscan.com/tx/0xbe2274dd2e8dcb9b4cd231febbf5913f566bf2f481d1a36ab53bb49228d99cf2
2023-03-30 06:46:29,True,2.16e-10,6.874e-13,51204200000.0,0.352,0x3c...b83a,https://bscscan.com/tx/0x7ec677458920adcd426a4b63ffaea38fec8a6439c5bbc5ba9dc7ba739807aca1
2023-03-30 06:46:17,True,2.148e-10,6.874e-13,2102727858.0,0.0144,0x97...2d7e,https://bscscan.com/tx/0x550e726ca580e99de82f7138a2cf3e2e6d8c895e756af44774698204fffc7de7
2023-03-30 06:45:05,True,2.16e-10,6.874e-13,26960100000.0,0.1853,0xd1...6740,https://bscscan.com/tx/0x78b64dd7bc92c9dad72c62307f82f436fd8b6d152d3056084190ec901bf1e996
2023-03-30 06:39:50,True,2.148e-10,6.874e-13,872819840.0,0.006,0xa9...0f0b,https://bscscan.com/tx/0xfc7fa8b1cb0280f1530cdb7f9f643cf7cf2c0343b7a47103a8899a06b4e01082
2023-03-30 06:34:59,True,2.16e-10,6.874e-13,12470000000.0,0.0857,0x14...e340,https://bscscan.com/tx/0x71c26022c2967c15478584e088ced5341a8d897898bb67095b5832e6b0b43c46
2023-03-30 06:32:48,True,2.148e-10,6.873e-13,661685059666.0,4.54794,0x5c...a94c,https://bscscan.com/tx/0xcac4094935fc4be1013a6e3857f4301792c1d9b63498b032fecc27074d29d3fe
2023-03-30 06:27:09,False,2.148e-10,6.838e-13,81921176537.0,0.5601,0x16...8685,https://bscscan.com/tx/0x3cc1bbbfd97b42be20c1bb2949cb36ff85cb99cf3f221b9294f1cb10ad7a19a3
2023-03-30 06:25:45,False,2.137e-10,6.838e-13,7901140132.0,0.054,0xe0...c5ca,https://bscscan.com/tx/0xe822748b091480ac0767437c07ee1ae1fb4c1e67a9f6287638ae765c455fb1d9
2023-03-30 06:25:03,True,2.159e-10,6.872e-13,89924769639.0,0.618,0x1f...a5ab,https://bscscan.com/tx/0x543dfc6f55d606701be7763b6be8d68acd2d6090fae7e0d3764ffcf6264ebee1
2023-03-30 06:22:15,True,2.158e-10,6.872e-13,6940908364.0,0.0477,0xd0...1043,https://bscscan.com/tx/0xc522ef3090ecea2b9a417ef7bd3dff84f93d9e33a6f908023850e226be3d9442
2023-03-30 06:20:36,False,2.136e-10,6.838e-13,186658042273.0,1.27641,0xd6...e942,https://bscscan.com/tx/0x11ea9187f7b3c13ef3a90176222f8ad60a8b9a907f46e30c377b9f4a6518683f
2023-03-30 06:19:21,True,2.146e-10,6.872e-13,15856898271.0,0.1089,0x13...1ed0,https://bscscan.com/tx/0x955274288d5b76ca9d8f873c05f74d1f3ca0c88bd3f6c07fbd6e2c9917450c7f
2023-03-30 06:18:45,True,2.146e-10,6.872e-13,167054935493.0,1.14809,0x3b...7006,https://bscscan.com/tx/0x80a7904e7349e96ab51b7264eba62997a6fd8387a2a8a53b6c63d243067284de
2023-03-30 06:18:21,False,2.144e-10,6.838e-13,182954689261.0,1.25109,0x09...aa06,https://bscscan.com/tx/0x3860d3c7c451c6a3c08e851429dcea7d58d58b0c3f10bbece26dd77c1f886045
2023-03-30 06:17:48,True,2.155e-10,6.872e-13,11300000000.0,0.0776,0xc4...754c,https://bscscan.com/tx/0xf6cfdab77265b6861b56ad4b364cbc5a8e701e8ce3c4b1de776c1f1a3070abd7
2023-03-30 06:16:09,True,2.155e-10,6.872e-13,2434120044.0,0.0167,0x32...1a6d,https://bscscan.com/tx/0x191f5ff6aba2d68db583d96a25a4f2fd75fbe6ef68389854221f33e2eb1f6f5b
2023-03-30 06:14:24,False,2.133e-10,6.838e-13,34867833994.0,0.2384,0xae...d61a,https://bscscan.com/tx/0x74f5be5fda265e15a7d40f2e51a0d128daac7fe5459611696c01762a241c8b48
2023-03-30 06:12:06,True,2.154e-10,6.872e-13,4013523150.0,0.0275,0x33...0c2e,https://bscscan.com/tx/0xee4bdb22c455f71028bde6da63903bb069a5cf256bee632f514fa34a4311e8b2
2023-03-30 06:12:06,False,2.143e-10,6.838e-13,34004174382.0,0.2325,0x55...9b26,https://bscscan.com/tx/0x2f1b80f98fe600ebe78066cd4c907a836e9d1e4be351a6fe463170dc6f2c32d1
2023-03-30 06:11:51,True,2.143e-10,6.872e-13,100.0,6.872e-11,0x5c...a94c,https://bscscan.com/tx/0x899aa267184403a69be850d4aed1286438c3abb6f5b959a13eb2c9db21b990ac
2023-03-30 06:09:57,False,2.144e-10,6.838e-13,72555790518.0,0.4961,0xa6...02f9,https://bscscan.com/tx/0xf8bc2b7ae0e1489a3d789b762184ab476276c9ba716ec9ea5903c9a21c13ec7f
2023-03-30 06:08:12,True,2.155e-10,6.873e-13,21181000.0,1.455e-05,0x30...3f10,https://bscscan.com/tx/0x4be4c6ec2d8432818802668697871186412250e7df985b500dcb17eb7a71e968
2023-03-30 06:08:09,True,2.144e-10,6.873e-13,60987504526.0,0.4191,0x3e...b613,https://bscscan.com/tx/0xe2f479f336a6a0397af15d360c070cdb48d60f19a9d19cbd28d4d7e16348d376
2023-03-30 06:07:39,False,2.144e-10,6.838e-13,28677042085.0,0.1961,0x03...3ffe,https://bscscan.com/tx/0x329c983b305496ac52c58626c22a95bc48591f81ba4f16147a6e0df6aac5008b
2023-03-30 06:06:15,False,2.144e-10,6.838e-13,4667079749.0,0.0319,0xc3...63ff,https://bscscan.com/tx/0x363645a016647f5973276ce95cf531c451a8f7a455a2d94e51e4dd2b36b20d65
2023-03-30 06:03:21,False,2.134e-10,6.838e-13,5600198319.0,0.0383,0x83...e216,https://bscscan.com/tx/0x4a649c8e137cbeac25c0aaca4fae8284798cfac786803b4270a8d11671c5bd7e
2023-03-30 06:02:27,False,2.144e-10,6.838e-13,35803880824.0,0.2448,0xe1...2f29,https://bscscan.com/tx/0xc95f32029a4226d4e2d73b6e084f243e3b453c678daf337f001fe7a3cb2db80d
2023-03-30 06:00:57,True,2.145e-10,6.873e-13,6639803753.0,0.0456,0x18...92ab,https://bscscan.com/tx/0x118fa85014d36b62a85bb9c996a55b2d456ede1bab2f48d70056231c1493f6d6
2023-03-30 06:00:24,False,2.145e-10,6.838e-13,45079198767.0,0.3082,0x78...3a45,https://bscscan.com/tx/0xe8a2f04db839a80c3155cb6d676559fcf156efd5348e9d5cb384303a73c01782
2023-03-30 06:00:12,True,2.145e-10,6.873e-13,6639735840.0,0.0456,0x18...92ab,https://bscscan.com/tx/0xae5a43fa5d536d42a7163704ea30022ab9cbe94a15b74ca90390c50d8046ec9d
2023-03-30 05:58:15,False,2.134e-10,6.839e-13,21874608650.0,0.1496,0x3c...f2e4,https://bscscan.com/tx/0x0f187449d15f15c8062a9539edd967e6a324d3ca79b89f8e3a21523f72f85e95
2023-03-30 05:57:48,False,2.134e-10,6.839e-13,59422274251.0,0.4064,0xdd...5b38,https://bscscan.com/tx/0xef5aabf698a36178ae84ba50c644d536515ef42523982826bcd69a0f92fedc97
2023-03-30 05:55:06,False,2.135e-10,6.839e-13,59326231094.0,0.4057,0xe7...ec89,https://bscscan.com/tx/0xcaee0a65ca51b422a3dd70250d5adc8a3025ca21443359428096b9718be5f687
2023-03-30 05:53:24,False,2.146e-10,6.839e-13,7215753046.0,0.0493,0x52...de17,https://bscscan.com/tx/0x131467f8e5a687dd22dcf8ab777d19ff36fac96f8b91e46b6b8d8c34e16c123c
2023-03-30 05:51:57,False,2.135e-10,6.839e-13,8100000000.0,0.0554,0x49...e2e4,https://bscscan.com/tx/0x51a8ba40a216e3aed72ee025df711a83c0351de4b89516eb0384968799afc8a7
2023-03-30 05:51:15,False,2.146e-10,6.839e-13,11801287590.0,0.0807,0xe0...caf6,https://bscscan.com/tx/0x3f98c609d109cc2af835b8f9a9dec5c40e6dac8e03a013cd7ce131b678b4f7de
2023-03-30 05:49:33,False,2.146e-10,6.839e-13,9231065540.0,0.0631,0x73...da7a,https://bscscan.com/tx/0x2358a30eba54d97d7f83e6d39c675e6936456a3a32cd5376ef9910ceccafad59
2023-03-30 05:44:48,True,2.146e-10,6.873e-13,73084051533.0,0.5023,0x7a...ab65,https://bscscan.com/tx/0x2a3ec6df0a2f1672c4ea0d02ff45ab7c2265dbf60cb3a55c8264ec3f4aede663
2023-03-30 05:43:27,True,2.145e-10,6.873e-13,10527968801.0,0.0723,0x7a...ab65,https://bscscan.com/tx/0xbdc72d080853e92adca0ca7faef790b0b8061fa5354d60f072c1abb0eb18845d
2023-03-30 05:39:24,True,2.158e-10,6.873e-13,68649848558.0,0.4718,0xf7...5edf,https://bscscan.com/tx/0xb39c71235be75d1acd7a2a634b90b1c556061be28f5c2d0819a8bddec499a905
2023-03-30 05:38:27,True,2.157e-10,6.873e-13,4364662872.0,0.03,0xec...6d61,https://bscscan.com/tx/0x085464ead67b2ac7f3e6f2d4962a2315b65a6b80978ee7ed29b50198cafd60fe
2023-03-30 05:38:21,True,2.146e-10,6.873e-13,3500000000.0,0.024,0xba...8756,https://bscscan.com/tx/0x0a001686cd5e6cbaaf85f4f64cbeb4e486e21b109b6f8978e25020ab6859b1f8
2023-03-30 05:37:09,True,2.146e-10,6.873e-13,120000000000.0,0.8247,0xba...8756,https://bscscan.com/tx/0x28781e74693c21c72823612080d7d5b344cd67db8e40b3f6c730beb46350d404
2023-03-30 05:32:15,False,2.13e-10,6.838e-13,7897091293.0,0.054,0xc3...7f84,https://bscscan.com/tx/0xdced113c059ed2480972c885f02bfc414fb5ebf8f72367a3ba116908edabcbdc
2023-03-30 05:32:15,False,2.13e-10,6.838e-13,41056651107.0,0.2807,0xb7...e4ad,https://bscscan.com/tx/0xc5a49fa9e1494ec27b9275ddea29d38aec9ab354c04866b16a7cdcbb49b6c756
2023-03-30 05:28:08,False,2.14e-10,6.839e-13,254961000000.0,1.74373,0xdd...f824,https://bscscan.com/tx/0x6b72cd5a41a86c9b3cab9904e941d80d079e93a4259e94f1511252e912c25d1d
2023-03-30 05:23:38,True,2.144e-10,6.873e-13,24440100000.0,0.168,0x56...229e,https://bscscan.com/tx/0xb333bdcc0cf4fafbf4182bf197a793ded0b072fbb0df32d2238bd0c4688ab28e
2023-03-30 05:23:14,False,2.134e-10,6.839e-13,22375382966.0,0.153,0x72...d645,https://bscscan.com/tx/0x8e7736cea3c0d70c0d18c50d01560679636d7178359cf119f8e60a386881dab2
2023-03-30 05:12:55,True,2.139e-10,6.873e-13,10000000000.0,0.0687,0x0e...45eb,https://bscscan.com/tx/0x2286edade2ce0c135075ff6b2e7df96e7139c66556d8c0a00bc10dbe0ff34308
2023-03-30 05:08:52,True,2.157e-10,6.873e-13,28000371278.0,0.1924,0x6b...6a0b,https://bscscan.com/tx/0x7fc388c602fed01c0ceaa85f95614e9fc4d25fb2d559f4caae9317c2516f3e1e
2023-03-30 05:07:07,False,2.163e-10,6.839e-13,88971471502.0,0.6085,0x8d...e6fa,https://bscscan.com/tx/0xb7a4988c9c3710d59cd83de02fdc63cc62118d8c106f61c7d2ae4abde02d59ba
2023-03-30 05:05:49,False,2.156e-10,6.839e-13,12439809265.0,0.085,0xf5...f2b7,https://bscscan.com/tx/0x6f68e760f83ff4bce856ccfae320ca813c8d03f82b1c2fa243882d3b1af9b02a
2023-03-30 05:02:37,False,2.162e-10,6.839e-13,45000000000.0,0.3077,0x10...2c33,https://bscscan.com/tx/0x0159704753ba030f2cc57ee6df52a2f6107fdd457d2a3ef55a8235d979982166
2023-03-30 05:02:16,False,2.173e-10,6.839e-13,2535453161.0,0.0173,0x14...ad7f,https://bscscan.com/tx/0x7ebcdcaab3f1651a2cf463033bb0c6ced9e4b6b776fb1e764007170fbd0f3db4
2023-03-30 05:00:52,False,2.172e-10,6.839e-13,3947427000.0,0.027,0x1c...ae36,https://bscscan.com/tx/0x6e3791a224a38cde8b6ed234c65099a12d9ec48d9fef98906290bc6d974872f0
2023-03-30 04:59:01,False,2.162e-10,6.839e-13,15124022294.0,0.1034,0xa3...0751,https://bscscan.com/tx/0xc0d5ea1bf3a0854997454691eacd69f657064dea78bfda3346ee9a7fcf88184f
2023-03-30 04:58:40,False,2.172e-10,6.839e-13,31562426212.0,0.2158,0x68...03ff,https://bscscan.com/tx/0x72cd6d020f01faf4a2fe1d7831dff699758bcc5923341e97362be5bd1662aee7
2023-03-30 04:57:13,True,2.183e-10,6.874e-13,2504775532.0,0.0172,0x7f...2e27,https://bscscan.com/tx/0x7a58c0c4cedd6598db2e165d5a04cb44d8dae71acba49b88a33ede8a924405a5
2023-03-30 04:56:58,True,2.183e-10,6.874e-13,1018277773.0,0.007,0x06...b2d3,https://bscscan.com/tx/0x877eb5b9cdbb922f8f6cee8c11df837aff7efff688d2b64b023e69ed64874422
2023-03-30 04:52:40,True,2.174e-10,6.874e-13,1878525806.0,0.0129,0xdd...d276,https://bscscan.com/tx/0x7883399af99da56746c03bbebc0c53a6ec726b0040c542eab522358ffb59f521
2023-03-30 04:50:19,False,2.173e-10,6.84e-13,2359706542.0,0.0161,0xc4...34b0,https://bscscan.com/tx/0xe13a005cf4988ee1e9fe6a56eb619a9ac43ea88c4f9f1fef036752c24a3e3a55
2023-03-30 04:48:58,True,2.187e-10,6.874e-13,38888652864.0,0.2673,0xfc...5e13,https://bscscan.com/tx/0x86d28e98666fde41bb4ec5960eeda77baecc4a0784f7c1d36612cb114bdf538d
2023-03-30 04:47:10,True,2.186e-10,6.874e-13,95600000000.0,0.6571,0x07...ca80,https://bscscan.com/tx/0x6abc99bb3d78266c4b782c8eed66f4d40be93cf6e8c9953690dddaa38ee52416
2023-03-30 04:46:19,True,2.177e-10,6.873e-13,349143692.0,0.0024,0x03...9b97,https://bscscan.com/tx/0xb2f570b8195f20f413bf41e5ec25cd5702cd7dba130c9459da404948bc0173d4
2023-03-30 04:40:52,True,2.176e-10,6.873e-13,11121879067.0,0.0764,0xc1...8475,https://bscscan.com/tx/0x8c586bf85611b61b61e42a58a6ebc58b9cf4a268430c20c36950ba03502550b3
2023-03-30 04:40:16,True,2.175e-10,6.873e-13,18766637647.0,0.129,0x5a...b811,https://bscscan.com/tx/0xedde050aeb0d17706f1cfb616ee9edd1ae0f829d798299bf49c2cd5162b031ee
2023-03-30 04:34:49,False,2.167e-10,6.839e-13,16458480000.0,0.1125,0x72...fb28,https://bscscan.com/tx/0xf789ff9b1ee5e119d0b43e06fe61e88337965de7042b77143163c906ed96a843
2023-03-30 04:31:37,False,2.161e-10,6.839e-13,2892640735.0,0.0197,0x97...104b,https://bscscan.com/tx/0xeb848aad3521caab62165aec5a7cee7a57a6606c2683d6bd22abfd5cc6b011be
2023-03-30 04:23:13,True,2.169e-10,6.873e-13,276422853691.0,1.9,0x96...426f,https://bscscan.com/tx/0x531ea532d40cf8b836495c3f01f7a89e2927436b27ac2c84ed72c6d25749df9d
2023-03-30 04:22:49,False,2.147e-10,6.838e-13,5594081928.0,0.0382,0x87...71a5,https://bscscan.com/tx/0x541645f0fbbc1d720d4d8268314ad06f304e19c8792b177848c45636e33bc1d8
2023-03-30 04:21:13,False,2.148e-10,6.838e-13,90055604467.0,0.6158,0x61...efec,https://bscscan.com/tx/0x871201384f8c23fdb2ef15390c1794453558c344ac43ec24b1173a0a80a23861
2023-03-30 04:18:49,False,2.145e-10,6.839e-13,275373000000.0,1.88341,0x0b...17ad,https://bscscan.com/tx/0x3a352ed20bc65bdbd51a15f00d8056fdc78475b8a4d8ad0ce9e0f0ac1d9c75f6
2023-03-30 04:18:37,False,2.145e-10,6.839e-13,57775804577.0,0.3951,0x89...2ab6,https://bscscan.com/tx/0xca7700bb47b16e6e4c72ae427869bf40c5b5a43bdae3a1af6da7595acf73e750
2023-03-30 04:17:52,True,2.145e-10,6.874e-13,232224084.0,0.0016,0xd9...48f3,https://bscscan.com/tx/0x300c5be6db6d8b2aac5132868d803d491b04e89d925e60dcf18de5211244cc79
2023-03-30 04:17:52,True,2.145e-10,6.874e-13,11637461305.0,0.08,0x36...b2d2,https://bscscan.com/tx/0xb637e8b1b690fc73ca1b991d4e1841ddd00b222335f4e7627f2c1c77230abc02
2023-03-30 04:17:40,True,2.145e-10,6.874e-13,1708090111.0,0.0117,0xef...ee14,https://bscscan.com/tx/0xb0772aea30b2dddea1400db9cd2c4846e592a2f54b4ba8d1e31667834fe40593
2023-03-30 04:13:31,True,2.156e-10,6.874e-13,15565205271.0,0.107,0x52...2b67,https://bscscan.com/tx/0xaf27ac3f14d6d0755933855a74f5fa9a11ee6a99009d15cee4a391e7100a637f
2023-03-30 04:12:07,True,2.156e-10,6.874e-13,698729792.0,0.0048,0xaf...b711,https://bscscan.com/tx/0xc2fddff8bdfcbcc6bec054e97d38a0ae716187bce81b9ced344e82483a05d431
2023-03-30 04:11:58,True,2.145e-10,6.874e-13,5818796336.0,0.04,0x94...a0ae,https://bscscan.com/tx/0x91d240eee0ecab623f0d08fe025685488001851b9bac71f356d6c55f69e78e67
2023-03-30 04:11:46,True,2.145e-10,6.874e-13,58188751576.0,0.4,0xb4...0899,https://bscscan.com/tx/0x59881d8eddce5f34cc28de8834a149dd89a1e0d1fc7f68f70de75a9bb0f33baf
2023-03-30 04:07:31,True,2.145e-10,6.874e-13,43642500001.0,0.3,0x77...36a7,https://bscscan.com/tx/0x1ea339c6d38a29494f4104ff3c80e8535df10827e4ab433598e979f635e87309
2023-03-30 04:05:37,False,2.145e-10,6.84e-13,279000000000.0,1.90837,0x36...b2d2,https://bscscan.com/tx/0xaabbb1585012ff66331df8094f0691829ecdfd2d7afa62a25a5850750297e6b5
2023-03-30 04:00:37,True,2.156e-10,6.874e-13,4508342306.0,0.0309,0xe0...a6e1,https://bscscan.com/tx/0x54d99ec1a0eaea25ba6ef836b5724c6ce00820880d7c8b26fc1f71d59369d224
2023-03-30 03:58:19,True,2.157e-10,6.874e-13,1356915260.0,0.0093,0x15...4042,https://bscscan.com/tx/0xce11f2efb0332c2c19e92676cc2fef83998cdca6b37dabadd2da1b40895f2307
2023-03-30 03:56:19,True,2.156e-10,6.874e-13,24387904889.0,0.1676,0x3c...73bf,https://bscscan.com/tx/0xddafae1974d07a06889facbc851ecfd49dfae03bc3c0c0adc5c244b57f95b832
2023-03-30 03:55:31,True,2.145e-10,6.874e-13,727305579.0,0.005,0x06...b2d3,https://bscscan.com/tx/0x64185a9ae70f63c3803ed2c58857b49953382840ad495b596294b7a9032cded0
2023-03-30 03:53:10,False,2.145e-10,6.84e-13,69370079099.0,0.4745,0x58...1152,https://bscscan.com/tx/0xfbd81c13b0e556f32fb67e6bfefcbe236f86e3dd6aa396ce2626e48a9ea5e7e7
2023-03-30 03:52:37,True,2.145e-10,6.874e-13,8303132455.0,0.057,0x2d...5fb4,https://bscscan.com/tx/0x1b1f8746687b4c3b469f71e41777640f5bc9c57916e2413ad609791d8d97489a
2023-03-30 03:50:04,True,2.156e-10,6.874e-13,47963811137.0,0.3297,0x7b...3779,https://bscscan.com/tx/0x0a82e0781c51e7422e5663a4ba2a138b21ffbc688f1fb6eeeaae944f5db7df51
2023-03-30 03:48:39,True,2.145e-10,6.874e-13,16022462832.0,0.1101,0x8b...8bd2,https://bscscan.com/tx/0x012875999c98ec551694b9691ddeda27be56d57d93e5d8ebe4657a59f2eb303f
2023-03-30 03:48:02,False,2.145e-10,6.84e-13,12664980000.0,0.0866,0xb5...5e8c,https://bscscan.com/tx/0x58e29fed6ab2d4acb02f8d73bec04dd528732d478ce40248554ca25bed6bbfc9
2023-03-30 03:46:43,False,2.145e-10,6.84e-13,13500000000.0,0.0923,0xaa...7ee6,https://bscscan.com/tx/0xf93a60de457ba4762d9994b30fd9588d79c3542e7a2101a36efc3ec1dbab1b8c
2023-03-30 03:44:28,True,2.145e-10,6.874e-13,500000000.0,0.0034,0xaf...abdd,https://bscscan.com/tx/0xb7672882be100f663f19eecb5b040f6179d20570b2115c97ba92edf5c34ad35f
2023-03-30 03:39:01,False,2.145e-10,6.84e-13,1453615182.0,0.0099,0x6c...5994,https://bscscan.com/tx/0x6d44f57c136e267a63773d75eef0f3e1e55478bce5c51bd2d8ce6b2ecb109362
2023-03-30 03:38:10,True,2.145e-10,6.874e-13,24218186845.0,0.1664,0xcc...ac62,https://bscscan.com/tx/0xa68b9b117c95077d11f1c38836d2d524fe405d9bb62ad29ff0bf5402ad2eb6d3
2023-03-30 03:36:43,True,2.156e-10,6.874e-13,13527926090.0,0.093,0x02...b357,https://bscscan.com/tx/0x2ee8a6cdc297c6fdbd430bd75575586afb53bb01645999c2612963cc3d3872d2
2023-03-30 03:36:19,False,2.145e-10,6.84e-13,360000000000.0,2.4627,0x8e...079e,https://bscscan.com/tx/0xe0bde9bc5be3985c8931090305a64fa6f1b196beb558662d4df1568a46bb32c0
2023-03-30 03:32:58,True,2.155e-10,6.875e-13,8406441172.0,0.0578,0x27...0a51,https://bscscan.com/tx/0xf005db73b317176fb7e341e1ecf731c247baac731110ba0782eb54c1f55c5771
2023-03-30 03:31:34,False,2.144e-10,6.841e-13,34327608307.0,0.2348,0x82...95ed,https://bscscan.com/tx/0x2c8749586042dc0fc7869322f44cdba15f3e501bb49fd57852e3762eefa1d3a8
2023-03-30 03:29:34,True,2.154e-10,6.872e-13,2313601784055.0,15.9,0xcd...9c77,https://bscscan.com/tx/0xfffde764a91b62fc017b27abd5f8ef5a93fcad70b7f79068e7a1d71edb5be60c
2023-03-30 03:26:46,True,2.153e-10,6.869e-13,9761420001.0,0.067,0xb5...ba18,https://bscscan.com/tx/0x759d1d2153c1371b9ebf836cbbdf5a47688aac7916a16f98e8074ceb5b466ada
2023-03-30 03:24:46,True,2.141e-10,6.868e-13,47000000000.0,0.3228,0x4b...e187,https://bscscan.com/tx/0x85550b5f359d67571ee00e733dc5d448a64425d0abd9960cd223bcefb7d7e85d
2023-03-30 03:24:04,False,2.14e-10,6.834e-13,59473410457.0,0.4064,0x06...68e2,https://bscscan.com/tx/0x22739fbf3842958bf72088594e2761937200bee6707c78519344610f912060a8
2023-03-30 03:21:37,False,2.137e-10,6.834e-13,14095438180.0,0.0963,0x7b...0eff,https://bscscan.com/tx/0xd6311632c0e7720b31cfc44b89dcd48856717cd6c73d7934703f4c3f4c185418
2023-03-30 03:21:07,True,2.136e-10,6.869e-13,3073569096.0,0.0211,0x5d...7240,https://bscscan.com/tx/0xd364d0f2a87da49d5067efbc1479049aa018447c78a3423224050eaa3c8414bb
2023-03-30 03:20:10,True,2.147e-10,6.869e-13,45658464806.0,0.3136,0x06...68e2,https://bscscan.com/tx/0x4a8109a59fdc7aa49246ac7ba4a9eb6a0ceecea9066ca4647b67404c660faec2
2023-03-30 03:19:10,True,2.136e-10,6.868e-13,16462866098.0,0.113,0x15...4042,https://bscscan.com/tx/0x1b948bc209000f17cd118aee972776cc3591cfc64014cc7e14203de270543146
2023-03-30 03:11:31,False,2.127e-10,6.834e-13,35610243095.0,0.2433,0xc5...bf15,https://bscscan.com/tx/0x4e62808bf39add984db06fa1dc5d87e7c508cf1591d988f3f417992f77902101
2023-03-30 03:07:55,True,2.149e-10,6.869e-13,789735776.0,0.0054,0x54...ce08,https://bscscan.com/tx/0x71f42bbbe002f689ee369f8a82a6c913de3e0549f6fa60b4af2037225f92ebbe
2023-03-30 03:04:58,True,2.149e-10,6.868e-13,13861100001.0,0.0952,0xfe...e25e,https://bscscan.com/tx/0x889a263d2cf9e0923be57237721fad482ae5ee217e04345f124898699c54929b
2023-03-30 03:02:34,True,2.149e-10,6.868e-13,7356032456.0,0.0505,0x54...ce08,https://bscscan.com/tx/0x06f2d09046b730ca07dd1ce0c27b49d5dcecd618d86e4224ef8cc879901bdec8
2023-03-30 03:00:19,False,2.137e-10,6.834e-13,29119702258.0,0.199,0x25...bd63,https://bscscan.com/tx/0x97eed4e0d05b30a654152186140cd80bdf659f0d67e95c5e903b3d7f685c4b5e
2023-03-30 03:00:10,True,2.148e-10,6.869e-13,94043.7,6.459e-08,0x3c...6016,https://bscscan.com/tx/0x8859dad55c62b88695825d28d593d513d9ea89b87235ae3e5005cabeb34b922c
2023-03-30 02:55:01,False,2.139e-10,6.834e-13,18030159190.0,0.1232,0xf2...76bf,https://bscscan.com/tx/0x60e4e19178f2a06308f70fe95e32eb9f6665a53ccccd85d7958ff061ed92d965
2023-03-30 02:53:49,False,2.145e-10,6.834e-13,9900774838.0,0.0676,0x71...dd22,https://bscscan.com/tx/0x874e1c796e4deb839954e3c146c7732a3e69314acc89164f0149444e752d9204
2023-03-30 02:52:13,True,2.158e-10,6.868e-13,363976264471.0,2.5,0x12...391c,https://bscscan.com/tx/0x99f6d1c99d461a034bbe8319d843018aa8ecfea9c2ec56a13ef9441615102c1e
2023-03-30 02:51:40,True,2.147e-10,6.867e-13,111226311574.0,0.7638,0x09...862c,https://bscscan.com/tx/0x666f43a20791d5ae650715a928b20cf4b10c2df3a872fe8f183cbe0bd8b7da70
2023-03-30 02:51:13,False,2.147e-10,6.834e-13,453617743403.0,3.10006,0x32...0000,https://bscscan.com/tx/0x748b5d0950c110d283ed86dca8f6f7bb422d573e1ebdff71c484d7c4266d56bb
2023-03-30 02:50:04,True,2.149e-10,6.868e-13,218381128126.0,1.5,0x3c...2fc3,https://bscscan.com/tx/0x5eb995e4c45eddc67a06d4d38678325b79ebee17bb82ad704af917956173dea9
2023-03-30 02:47:31,True,2.161e-10,6.868e-13,2728438664.0,0.0187,0x8f...fa66,https://bscscan.com/tx/0xfe8bfd6a7c194ac7b78d47485cbe180f0ca8f5816c1cc0c8a43f6d8b82ab022f
2023-03-30 02:45:22,True,2.15e-10,6.868e-13,2693496036.0,0.0185,0xc4...117d,https://bscscan.com/tx/0x41b91e8fc960966b65c744bf9fb9b9bfe0857771aba5c3c3ce0bb3073c695a1d
2023-03-30 02:44:22,True,2.16e-10,6.868e-13,10919609961.0,0.075,0x1f...ca13,https://bscscan.com/tx/0x2bb3da34f9491b776bd89dcbc17630012183b6545492f17d3dd2ef462208c932
2023-03-30 02:44:07,True,2.16e-10,6.868e-13,532601041.0,0.0036,0xa3...783d,https://bscscan.com/tx/0x1d23a5a42e6250fc5f9889b3cc4a2edf8ba147e984640e0617ec13a53b16ccbe
2023-03-30 02:42:19,True,2.16e-10,6.868e-13,2468176263.0,0.0169,0x15...4042,https://bscscan.com/tx/0x1ce3e6527e32795d0741509308896abb8226ca48d7ffd3b91bd472a9262420cc
2023-03-30 02:39:55,False,2.139e-10,6.834e-13,4695034413.0,0.032,0x61...6821,https://bscscan.com/tx/0xbdbd861257422daaa84fdc59b2abccb1e069c42d55899e08d2bda00f32da71a2
2023-03-30 02:38:46,False,2.15e-10,6.834e-13,10884354335.0,0.0743,0x2f...6c95,https://bscscan.com/tx/0xcf9ce645a9440db1940e43de1fb08b09425cee424fc65af4ca6966ddf0a29553
2023-03-30 02:35:43,True,2.16e-10,6.868e-13,3705262.0,2.544e-06,0x11...ccb9,https://bscscan.com/tx/0x417c223bcd23ba84704a5839e34a565ba975ff4c9af7ef9436ea2e5dc6bd5e2f
2023-03-30 02:32:55,True,2.16e-10,6.868e-13,145598000000.0,0.9999,0x99...c67c,https://bscscan.com/tx/0x57bc61f97b5f07c2bf9444978e21c32075c7b5d78f1bef95746c2af749f5fb06
2023-03-30 02:27:40,False,2.15e-10,6.834e-13,720000687100.0,4.921,0x4a...796b,https://bscscan.com/tx/0x4eca5b9bfe3fe8d6fd83c2b643bb485dfdeef25a3a937c8fa714d4f09391d478
2023-03-30 02:27:37,False,2.15e-10,6.835e-13,22124319836.0,0.1512,0x95...db40,https://bscscan.com/tx/0xc1267b4aedbe9ec66b73aaba26ccc5bbf4d67b77bd3df793d8deed65b3e34166
2023-03-30 02:26:49,False,2.152e-10,6.837e-13,963001177942.0,6.58424,0x4a...796b,https://bscscan.com/tx/0x4b54d59ac474f69907a643bbd88a9c5d960317e35a9540a5dcbf40ec61c1f1ba
2023-03-30 02:24:55,False,2.14e-10,6.838e-13,1850587147.0,0.0126,0x14...e0b8,https://bscscan.com/tx/0xf8b01ebdea9df00b654dff598e4b29942ac5ed19cf09f50c9132766638ca19c8
2023-03-30 02:23:52,False,2.14e-10,6.838e-13,70197625671.0,0.48,0x7d...f51d,https://bscscan.com/tx/0x6506f6c4a3919a1101e3eaba1b02b62dc218e785224454b02061683008494ef3
2023-03-30 02:23:28,True,2.161e-10,6.873e-13,12367043975.0,0.085,0xf4...8fef,https://bscscan.com/tx/0x60e693aca0716b0f4196e957564fbcef91b78c64481ed281890fa959c71c20ae
2023-03-30 02:23:22,False,2.15e-10,6.838e-13,9148961524.0,0.0625,0x3e...a579,https://bscscan.com/tx/0x49bf8c56deafce254165c7aaa6537a2509ac305b6fb886830878c6c312df370e
2023-03-30 02:22:25,False,2.14e-10,6.839e-13,181019247660.0,1.238,0x4a...796b,https://bscscan.com/tx/0xe504a1594d60e7a968b73bea5b5eb2f4005c35c75ce1d4019abc0d2cad653df5
2023-03-30 02:21:49,False,2.151e-10,6.839e-13,18977538979.0,0.1297,0x99...a6cf,https://bscscan.com/tx/0x4edd9c73e7252bd2306ca045f672155efa3630a849914c34afcbcab6e53a3a94
2023-03-30 02:21:25,True,2.161e-10,6.873e-13,100000.0,6.873e-08,0x6a...07a0,https://bscscan.com/tx/0xe1ddfd90b8ac9fe530e38819c5bd29035d6b8480d00ae2f5dc60e19e1db729bb
2023-03-30 02:16:04,False,2.14e-10,6.839e-13,7200000000.0,0.0492,0x4a...54cb,https://bscscan.com/tx/0xee85a8c53d0ecf1e4d0839a42acd5ae24d09a8cf66b5529b23820a2bac242a92
2023-03-30 02:13:01,False,2.14e-10,6.839e-13,12200751916.0,0.0834,0x8d...4089,https://bscscan.com/tx/0x8f3363531a36f0ed97228041bd646eef30655ca580f93062de91b26d3f4602d6
2023-03-30 02:08:01,False,2.14e-10,6.839e-13,49899367431.0,0.3412,0x34...777d,https://bscscan.com/tx/0xaa65d977ea9f2ba2ffa15a7a07a0af44ffe4dbdc16d79f335abb4420fab4ef98
2023-03-30 02:03:55,True,2.151e-10,6.873e-13,15407613423.0,0.1059,0x82...4c36,https://bscscan.com/tx/0xf4e825879aeb664b56fffa1e3370b0d07a2ecf6524fbd4b41c10fa89d655f105
2023-03-30 02:03:31,True,2.162e-10,6.873e-13,56330202831.0,0.3872,0x82...4c36,https://bscscan.com/tx/0xa86b5b6406669e9e45fe9b52e040584995d9eddb9ff42bd28dc39c31a92f492c
2023-03-30 01:58:55,True,2.151e-10,6.873e-13,14548279044.0,0.1,0xcd...1bab,https://bscscan.com/tx/0x0b64bb4b21dda0916b6d2a334b9d958cdf589c9419c7f1c29b2928d80dfed131
2023-03-30 01:58:34,False,2.14e-10,6.839e-13,20040055861.0,0.137,0xc2...fb0f,https://bscscan.com/tx/0xeca1cbeb5682277e438b937a853fc175f123b2734095001d2abd1a5878211aa3
2023-03-30 01:55:55,True,2.161e-10,6.873e-13,7382634851.0,0.0507,0x7f...f028,https://bscscan.com/tx/0xc73a086bea7aa6080b5e666a630cf55b62301af471c3de9ae603e71cb94d659e
2023-03-30 01:54:40,True,2.15e-10,6.873e-13,4697692667.0,0.0322,0x7a...4c0f,https://bscscan.com/tx/0x5a697ccc61671e704eeea6c770e671f5ad47708ba9f88761886a5ef38ee0d390
2023-03-30 01:52:40,True,2.15e-10,6.873e-13,5129001058.0,0.0352,0x7a...4c0f,https://bscscan.com/tx/0x25c3f447b92a7954ee053e2d74b1e0fd0d03884ec1526f9c49ccab5f83b6012b
2023-03-30 01:51:13,False,2.15e-10,6.839e-13,21600000000.0,0.1477,0xec...2ffa,https://bscscan.com/tx/0xf1943dd1b70aba8145ba68b16668c42a026abdbb8a8025abef0dbf89e7f65410
2023-03-30 01:51:10,True,2.161e-10,6.873e-13,1600000000.0,0.011,0x06...0620,https://bscscan.com/tx/0x1cea762ae99d386e337b7b5343369f7c4642b2cd2a12189bd2f03777d905c4f1
2023-03-30 01:49:49,True,2.161e-10,6.873e-13,29096547075.0,0.2,0xa5...58ed,https://bscscan.com/tx/0xac22595e88ab9131379ffaa6d1f0f5c3671658572cc731d58d961ddd39854154
2023-03-30 01:46:37,True,2.15e-10,6.873e-13,7834000000.0,0.0538,0x26...22c9,https://bscscan.com/tx/0x4e7aee6890568bc41e8d0a126b074073527d5be61ee94d5fc0fdfd6517751cd9
2023-03-30 01:45:22,True,2.161e-10,6.873e-13,3000000000.0,0.0206,0x9c...0e68,https://bscscan.com/tx/0x348d7104a9a7c7ec58cf22b6e900ba3ed377f83dac8d07b13c29579a2c19ee9b
2023-03-30 01:44:28,True,2.15e-10,6.873e-13,2672763014.0,0.0183,0x77...cfb6,https://bscscan.com/tx/0xf7ff2b58e7677c341cd55250411e4e79c4895dd7ddf7f90153841e37b9496c8a
2023-03-30 01:35:31,True,2.16e-10,6.873e-13,4364537832.0,0.03,0x34...a173,https://bscscan.com/tx/0x283c1b910a90c65c4d2b2acf9e8d0cf125212ab1c89a03c5ea842b7c68992728
2023-03-30 01:35:19,False,2.139e-10,6.839e-13,9010620000.0,0.0616,0x91...f5f5,https://bscscan.com/tx/0x61d7e031544e4808e316d425658ac96627a12f701534320491f6c17697428922
2023-03-30 01:34:43,False,2.15e-10,6.839e-13,6334393164.0,0.0433,0x13...7c84,https://bscscan.com/tx/0x1414ec2700916ece40171ed6998b16802df332c1302a2ae52c803df462f6f68d
2023-03-30 01:34:25,True,2.149e-10,6.873e-13,145488267166.0,1.0,0x2c...3039,https://bscscan.com/tx/0x7fd187db387d6ac469951b7ad3d14e85a5de81129c67d1b12b696e8a99d856d1
2023-03-30 01:33:37,False,2.139e-10,6.838e-13,22058496868.0,0.1508,0x2d...252b,https://bscscan.com/tx/0x1fe942720b007bf2c30ebc4cfc929e68da80e82bd642653d127f22ff17f09ea6
2023-03-30 01:32:04,True,2.16e-10,6.873e-13,8936013251.0,0.0614,0x09...a4c4,https://bscscan.com/tx/0x49db7623da7f013b4841fbb2eb6efd32e2d15256aa13e4cadca79e8167c48d7a
2023-03-30 01:31:37,False,2.149e-10,6.838e-13,43702340713.0,0.2988,0x83...af78,https://bscscan.com/tx/0x921d91d59c231353ab82ffe45ff9cde5934c2a71aedc40eeb61af57387745e32
2023-03-30 01:28:01,True,2.16e-10,6.873e-13,2887294509.0,0.0198,0xac...63c7,https://bscscan.com/tx/0x2302c5c4cb3d927acf6a8f28dd7d49b4fbb54425c4bafb02a7e95fcb9def304a
2023-03-30 01:27:52,True,2.149e-10,6.873e-13,1450880000.0,0.0099,0x7b...5e73,https://bscscan.com/tx/0x9a0692b8edfa3a614376b110164e65b0348f9f0d1897c5216649a30b75e0d694
2023-03-30 01:27:28,False,2.149e-10,6.839e-13,21959720167.0,0.1501,0xdc...1d2b,https://bscscan.com/tx/0x9e5be5b228e1f5fb4a80f995e1cb048eb7ac004ca13df7765735489d8620fb7a
2023-03-30 01:22:25,True,2.149e-10,6.873e-13,8874795064.0,0.061,0x58...a217,https://bscscan.com/tx/0xd653edebe14248fc527bc744aa73f16d475a2ea45dc73eccaa3c09b4832670ae
2023-03-30 01:22:10,False,2.149e-10,6.839e-13,11866961684.0,0.0811,0xfb...8239,https://bscscan.com/tx/0x378c32bc3f1bae5b2e0fd7d7fd54c208b0f9aeb81c1e347548f253fd4139ddf9
2023-03-30 01:21:55,False,2.139e-10,6.839e-13,14400000000.0,0.0984,0x77...3610,https://bscscan.com/tx/0xe494500ffbec4f69084c311979755ab89efceab358a97ad90613fedbb2371b75
2023-03-30 01:19:43,True,2.15e-10,6.873e-13,776901266.0,0.0053,0x97...f59d,https://bscscan.com/tx/0x7792aa8d522460d7f7fdfc2aea947fcbed4ed9f395655489cdc6bfab01accd8d
2023-03-30 01:16:43,False,2.149e-10,6.839e-13,14353840921.0,0.0981,0x1f...4f4f,https://bscscan.com/tx/0x25d03aef5e7fdaf82f667eadc126ce8a0db399837a5641ef0c7e65587d3d6f96
2023-03-30 01:12:25,False,2.138e-10,6.839e-13,162439200000.0,1.11099,0x71...df14,https://bscscan.com/tx/0x42de09432f78c63a05b544d90fa7a51fe9ec807ee04108d06998051e04847c70
2023-03-30 01:05:40,True,2.159e-10,6.873e-13,82000000000.0,0.5636,0xce...3fbc,https://bscscan.com/tx/0x3839bbad6ee7d0221393d8f7f6668f4aaec43752f6b304bf37104a9f920c6374
2023-03-30 01:04:10,True,2.159e-10,6.873e-13,920718745.0,0.0063,0x15...4042,https://bscscan.com/tx/0xc8f51155197e61f4afe95aac745a04eef61c40ece85bd7e5346147d5c3ae0ef1
2023-03-30 01:03:10,False,2.148e-10,6.839e-13,30458944182.0,0.2083,0x87...4c76,https://bscscan.com/tx/0x90b4eb047a825a9e1a45d4d8f1749c8e61b712cbe2fa9691884b8b9f0ff3254d
2023-03-30 00:59:37,True,2.159e-10,6.873e-13,441588626.0,0.003,0x96...83c9,https://bscscan.com/tx/0xc5f4cf67ae149f74ccf8a7e007c58eb3238e5ce884e56c3bdf38bee6678d1d85
2023-03-30 00:58:00,True,2.16e-10,6.873e-13,488891150.0,0.0033,0x96...83c9,https://bscscan.com/tx/0x5c416ead8e162fbda0207b370bc1acf71400ebc74c2dde20978f4b07759fa3dd
2023-03-30 00:56:47,True,2.16e-10,6.873e-13,23202437964.0,0.1594,0x8a...7fa7,https://bscscan.com/tx/0x16456e4ad97ee72458a92b31b174fb15156df0ef8187b279dc442ce95a53a0a7
2023-03-30 00:56:07,True,2.149e-10,6.873e-13,18621407884.0,0.128,0x55...ff58,https://bscscan.com/tx/0xc8d9706dd8c049f495a614f627b815587ae429a9f400bdf430ed4000bf459521
2023-03-30 00:51:55,True,2.147e-10,6.872e-13,1100000000000.0,7.5593,0x18...ec47,https://bscscan.com/tx/0x37b95ce43a3eab31383ef15794bdcd21ea35fbb90d1fbd289a268795f9f7af03
2023-03-30 00:49:40,False,2.147e-10,6.836e-13,5146055149.0,0.0351,0xc8...d93e,https://bscscan.com/tx/0xf71178b0b586a7dc0c3f4350d27d3ad2964c0324d2907ba45caef956ae48d423
2023-03-30 00:40:55,False,2.148e-10,6.836e-13,127501666960.0,0.8716,0x3d...2fcd,https://bscscan.com/tx/0x09104ce8a1288b127c67cd7e43ea37c10b17ef5be5f084281e701587dae4dcd8
2023-03-30 00:34:25,False,2.149e-10,6.836e-13,11579457969.0,0.0791,0x90...f190,https://bscscan.com/tx/0x66b1d979b474f8316e415c05e9143eac23600500e4b38603012d6fa58ff68c90
2023-03-30 00:33:58,True,2.149e-10,6.87e-13,1000000000.0,0.0068,0x43...5856,https://bscscan.com/tx/0x3db6add87f42dcb969b3c6abf4a7c1213b07f252b22350b079ffcdb98a07b119
2023-03-30 00:33:37,True,2.149e-10,6.87e-13,10000000000.0,0.0687,0x51...3125,https://bscscan.com/tx/0x4a8fd9a2782ea3bb14dd4cbca7b042b9924b6696ca268c4313102c93daa9062d
2023-03-30 00:32:43,True,2.16e-10,6.87e-13,2183125947.0,0.015,0x74...9a9f,https://bscscan.com/tx/0x9bad3fc47886c0d61b0029145fbe13267f25122997cd530273da0b2e20de313c
2023-03-30 00:29:58,True,2.16e-10,6.87e-13,395404439.0,0.0027,0xa5...9dc4,https://bscscan.com/tx/0x83f47f1bcd7c5231413f22503ad3dc91434462ddb3924870d9463984d752f510
2023-03-30 00:26:55,True,2.16e-10,6.87e-13,10000000000.0,0.0687,0x56...642e,https://bscscan.com/tx/0xa20275a4b250c853f77d678976df73e42ca087e6081182b73d9c03f6c18c404c
2023-03-30 00:26:31,False,2.149e-10,6.836e-13,39022011306.0,0.2667,0x59...195c,https://bscscan.com/tx/0x0e3b78e6cb49bb94cd21bb26f4a765736fb60a9a84a6730fcfc3bc697f305200
2023-03-30 00:23:07,True,2.148e-10,6.87e-13,11017400009.0,0.0757,0xb9...7803,https://bscscan.com/tx/0x574c0a620e59d6b8cc2085cea14090b1cc4e527911e67dd7adba3401c2e20a7b
2023-03-30 00:14:58,False,2.148e-10,6.836e-13,9587789096.0,0.0655,0xcd...5d3f,https://bscscan.com/tx/0x9e5b4b4fc0b1d89e4b88ca3eda7fba6cf8f567aa5a8ecf557eac632369c235d7
2023-03-30 00:14:55,True,2.159e-10,6.87e-13,2838034261.0,0.0195,0xe1...ef56,https://bscscan.com/tx/0x246c212dc9e7d5839c65540037dfafc9c26d4bda8dc0f2a3bcf0cb6664af9f62
2023-03-30 00:14:40,False,2.137e-10,6.836e-13,18476948474.0,0.1263,0x4e...759a,https://bscscan.com/tx/0xdc3c7d852f78af8bc7814204b54059b4bee22878a86097ade534b2158f71a59d
2023-03-30 00:12:52,False,2.148e-10,6.836e-13,33044324118.0,0.2259,0x5a...33fc,https://bscscan.com/tx/0xf38fafa656848ae4c29499ff4b9c9f6adfa31230bb61b04f3a8401e1d7340f6b
2023-03-30 00:10:28,False,2.138e-10,6.836e-13,45118747854.0,0.3084,0x4e...abb7,https://bscscan.com/tx/0x6fb61b6e7d6a09a23a5e6f0c3e87e8f71cc77571460e19fcb56ea35881f067ec
2023-03-30 00:09:13,False,2.138e-10,6.836e-13,9087253298.0,0.0621,0xe8...b519,https://bscscan.com/tx/0x3a64e87a24b1d25ab7df2ec7272b8a66a90408e7d00436e131fdd872405e5eb8
2023-03-30 00:06:52,False,2.137e-10,6.837e-13,169928328557.0,1.16183,0x37...2df1,https://bscscan.com/tx/0xf65ac5f967e57a9618a2d8bcacbe0cc7e75ab4b94f2601967e71b8cbdafe575d
2023-03-30 00:06:16,True,2.148e-10,6.87e-13,1020723644303.0,7.01264,0x2a...eee4,https://bscscan.com/tx/0xfe2f6245dda26bbf4c67b56b4ff0cb716fe938b99411bc4ee6258da018ce7605
2023-03-30 00:05:52,True,2.158e-10,6.868e-13,660927000.0,0.0045,0x79...57ee,https://bscscan.com/tx/0xd11e30c1a0e2d59bac53ac6f1188f9c16f1e829598c4622d2ac2711f9b882ee0
2023-03-30 00:04:52,False,2.148e-10,6.834e-13,169928296830.0,1.16141,0x37...2df1,https://bscscan.com/tx/0x58819c70b5ce3e6500dc55ad2f544e5cafe40a6786b13d73b7f08241e65c7964
2023-03-30 00:04:25,False,2.152e-10,6.834e-13,13910613451.0,0.095,0xdc...7c03,https://bscscan.com/tx/0xcfcd835c2e149933f63821a8dd0c6de2c73796381806d3a0e45c3c0c4b28e782
2023-03-30 00:03:22,False,2.152e-10,6.835e-13,19690972823.0,0.1345,0x9e...b8f8,https://bscscan.com/tx/0xfc93f43a68d293ffff82e4c75b30cd2637b749d224aed3b9a6bcef1b036f2faa
2023-03-30 00:01:22,False,2.158e-10,6.835e-13,3976292346.0,0.0271,0x87...f841,https://bscscan.com/tx/0xb0deed50f34d54245a9d94b3651c0ba27cf9144bf6fd4ae74a4707b347a623ab
2023-03-29 23:57:40,False,2.148e-10,6.835e-13,5903985785.0,0.0403,0x94...0c64,https://bscscan.com/tx/0x9368079d3138700eb9ab24666da13db32f0c217db9437140fde704f2d2397c29
2023-03-29 23:57:31,False,2.148e-10,6.835e-13,1802158095.0,0.0123,0x3a...cdfe,https://bscscan.com/tx/0x668f82e9084b30db6e056f1dfe36407fa5fe70c6a4d4a30269b2328b8eb9185c
2023-03-29 23:56:52,False,2.159e-10,6.835e-13,17711957204.0,0.121,0x94...0c64,https://bscscan.com/tx/0xf6ebd563865dfb3998c1f402a16b3e154d9917058679c18dca33338b476c36d7
2023-03-29 23:56:34,False,2.159e-10,6.835e-13,9000000000.0,0.0615,0xeb...5172,https://bscscan.com/tx/0x86a6f7006359f571fd883a80ced5b16e40d951918e11e75120720faac0fd199e
2023-03-29 23:54:43,False,2.159e-10,6.835e-13,15739577880.0,0.1075,0x7f...c65a,https://bscscan.com/tx/0x5515290e7239acd264c2aaa3007d93a4176a6e8f84d38f328c552cf94224344a
2023-03-29 23:54:13,False,2.159e-10,6.835e-13,47218733024.0,0.3227,0x7f...c65a,https://bscscan.com/tx/0x4537ac9c7239d512709bb63880b640c98b6b9865574a14d18a67098855e93b16
2023-03-29 23:54:10,False,2.159e-10,6.835e-13,7793168139.0,0.0532,0xad...71ff,https://bscscan.com/tx/0x88bba9c80299e9e614bd8bd8d2fffd34cf9edf96a55937b6aae8fa4dbbd4ceed
2023-03-29 23:46:37,True,2.171e-10,6.869e-13,1237817645.0,0.0085,0xdf...348c,https://bscscan.com/tx/0xa1bf3aa10bf85895c2a8db85b7d7bce811d88469d72fa0b3746d01b71d26a372
2023-03-29 23:40:49,False,2.162e-10,6.835e-13,12603620125.0,0.0861,0x05...a571,https://bscscan.com/tx/0x0f6a0ec7f42000cb29a8950a38228ffd9dec7068afb9d967e681661a26c40dd8
2023-03-29 23:39:28,False,2.151e-10,6.835e-13,47692099988.0,0.326,0x46...8628,https://bscscan.com/tx/0x3c7a0e894ece5011bfd9e0054761574dfc56cf798febd5b9857ffa775f663daf
2023-03-29 23:39:22,True,2.162e-10,6.869e-13,1018944133.0,0.007,0xf5...ef41,https://bscscan.com/tx/0xdedbef99f0e17a060ea62c17e0235b729eaf4ce83df2fbb1f60e9272f46cc8b6
2023-03-29 23:38:10,True,2.161e-10,6.869e-13,2911271370.0,0.02,0xf5...ef41,https://bscscan.com/tx/0x6574046d668dc2273684fd52e6b6fe7c7e271e821edede3290d1ebfebf5309ed
2023-03-29 23:36:25,True,2.173e-10,6.869e-13,3428390001.0,0.0235,0xa4...90ac,https://bscscan.com/tx/0x7177f6c54e10a783c12fe9a0c55d1349a39e99f9da82b1a19b3f8fb02382a125
2023-03-29 23:35:07,False,2.162e-10,6.835e-13,1005171162.0,0.0068,0xc9...e778,https://bscscan.com/tx/0x819a5a89d06a2bb7dfe86073adaa8d92632556822264b503472c18bb71aff15c
2023-03-29 23:34:55,True,2.162e-10,6.869e-13,7278201571.0,0.05,0x82...3a6d,https://bscscan.com/tx/0x50826f1ef83c54c357bcdb04c3c081b42e644802e30c0a66eec01ae2a76ef8a1
2023-03-29 23:33:40,True,2.173e-10,6.869e-13,5000000000.0,0.0343,0xad...1b4b,https://bscscan.com/tx/0x6ea31dba5e928a8c7f174af2f5ec4bec126967be447880067429f098379362ea
2023-03-29 23:32:04,False,2.162e-10,6.835e-13,14674483350.0,0.1003,0x9a...09f4,https://bscscan.com/tx/0xad7f7dc85cc71f02543ea433c3f688e014e6f00219840ba18f757a6f088e4638
2023-03-29 23:30:22,True,2.162e-10,6.869e-13,5116709520.0,0.0351,0xf0...31be,https://bscscan.com/tx/0xacc3bf25c94b2c7baef884178c1340e8d59a6ced567c689c0645a672d5943d94
2023-03-29 23:29:28,True,2.173e-10,6.869e-13,9799212703.0,0.0673,0xf8...2d5b,https://bscscan.com/tx/0x547229860bd3e8dbf6584d3a6888a366f4d5d36c6348fdbada47ccb10f59683f
2023-03-29 23:29:10,True,2.162e-10,6.869e-13,500742208.0,0.0034,0x96...83c9,https://bscscan.com/tx/0x8c3ae34c7c1fa5205a83a9862b79a8d2fdd58fd2776d37bb0afe6c132623cc3d
2023-03-29 23:29:01,True,2.162e-10,6.869e-13,145564615.0,0.001,0xf0...e20f,https://bscscan.com/tx/0x8c225adae661319ac44293a7cfcd4a2daca4e40b01ddf54e350f686ec4ed939c
2023-03-29 23:27:55,False,2.162e-10,6.835e-13,3283197963.0,0.0224,0xf5...35a4,https://bscscan.com/tx/0x33bbaf95c0fe04f004b3f62194369f6b32a203b447323bacdce2d08e0f2a0a4c
2023-03-29 23:26:22,False,2.151e-10,6.835e-13,11431138315.0,0.0781,0xfb...3455,https://bscscan.com/tx/0xa71415d8db16fc5015beeb883515c512a842bed2d8b25dbcf134cc46b8996300
2023-03-29 23:26:07,True,2.162e-10,6.869e-13,7720042541.0,0.053,0x21...72aa,https://bscscan.com/tx/0x6e37eb737b9eb699510ffa5d585e5806eba94f359c363a777aa89323d45bed45
2023-03-29 23:24:22,False,2.151e-10,6.835e-13,3017564770.0,0.0206,0x30...4938,https://bscscan.com/tx/0xba2f4df5de376faf1cb1cc93c3f530cdb42e206dc64c2120c586757286c6b973
2023-03-29 23:22:28,True,2.173e-10,6.869e-13,1238185230.0,0.0085,0x30...4938,https://bscscan.com/tx/0x676b44856f675f9fe6ba1c25bb767bda643fd2e1fa8d923fc01074b9b428fe52
2023-03-29 23:20:58,True,2.173e-10,6.869e-13,9206853439.0,0.0632,0xb3...b422,https://bscscan.com/tx/0x34d366bc4348ce20f68d8ee49339661f34a6c9181088fd43b15fe2a5badf918a
2023-03-29 23:20:43,True,2.173e-10,6.869e-13,6327550001.0,0.0434,0xac...d203,https://bscscan.com/tx/0xdaf6722d9edbcad60c22a1f76e6de16d42f01d4b3cd0c6612a307c7631d2c5cb
2023-03-29 23:19:07,True,2.173e-10,6.869e-13,50000000000.0,0.3434,0xb9...634b,https://bscscan.com/tx/0x72cc35ea375c7fc91a21b86af7ad7ee8d9f2439e2f004d97d8cde685ad99583e
2023-03-29 23:17:40,True,2.162e-10,6.869e-13,4790890000.0,0.0329,0x15...7711,https://bscscan.com/tx/0xfe030ed5f129c1bf579977308f6cf7734576fcb2499b6ff9f25858af46c29fd8
2023-03-29 23:17:37,False,2.151e-10,6.835e-13,21699849977.0,0.1483,0x92...d756,https://bscscan.com/tx/0x5d871bac467b6701adcd8fd5e3fef7c24a17ed02c6b4723ed9cebd1251b6607f
2023-03-29 23:14:49,True,2.175e-10,6.869e-13,10882500104.0,0.0747,0xda...0f38,https://bscscan.com/tx/0x77ec45489a10d4f0f893f7f5c2a87b54adff0ef9eb9b6113fb6524a45f3dd994
2023-03-29 23:12:52,True,2.164e-10,6.869e-13,22172987424.0,0.1523,0x0c...3135,https://bscscan.com/tx/0x13b294de883c8e597b424611796aa99373964a4fd697a86030bba89507aaae3b
2023-03-29 23:12:16,True,2.175e-10,6.869e-13,14408471992.0,0.0989,0x54...eeae,https://bscscan.com/tx/0x0982f7547e32dbcbd97e8d092d74def423dec8adcf0f87e3bc500f00040152db
2023-03-29 23:09:52,False,2.164e-10,6.835e-13,585343446.0,0.004,0x1c...3b88,https://bscscan.com/tx/0x0ef5d3c89a973f263ec216b87c5e715fa9afc4a3c67ad2ed614a9787a5b9fa96
2023-03-29 23:06:55,False,2.154e-10,6.835e-13,47622373308.0,0.3255,0xb0...e777,https://bscscan.com/tx/0xb310dc2e87eac417a749fecd1418ec68fbd74d674be475feea93827419c8223a
2023-03-29 23:05:52,True,2.164e-10,6.866e-13,2135850992608.0,14.666,0xcd...8074,https://bscscan.com/tx/0x34da441d7bd541c7f1279d29cf563d57eff1aef6516138ce3718a4c87d6e5454
2023-03-29 23:02:52,True,2.176e-10,6.863e-13,2445294305.0,0.0167,0xaf...a393,https://bscscan.com/tx/0xefc375021fd7760ab8a6f407e48fbd75bfcf711fa0c2d56d5d35987a2203e096
2023-03-29 23:01:49,True,2.165e-10,6.863e-13,363878569.0,0.0025,0x11...ccb9,https://bscscan.com/tx/0x281d68ac2a3d4262d5c440ee417a22ed9c59b7f4ceb781857673c324fc9ca339
2023-03-29 22:59:01,False,2.165e-10,6.829e-13,9450000000.0,0.0645,0xa9...41b4,https://bscscan.com/tx/0x4563974632c2585645de4fd67c7e9d57f0eeeb37146d33d6d12e118a15471f20
2023-03-29 22:56:07,False,2.156e-10,6.829e-13,24459769472.0,0.167,0xcb...aa35,https://bscscan.com/tx/0x395cb8edc0e8ba1a03f5fbbcd16d5f249ed572180f9b16224be3189d823c8c9d
2023-03-29 22:53:25,True,2.177e-10,6.863e-13,2692219336.0,0.0184,0x31...774c,https://bscscan.com/tx/0xa142c7d71c1f9b814f83f2241545c5c5c03067cc34d332b6fcf5fb03c23df39c
2023-03-29 22:53:13,False,2.166e-10,6.829e-13,38084781880.0,0.26,0x9e...6637,https://bscscan.com/tx/0xc04aa760737892834bc465a32627dff59ccc745c3adf5c94e96d425c3bb23326
2023-03-29 22:52:13,False,2.166e-10,6.829e-13,8993936184.0,0.0614,0x0e...4f35,https://bscscan.com/tx/0xb3a87b5b251299215b0b94bd88528e4cd54ca217031f274c24cfe485fcf1ff4f
2023-03-29 22:49:16,True,2.177e-10,6.863e-13,46000000000.0,0.3157,0xe4...9432,https://bscscan.com/tx/0xb83693909465f142b1ff75ef2b90868707d79c89676173c9b0931fb7e0de3113
2023-03-29 22:46:58,True,2.177e-10,6.863e-13,1588983152.0,0.0109,0xde...e2bd,https://bscscan.com/tx/0x834ef996ba38cd17af126e1743f44ae73cc66b74c4ba9d221ef4a390c0c508b6
2023-03-29 22:44:46,True,2.177e-10,6.863e-13,40000000000.0,0.2745,0xc7...639d,https://bscscan.com/tx/0xd873a0e896da48450eb31142b6be858c05f48e23d86a6ccf8b300b598feded92
2023-03-29 22:44:40,True,2.177e-10,6.863e-13,4000000000.0,0.0274,0x3e...233f,https://bscscan.com/tx/0x90d4584b72753fe33152425cb201ebb71788560c53d5fee558f3b2328b785794
2023-03-29 22:43:40,False,2.157e-10,6.836e-13,5095169716906.0,34.8332,0x53...83e6,https://bscscan.com/tx/0x4f2873c8078351d13f9a8ab91e7111afd4bff646beb468e7a910b88dcb9461a3
2023-03-29 22:41:28,True,2.171e-10,6.878e-13,1722960001.0,0.0118,0x11...1487,https://bscscan.com/tx/0x05746a750599412b0381cc06744da6c354f9d6aae549738e2075552400036ec3
2023-03-29 22:39:49,True,2.171e-10,6.878e-13,21465854122.0,0.1476,0x95...b0e2,https://bscscan.com/tx/0x0101da6d17b0f0678a62291f2f2f4d3bfde0dc29adccc7abf1faf8e7dcccf297
2023-03-29 22:39:10,True,2.171e-10,6.878e-13,71308232853.0,0.4904,0x3e...4a2f,https://bscscan.com/tx/0x0b3fb9a78c42b45ce1c7e4bd4c38714a5fc0a79e977e50e903bb9cc8cac97518
2023-03-29 22:36:37,True,2.182e-10,6.877e-13,8578179318.0,0.059,0x2f...3d77,https://bscscan.com/tx/0xca5680f76acf0435ca454390d781e68fc9dab6083a55d0fd5f0605e04989aa04
2023-03-29 22:32:40,True,2.181e-10,6.877e-13,16531273831.0,0.1137,0x7e...89e6,https://bscscan.com/tx/0xd59f817cc09fbb63c260889e9c34ed56c16c1f76416d653449dd2b3c7bbc56cf
2023-03-29 22:29:43,False,2.17e-10,6.843e-13,11097742804.0,0.0759,0xa8...27b2,https://bscscan.com/tx/0xb46f76e86d5bb0e56dd812322f4c3b622ed627d4f7dc4b7dde1947115d073500
2023-03-29 22:27:43,True,2.181e-10,6.877e-13,1163148039.0,0.008,0x06...b2d3,https://bscscan.com/tx/0x0f93b3452d3bce31c65d1d0af45bd4125b18dcafd9624eac0994d9e5550080a1
2023-03-29 22:27:07,True,2.181e-10,6.877e-13,931448269.0,0.0064,0x15...4042,https://bscscan.com/tx/0x328b32c411c711c673506fb8770c93beba6460a2ad95a0b3bccd4c56400c2889
2023-03-29 22:26:19,True,2.17e-10,6.877e-13,2035511247.0,0.014,0x07...a387,https://bscscan.com/tx/0xc643dba8b976b78128fc7ab0d7f43c5099d0c08fe2c214762822be0dff719adf
2023-03-29 22:24:16,False,2.158e-10,6.843e-13,30624721849.0,0.2095,0x37...7cac,https://bscscan.com/tx/0x04ecb053442baba1b66637c31481a35699f418c13cd44790f36aa7a2a86d5aeb
2023-03-29 22:21:04,True,2.17e-10,6.877e-13,2995110676.0,0.0206,0x24...c54d,https://bscscan.com/tx/0x66fa4a6dd6331aa685ce129d5f92a5ede4225fdd51a9165198da64bb629b2967
2023-03-29 22:10:36,False,2.159e-10,6.843e-13,42712592093.0,0.2923,0xba...41a0,https://bscscan.com/tx/0xf12cf81e90052e5491c007b580f9b222de7b1eaa7c8f06d0d4cc40d2f1848ae1
2023-03-29 22:10:27,True,2.17e-10,6.878e-13,39786036375.0,0.2736,0xa5...ca9e,https://bscscan.com/tx/0x8a5348fc17cd1c5c68bd14a49bd554b8e5f554357d044939c27ddc1ad655c61c
2023-03-29 22:08:39,False,2.169e-10,6.843e-13,9495184954.0,0.0649,0x32...30d5,https://bscscan.com/tx/0xf9f355f0753d53c499b2bb1638775a119c28764eb031f86ead2a38986d002127
2023-03-29 22:08:21,False,2.169e-10,6.843e-13,105787326672.0,0.7239,0x9e...223c,https://bscscan.com/tx/0x53820d0f21a45dd460e3961080ccd7c003cc04b18c178fd26af91b927a8a02ed
2023-03-29 22:07:18,False,2.158e-10,6.844e-13,263574057312.0,1.80399,0xd2...21f1,https://bscscan.com/tx/0xe4309fc746dd344d029b233a4f1b7c72fce92ee7cc5fe1be3bc397f2705bd683
2023-03-29 22:06:42,False,2.169e-10,6.844e-13,167603729847.0,1.14724,0x20...6afd,https://bscscan.com/tx/0x0a36217a6ad782f9e4077b45b2a568125ebec27b12be27da870f99b1ae4b1aaf
2023-03-29 22:06:27,False,2.158e-10,6.845e-13,63000000000.0,0.4312,0x5a...f1f9,https://bscscan.com/tx/0x0d60b1a6b55eb691ee35bc57643361bbad6bc511f0512e8f1a5909a9f317cf74
2023-03-29 22:05:06,True,2.169e-10,6.879e-13,5814186112.0,0.04,0x66...55f0,https://bscscan.com/tx/0x84495dea40b5964d70dbc18ecb8b7067d08fd11493189db538aaef7fca210dcc
2023-03-29 22:04:33,True,2.18e-10,6.879e-13,9774804676.0,0.0672,0x03...e273,https://bscscan.com/tx/0x7d56698d5947aac25b2a0e2eaedf9201a46f4d579d6ad025940fc56d39773cc7
2023-03-29 22:03:48,True,2.169e-10,6.879e-13,43934771013.0,0.3022,0x3e...4a2f,https://bscscan.com/tx/0x6e8eba8e0ac31eba55553dac60fc91a943a300d7c107c6fe14c9a8e8ed3292b2
2023-03-29 22:01:09,False,2.168e-10,6.845e-13,2041897774.0,0.0139,0xd6...9d7b,https://bscscan.com/tx/0x49c89fe08fd2ff6b9e1c0a7e844cfd07f25bead69b584603dae50585f9aefb5b
2023-03-29 21:58:57,False,2.168e-10,6.845e-13,51578440771.0,0.353,0x82...9c0a,https://bscscan.com/tx/0xfa851c831eee09b14c868ca5b267813b8ad22f4c2e096a40038ab644a162f89a
2023-03-29 21:58:45,True,2.168e-10,6.879e-13,9344911032.0,0.0642,0xe7...2c79,https://bscscan.com/tx/0x10b42601fd94be0239c3d43ac3d39d51d181e6e1c4b93b745f697f74aec16b80
2023-03-29 21:55:00,False,2.158e-10,6.845e-13,47076674547.0,0.3222,0x61...6af7,https://bscscan.com/tx/0xbd11fd7a958b56828496a44856bef28652bbd4ab76471024b3e945a0d1d14cf9
2023-03-29 21:54:21,True,2.179e-10,6.879e-13,9388669595.0,0.0645,0x9e...ae48,https://bscscan.com/tx/0x6f4117edba93218d4d1703cf4b042c84ac708e958a40e9e2e3b31c37f6ac8b32
2023-03-29 21:53:51,True,2.179e-10,6.879e-13,1176645349.0,0.0081,0x09...862c,https://bscscan.com/tx/0xe346104079d86ef04e7aa9d6e77b7765b383b31d2e9b045a9e0879a989a3a752
2023-03-29 21:51:51,True,2.168e-10,6.879e-13,1000000000.0,0.0068,0xa8...2300,https://bscscan.com/tx/0xe2ff81a3ae7ccf14af46d9ed9bc20fa06e3b55107d51a96dc3c8a0e2bc8dbc62
2023-03-29 21:50:42,True,2.18e-10,6.879e-13,2298000000.0,0.0158,0x8e...fe91,https://bscscan.com/tx/0xff3cceacde051d821de4d89595a24c776b136658e0448599fce4756479f0fbb2
2023-03-29 21:50:15,False,2.158e-10,6.845e-13,54348270480.0,0.372,0xba...3e11,https://bscscan.com/tx/0x2f9c4e50fa4d6386f82213c1a9c0e2cd8fa7c957dcb3f3aa67bb02845be28ba0
2023-03-29 21:49:42,False,2.169e-10,6.845e-13,5215193906.0,0.0357,0x1e...304a,https://bscscan.com/tx/0x99f82374a47834b03f9f6847190531e77d24fb191e3e90567a4c029d74b91e44
2023-03-29 21:46:44,True,2.18e-10,6.879e-13,1223050423.0,0.0084,0x11...ccb9,https://bscscan.com/tx/0x6b39af5595050173a8815bf16f4f2cbc56fe3c7b7d900e4ffdb98cd8a5aecc5a
2023-03-29 21:46:18,True,2.18e-10,6.879e-13,12735190890.0,0.0876,0x71...7f48,https://bscscan.com/tx/0xae29bc9aa605214d6bc6425dfb5521fc8fb2130d81f4d86b7e8f9eb3c673f64e
2023-03-29 21:44:11,False,2.169e-10,6.845e-13,241026172591.0,1.65004,0xd4...8e1c,https://bscscan.com/tx/0xa1db3855b7f9751a0e0e28f1e5736f95cbbd15ad5e6501a07268a1c7024a1d86
2023-03-29 21:43:59,True,2.169e-10,6.88e-13,25375590598.0,0.1746,0xf9...c4f3,https://bscscan.com/tx/0xaaa578bcc0f9ba4a081628edb403decebcd7787a5f54fd97b80400c6f841eeb0
2023-03-29 21:43:20,True,2.17e-10,6.88e-13,24031236090.0,0.1653,0xe6...eac4,https://bscscan.com/tx/0x0d3d3c6185a84997d7d8ae3cf972fabfadb26ea977b9e52425f5ebe34de1ac11
2023-03-29 21:42:44,True,2.18e-10,6.88e-13,30802265244.0,0.2119,0x01...a2a2,https://bscscan.com/tx/0xd4969cfdb2e38e94760792eda178e4fc87e7e19d4891400fc7f4d2d32fb52ede
2023-03-29 21:39:02,False,2.17e-10,6.846e-13,20711869778.0,0.1417,0xbe...8412,https://bscscan.com/tx/0xe3c21058156b5bff5e842ffea73c6235e76e69e3574970b559d768fc019c1910
2023-03-29 21:35:44,True,2.181e-10,6.88e-13,3850045676.0,0.0264,0xad...34b6,https://bscscan.com/tx/0x4662e6dbb82edd58f2dc5fe104f396741a32a482d1d4390b14789ee8948ee535
2023-03-29 21:35:32,True,2.181e-10,6.88e-13,1500000001.0,0.0103,0x2d...e1e8,https://bscscan.com/tx/0x60388ac6c67c4b99145d1b31fdb0862597c5f8965b914e53934a1d6c6093f286
2023-03-29 21:34:41,False,2.17e-10,6.846e-13,2977465952.0,0.0203,0xc3...1324,https://bscscan.com/tx/0x4037850e4e2cfe400a4c6681fef94f9f009b0bcc9ce1107a6744817a7e51171d
2023-03-29 21:34:14,True,2.169e-10,6.88e-13,44930377266.0,0.3091,0x02...5e3f,https://bscscan.com/tx/0x78f7c5dbf88d404e57377128c8014e3edf5399dc6c870e2736322ab3469ebb6b
2023-03-29 21:33:20,True,2.17e-10,6.88e-13,508698377.0,0.0035,0x36...f3df,https://bscscan.com/tx/0x8bc670b56a799ba83ca77039e6303da4f0b8662fbdc8e08908e6aae010f2656b
2023-03-29 21:32:47,True,2.169e-10,6.88e-13,2761507389.0,0.019,0x88...a7ba,https://bscscan.com/tx/0x918c23a181284ec60a5b46dbf7f9342d21ff88ef717a201aa64f42c7c80a244e
2023-03-29 21:32:02,True,2.169e-10,6.88e-13,23801040023.0,0.1637,0x8b...a31f,https://bscscan.com/tx/0x690c77ff69933cdb571aab09180ac206477e8de0c1ba768623864f4eea25bdec
2023-03-29 21:31:50,False,2.169e-10,6.845e-13,61643544134.0,0.422,0xda...8800,https://bscscan.com/tx/0xacb41913b990995a8ec790e1ed2c0a3eb442c82ff77c55413299b6a76eb08b34
2023-03-29 21:31:41,True,2.18e-10,6.88e-13,1372073097.0,0.0094,0xf8...2d5b,https://bscscan.com/tx/0x867b11e7f3b74f69dbfed3a7009d88d7b6e291bb71653240dbf08232e8815612
2023-03-29 21:31:05,False,2.17e-10,6.846e-13,3600000000.0,0.0246,0x41...51a2,https://bscscan.com/tx/0x1a3f65c125d30882cde4caa190c56b5009d238336ffcae78cd923b5a0b73051a
2023-03-29 21:28:53,False,2.169e-10,6.846e-13,2781230370.0,0.019,0x99...2b9e,https://bscscan.com/tx/0x536fed1a14d867e589e4275e745e9f02bffe3bc2a7b418ba0d5ef4b5387985d7
2023-03-29 21:27:35,True,2.169e-10,6.88e-13,1453399995.0,0.01,0x63...bd20,https://bscscan.com/tx/0xc897711911155c59aee8d1c690d5d63bf9f80add5845801f40edf334a250fc35
2023-03-29 21:27:26,True,2.169e-10,6.88e-13,79938377531.0,0.55,0x67...ebbe,https://bscscan.com/tx/0xe9350c96430e0349252be0a922975432ef7209a85fb3acb8dc3c48668050d7a0
2023-03-29 21:26:17,True,2.169e-10,6.88e-13,15987999618.0,0.11,0x47...5cef,https://bscscan.com/tx/0x35a141e81868a2172befdbfc20ed729ea13af1aaf55ca0006b97718af27791fa
2023-03-29 21:25:14,False,2.158e-10,6.845e-13,12631381852.0,0.0864,0x42...dd4e,https://bscscan.com/tx/0x4a45b9093847474b0fcf9ebb7735ce6aafb5e54a0b992a148964b89787197e5e
2023-03-29 21:22:17,True,2.18e-10,6.88e-13,14785169608.0,0.1017,0x2e...34b2,https://bscscan.com/tx/0xa517520b3145a4ec8bba361d29a73f9522e19f98a3c4df0b14a89b131e22673f
2023-03-29 21:21:20,False,2.169e-10,6.845e-13,1416765710.0,0.0097,0x52...dc32,https://bscscan.com/tx/0xdfc4828bd21210eec0189c4d7dde4c4d324519fad17b5fdbc12a8b08bbf311e8
2023-03-29 21:16:53,True,2.169e-10,6.879e-13,226726144413.0,1.55983,0x69...c479,https://bscscan.com/tx/0x89b77b0b8ff04884ed54960084047f403b75e617c6ea049fa2a4d4db1674d057
2023-03-29 21:15:23,True,2.169e-10,6.879e-13,2537911160.0,0.0174,0x84...dd0d,https://bscscan.com/tx/0xf3ae3bc2749e70b25837a5b0e8dbcfe615d738b6bc96a3d30312c1f0e51939ac
2023-03-29 21:15:05,True,2.169e-10,6.879e-13,86888097511.0,0.5977,0xbe...7cee,https://bscscan.com/tx/0xaa7207819b32ce2396e7fdbb139b5fa8635b9d061e1c0e96b550b489e955cc36
2023-03-29 21:14:23,False,2.158e-10,6.844e-13,6162688044.0,0.0421,0x88...c582,https://bscscan.com/tx/0xa959014fbcf2d321868a50df3afbc1143278b9007e76dd1c70e55eb64e2eefb0
2023-03-29 21:12:01,True,2.18e-10,6.879e-13,1162920688.0,0.008,0x19...03d1,https://bscscan.com/tx/0xb8d8720e49a912db4362fa3f09fd17a1a93d5d29d07b65a77362f07c0978861b
2023-03-29 21:10:21,False,2.169e-10,6.844e-13,20974150085.0,0.1435,0x61...d447,https://bscscan.com/tx/0x930b101f2d7013244d4df8050af6936c44cdbf26d99f6621895f5cbdaff60c9a
2023-03-29 21:10:00,True,2.169e-10,6.879e-13,944865118.0,0.0065,0x2b...f7de,https://bscscan.com/tx/0x8743d68f66efc41919a606ea193fdb086073219834501e751ac86de6a522a1bf
2023-03-29 21:10:00,False,2.158e-10,6.845e-13,91231252701.0,0.6244,0x02...0d81,https://bscscan.com/tx/0x4896818f85923acc7c99bdf5efa94356a8bf3a66cb20300850195bd444301788
2023-03-29 21:09:01,True,2.18e-10,6.879e-13,1000000000.0,0.0068,0xe1...6d02,https://bscscan.com/tx/0xa9bce2528af4a52e1d897e9e9908fcce0a18ecfb1fdd821b8e113bbe28d7e62b
2023-03-29 21:05:42,True,2.169e-10,6.879e-13,2180376398.0,0.015,0x47...4fb6,https://bscscan.com/tx/0x910aac3c1d0e48d80b1670c5a4dac2cf36029377051da169d9f446cd58a6d807
2023-03-29 21:05:21,False,2.169e-10,6.845e-13,4029481394.0,0.0275,0x3e...06fe,https://bscscan.com/tx/0x67d4c5a0f15cd6dd5ba41d45f0c7cae4808c5a63a75182592967f1200dfbe743
2023-03-29 21:04:51,True,2.169e-10,6.879e-13,70274037521.0,0.4834,0x8b...fb2b,https://bscscan.com/tx/0x3e07e6b0a7aa1ecbd9d25cbfec7c2b734915e03c262f2047c6983e0749bdc8b1
2023-03-29 20:59:45,True,2.18e-10,6.879e-13,3290022294.0,0.0226,0x2e...72b1,https://bscscan.com/tx/0x63036819f05dd2b01a31ce95eb2d3f8f135221673373e0e7d7f21e3613c9cace
2023-03-29 20:59:42,True,2.18e-10,6.879e-13,52787300000.0,0.3631,0x1f...4f4f,https://bscscan.com/tx/0x5c44fbd1efd4337102223a07d55ee60a1349a4c3a081a95fc869f4d19ce2fc6c
2023-03-29 20:59:18,False,2.158e-10,6.844e-13,60781291131.0,0.416,0xf4...175c,https://bscscan.com/tx/0x3cf84fbe89898fa7f87bddf86eff6c0f0e63929322818cbb8f546be2b5da54e6
2023-03-29 20:58:51,False,2.169e-10,6.845e-13,6989060104.0,0.0478,0x93...0293,https://bscscan.com/tx/0x4a17e9c59671573d7426b26b89d4619e56d36e31225bd4f63d5d40b47c73a89d
2023-03-29 20:58:18,True,2.18e-10,6.879e-13,12000000000.0,0.0825,0x48...ff73,https://bscscan.com/tx/0xa93e8620b5f7e470b64ef4e3828119a86071d71e77a16b2931b5bcf9c83b0006
2023-03-29 20:57:03,True,2.18e-10,6.879e-13,4123503104.0,0.0283,0x3c...953c,https://bscscan.com/tx/0xf2935635207552a635e8c4a39cb79b32db41691fb6ff3ffc29dada1f65b59568
2023-03-29 20:56:06,True,2.169e-10,6.879e-13,1453628948.0,0.01,0x3b...17d2,https://bscscan.com/tx/0x7a39783031899a9a38f49b0bfe854337c4693cd3ac12fa3bec9a22ef98361e9b
2023-03-29 20:55:24,True,2.18e-10,6.879e-13,3547720000.0,0.0244,0x65...8689,https://bscscan.com/tx/0x7d2a81f8fa2a686056843b494fda8f25bf87a064b4228ec1b59a3c7f3482f231
2023-03-29 20:54:46,False,2.169e-10,6.845e-13,34939530970.0,0.2391,0xcc...714b,https://bscscan.com/tx/0xe8c26bfdf62e7744f4cc8ccf471e6a491e913e65303f2cbf0d7ae78d4ef4cc42
2023-03-29 20:52:36,False,2.169e-10,6.845e-13,18379150829.0,0.1258,0xeb...698b,https://bscscan.com/tx/0xa523689f720b6a141b0fd8f0556dfc5599cf0294ed1592a3330dbdde1ddde5fb
2023-03-29 20:52:15,False,2.158e-10,6.845e-13,38868023037.0,0.266,0x06...ad23,https://bscscan.com/tx/0x2221eff922ab13e8f22afeeb6a4c859cf9b17a4116b53760c7f767ce49a5c2de
2023-03-29 20:51:47,True,2.169e-10,6.879e-13,581430086.0,0.004,0xf1...6d76,https://bscscan.com/tx/0xcf8adc8344056371e3c375d68b98a9eec5b17116a66118e79b59ccb18dd8bcb2
2023-03-29 20:49:29,True,2.18e-10,6.879e-13,31245681949.0,0.2149,0x74...12c8,https://bscscan.com/tx/0x1bf7e81feced277f58d4d5d72b62a07d1433503863295b5c32b3271e17ab9ff5
2023-03-29 20:49:26,True,2.18e-10,6.879e-13,50895533321.0,0.3501,0x40...bfa6,https://bscscan.com/tx/0xe647532a8ca86c30cc362f9ee97a48f6f4f53c300bcd10068e348a4f1e33c604
2023-03-29 20:48:13,False,2.169e-10,6.845e-13,9430373760.0,0.0645,0x1c...f8ef,https://bscscan.com/tx/0x1c2fc8b53f8e3fca90ece386d9056e0197d4c171666c87d242f9acc2396e70a1
2023-03-29 20:46:33,False,2.169e-10,6.845e-13,84495333480.0,0.5783,0xc1...1b70,https://bscscan.com/tx/0xa77e5cf541c05e109be15c7911f1dc3e737e3d6d6491d445d1928ded8fea44f2
2023-03-29 20:46:05,False,2.158e-10,6.845e-13,14152467692.0,0.0968,0x2a...4373,https://bscscan.com/tx/0x863260d15b1c07361912b9bc74f419fbb1b24ab7fd3eb2f5d4b9ee0a59e36ffe
2023-03-29 20:45:26,True,2.18e-10,6.879e-13,22000000000.0,0.1513,0x2d...0006,https://bscscan.com/tx/0xed9ffb46289cb545881b9b598eafbde58235341b51d89a02b30279a773cb2826
2023-03-29 20:45:23,True,2.169e-10,6.879e-13,2296646675.0,0.0158,0xd4...441f,https://bscscan.com/tx/0x8e3e8278ccd0eeadfff2f2f2143c177c6da74ece17047b8397855ea7b442e561
2023-03-29 20:44:34,True,2.169e-10,6.879e-13,1090181164.0,0.0075,0xb4...8707,https://bscscan.com/tx/0x5bc5dba2226c383870e934f642c4eddc2f8ba799e22450307650bfd191521d43
2023-03-29 20:42:55,True,2.18e-10,6.879e-13,3990064081.0,0.0274,0xf4...1e49,https://bscscan.com/tx/0xb94291cd955b49337226849812150932107e362bd45d06cf4f33ec9811c86e2f
2023-03-29 20:42:07,True,2.18e-10,6.879e-13,102821799.0,7.073e-05,0x03...37f6,https://bscscan.com/tx/0x814d475bd6d21950b2adcdac3a91108a0cf8af8a7cfa2444fa09bdbfb3d8033d
2023-03-29 20:41:01,True,2.166e-10,6.879e-13,1744293929.0,0.012,0x49...065e,https://bscscan.com/tx/0x9fe5d16c9874840c93637b99ac253ead586d0c71b697ef69c3a574fb40aee358
2023-03-29 20:40:19,True,2.165e-10,6.879e-13,508752638.0,0.0035,0xde...e2bd,https://bscscan.com/tx/0x17e4e5d76fe46cd708b211ad2b1a1b0cdb176248249f9430b24c86b19f392087
2023-03-29 20:39:04,False,2.155e-10,6.845e-13,4982379377.0,0.0341,0x93...820f,https://bscscan.com/tx/0x307dec6f33b1ecaa93223f0ae47ffc3ea890b11fd0c81837e7736f92bed72d8b
2023-03-29 20:38:37,True,2.166e-10,6.879e-13,9555671784.0,0.0657,0x70...3270,https://bscscan.com/tx/0x67ea2a1f151a313e8d60cfa9bf8c1eed36faee323605090b65578acdd3a35152
2023-03-29 20:38:34,False,2.155e-10,6.845e-13,4982379377.0,0.0341,0x93...820f,https://bscscan.com/tx/0xe1aaf24de4873d3e557d3fdffe8c96eb29e26475b54bd43bdfaaa1cc138359b3
2023-03-29 20:37:28,False,2.166e-10,6.845e-13,2075650926.0,0.0142,0xcf...8391,https://bscscan.com/tx/0xe3fd8b648ca1449eb0df89cf10e0ef80b734727410046f8b762b182179a1bfe7
2023-03-29 20:37:04,True,2.177e-10,6.879e-13,2218915163.0,0.0152,0x2d...10e3,https://bscscan.com/tx/0x7b60adbd2ad4581856c11cf65c17c5ddfb33ac606f919655fa34f96507a7e29f
2023-03-29 20:36:16,False,2.154e-10,6.845e-13,4500000000.0,0.0308,0xf9...94ba,https://bscscan.com/tx/0x7e408560ad77fa04f90093d5a5a4698d66855aa1de0d19d92c4d3f9b9f9197b5
2023-03-29 20:36:10,False,2.154e-10,6.845e-13,34650953220.0,0.2372,0x8a...6661,https://bscscan.com/tx/0x06e5e5a181b76e52db64b21c713fc36c4cd5f9c39d2fb8b73cb5224eb5bbaff2
2023-03-29 20:34:52,False,2.155e-10,6.845e-13,10626270251.0,0.0727,0x70...3270,https://bscscan.com/tx/0xfe842775a8f4f466a1de0086e0cd46466d41885a861c517f7d12345fbe121e9a
2023-03-29 20:34:13,False,2.155e-10,6.845e-13,9377515004.0,0.0641,0x85...418a,https://bscscan.com/tx/0x50ddb5c2ab415308002b19d0c373dde33384f4c21392bcb90ccb2c11009984bb
2023-03-29 20:33:58,True,2.166e-10,6.879e-13,15552958079.0,0.107,0xcf...b5b7,https://bscscan.com/tx/0xbc2b1fe36a9a7008b0ac85a490002b97cf058067fcf6cab5ad0698c1e76ea622
2023-03-29 20:32:31,True,2.177e-10,6.879e-13,6455025096.0,0.0444,0x9d...73f1,https://bscscan.com/tx/0xea4ae4489d46610264080a3d8fd883b26c82d3bfe57c86c16190c1edfec3a1e4
2023-03-29 20:29:07,True,2.167e-10,6.879e-13,26213547574.0,0.1803,0xf7...c13e,https://bscscan.com/tx/0xf1973a855cfbe1397309dc29ba9d5a5f871e87cbbf0c3d20a56146ef9a32c3fd
2023-03-29 20:28:31,True,2.178e-10,6.879e-13,4707574617.0,0.0323,0xf6...d7bc,https://bscscan.com/tx/0x21bdeede0964899e477fc92a04695a6f9e98c016fdc4ff13259ad16261a3b3e0
2023-03-29 20:26:25,False,2.156e-10,6.845e-13,90820711008.0,0.6217,0xfc...f406,https://bscscan.com/tx/0x5d62222af46a167b4577674e782d11d857bbf1e645ad49dde856350909b189ac
2023-03-29 20:25:40,False,2.156e-10,6.845e-13,3675487961.0,0.0251,0xeb...72a4,https://bscscan.com/tx/0xa07b1046b0f883441369a0705918d2399c1269cb8ed3b05378423182467e1312
2023-03-29 20:25:37,True,2.167e-10,6.879e-13,517995826.0,0.0035,0xde...e2bd,https://bscscan.com/tx/0xd6e106b2fc140ef6217500bccf8bb26320fcaec3100b70aa959617b6e2efb1b6
2023-03-29 20:21:49,False,2.167e-10,6.845e-13,5304936252.0,0.0363,0xb9...9a4d,https://bscscan.com/tx/0x6ca4a89acf6e2eccc631af31990a1942a4e6c1a70db118d4f3049d1bd201eb9d
2023-03-29 20:21:37,False,2.167e-10,6.845e-13,33484486651.0,0.2292,0xac...9faa,https://bscscan.com/tx/0x7e48c6a2aa201ea999a1c100df5d2dbfdb737ce4c762945cc474a725aa9ac31a
2023-03-29 20:21:07,True,2.167e-10,6.879e-13,20602566140.0,0.1417,0x24...43b9,https://bscscan.com/tx/0x79c03d7265e51ef70d2c09de31043cbe0fd593d61d87a5abfc0f3141c82ee217
2023-03-29 20:17:19,True,2.166e-10,6.879e-13,32029400000.0,0.2203,0x1f...4f4f,https://bscscan.com/tx/0x45fd20343ab81af50c72b33421bb1e845d56821cdde7f5fd02f393476068c624
2023-03-29 20:16:31,True,2.166e-10,6.879e-13,904589514.0,0.0062,0x15...4042,https://bscscan.com/tx/0x40b894744ce4b56918947ba35ffa43a32cc85a4fbc7e5d68cf4817943d4cc086
2023-03-29 20:08:22,True,2.177e-10,6.879e-13,42213600000.0,0.2904,0x1f...4f4f,https://bscscan.com/tx/0xa9719b9a281016a23f7eb76c3c1cd62badb90f28ff78ad234335dd5a3d8da30f
2023-03-29 20:07:52,True,2.166e-10,6.879e-13,500000000.0,0.0034,0x9c...0564,https://bscscan.com/tx/0x30565166119bce5869cddfb7fcafa20a6793730baea21266d8f48eb1b8131b36
2023-03-29 20:05:58,True,2.177e-10,6.879e-13,16425205944.0,0.113,0x2d...6811,https://bscscan.com/tx/0x45ea6c58e7f25bcd72a9a1ca91d575ab3e42c4702c6d361ff9b6a786dabb2740
2023-03-29 20:05:45,True,2.177e-10,6.879e-13,82470700000.0,0.5673,0x1f...4f4f,https://bscscan.com/tx/0x444b77abc97f3f7e249f8ba4fe42b0a06b4b52c9018f605c2326c7c80e1d7699
2023-03-29 20:05:30,True,2.177e-10,6.879e-13,2697455735.0,0.0185,0x15...4042,https://bscscan.com/tx/0x51a0764dee06912393a6ed558a735d90a46e2e73347e9e672104e2cdf01c7bbc
2023-03-29 20:03:50,True,2.166e-10,6.879e-13,60594588154.0,0.4168,0xd5...81ca,https://bscscan.com/tx/0xcdf1a954ebaef58df2057f6dc3a72f75a43c97f354c27ac50c40d24c7d21e4a7
2023-03-29 20:03:36,False,2.155e-10,6.844e-13,11250000000.0,0.077,0xfa...c36e,https://bscscan.com/tx/0xb20900169380fb800b6d5d76ef9706bd040d1f77b02d1d84041a0ea72da44db0
2023-03-29 20:00:51,True,2.167e-10,6.879e-13,2180469730.0,0.015,0x2d...6811,https://bscscan.com/tx/0x7373c263002f083615aa9de56c563d079e3771910788e02a230b36efc2f3b042
2023-03-29 20:00:00,False,2.157e-10,6.844e-13,1131020181.0,0.0077,0xc7...545d,https://bscscan.com/tx/0x38bf17c6dda67ae32bf0d203938b1c99fd41158af8343046c5cb9aa776424989
2023-03-29 19:58:09,False,2.157e-10,6.844e-13,4124656279.0,0.0282,0x31...e02d,https://bscscan.com/tx/0xd634fd8862e3adba46d4fe5710845dc0b3cfd8c097a9c7ed6340c88852e29e43
2023-03-29 19:57:51,False,2.168e-10,6.844e-13,30260230831.0,0.2071,0x83...f677,https://bscscan.com/tx/0x8ba8adbaf1c53426d79e655a04bf4f26e8477211d9c1ae5adc9833e44c3e8fab
2023-03-29 19:55:36,True,2.168e-10,6.879e-13,200000000.0,0.0013,0x15...7af7,https://bscscan.com/tx/0x2727abbfb795104fc17667b3aa4f75075f5b178b7597edbc400c8336d874dc7c
2023-03-29 19:55:00,True,2.168e-10,6.879e-13,5523783347.0,0.038,0x5b...58d8,https://bscscan.com/tx/0xbaa2f22dd2b1fcbf92d6b1a752414289a0fc39e9b7e2c9bc2cd640f5d297a5bc
2023-03-29 19:53:48,True,2.178e-10,6.879e-13,6942434956.0,0.0477,0x64...058f,https://bscscan.com/tx/0x305e369bd99154f97013b9856072c6fb6a4d4772573918af239b754cbf1261a2
2023-03-29 19:53:45,False,2.167e-10,6.844e-13,6779614485.0,0.0464,0x09...849b,https://bscscan.com/tx/0xb1b473d892e4d85b95da6ae95cd81ad88dde79a64ad6f1d29f372fcf0493d546
2023-03-29 19:53:15,True,2.178e-10,6.879e-13,11000000000.0,0.0756,0xc8...8b18,https://bscscan.com/tx/0x1df39241588fe930c08ef02ace342cc8daa25550e7c91b2d97dab4d878864c48
2023-03-29 19:51:30,False,2.157e-10,6.844e-13,5400000000.0,0.0369,0x47...57de,https://bscscan.com/tx/0xc768dfeff80eb55007e36593dafc7b4c010208a9ace4623d9ac6f0a2988e7b27
2023-03-29 19:50:57,True,2.167e-10,6.879e-13,4536959554.0,0.0312,0xc1...a4ff,https://bscscan.com/tx/0x0276869a94cdd33c4a590134fdc5794581a48a6ea2b4fd1b776439ff2b6abc83
2023-03-29 19:50:12,True,2.178e-10,6.879e-13,14367047648.0,0.0988,0x21...466d,https://bscscan.com/tx/0x7f45695c8f5c17a5c08a605f3eeaac39dd1ad4650c58531f9d69ccbbd883dcb3
2023-03-29 19:49:48,True,2.168e-10,6.879e-13,22000000000.0,0.1513,0xf6...244c,https://bscscan.com/tx/0x4cb98263b2e12b9f16000e6f8dc1cbf65881ea18442b8a7fb8c06584abf5d081
2023-03-29 19:49:33,False,2.167e-10,6.844e-13,18086557884.0,0.1238,0x9c...a6d8,https://bscscan.com/tx/0x22c58d1d49ac09a0e37df8aeb316554e799a725143391f732c36bc048902674e
2023-03-29 19:49:09,False,2.167e-10,6.844e-13,27010545020.0,0.1848,0x86...a756,https://bscscan.com/tx/0xc0708fde971d3ff5f77655bddf7fe4fc9438493035d67d99c54c4ec8fb811ab4
2023-03-29 19:44:09,False,2.156e-10,6.845e-13,45000000000.0,0.308,0x7d...af11,https://bscscan.com/tx/0xad10e7b57d0f6a5547c91a216aed466e1dd35a862b1cc5ed7926606d4b63701e
2023-03-29 19:43:11,False,2.156e-10,6.845e-13,39479191865.0,0.2702,0x8e...82e4,https://bscscan.com/tx/0x1305001572069b9ab77de638fa9a69d9c25965de749ba7319b14c0aac3acadd4
2023-03-29 19:41:14,False,2.156e-10,6.845e-13,44645972268.0,0.3056,0xac...9faa,https://bscscan.com/tx/0xb0f3fd78d818f235bc2ccd7b3744a3c683534d18ba46443e044b999e42c5ce01
2023-03-29 19:40:59,False,2.167e-10,6.845e-13,7918037317.0,0.0542,0x7f...cc30,https://bscscan.com/tx/0x8ff7768c731233ff23fe983f1bac5e561f4b387806b984a65a7ac6d4114c24ca
2023-03-29 19:40:17,False,2.167e-10,6.845e-13,22182289152.0,0.1518,0xc9...6c33,https://bscscan.com/tx/0xc87b01779ee1e2b2b320a2c6830996507575f6a020b462e4a61408c5d2cf2fdc
2023-03-29 19:40:11,True,2.178e-10,6.879e-13,2571951930.0,0.0176,0x71...9d1e,https://bscscan.com/tx/0xa2e0d712758953776bced07634dc4501da61a1d06305ef0428f022c5b5dc5654
2023-03-29 19:38:47,True,2.178e-10,6.879e-13,57059252180.0,0.3925,0xf9...c4f3,https://bscscan.com/tx/0xd6735e74fac7cfd314ba31b67e87162db1e609401f7ff00014f3208ac51709c0
2023-03-29 19:37:02,True,2.178e-10,6.879e-13,10328689355.0,0.071,0x37...fb61,https://bscscan.com/tx/0xd852beef7408eb3432508d6fbc3cd110927f96080b22417b2aff07a0ade14b5e
2023-03-29 19:36:29,False,2.156e-10,6.845e-13,12575687005.0,0.086,0x31...e02d,https://bscscan.com/tx/0xa1c78c170e8d22362e753a4227285e6462140df8bd6f6ad2a833aa110f34cbf2
2023-03-29 19:34:47,True,2.178e-10,6.879e-13,8369893373.0,0.0575,0x09...849b,https://bscscan.com/tx/0x2da5bdf2cf15218c451a6f99023f59296cfef9a357f7347ac7c3810d22910bdd
2023-03-29 19:34:02,True,2.167e-10,6.879e-13,3191729331.0,0.0219,0x19...f646,https://bscscan.com/tx/0x53037d9d08ffb5bc4632dda33f0b67d3915502c94a5a04f98e11d7546bbda3fd
2023-03-29 19:32:23,False,2.166e-10,6.845e-13,341640000000.0,2.33878,0x77...c1ef,https://bscscan.com/tx/0xa070a0a142251b7cfcb1ce127e23bd8724c87ea3992c0143a2310a16d96924f3
2023-03-29 19:30:35,False,2.156e-10,6.846e-13,37953000000.0,0.2598,0x77...c1ef,https://bscscan.com/tx/0x5ad907afb16cb20037dc0cbc7592ff36ff344d8fb184a2c5ccb053eae56412e2
2023-03-29 19:28:05,False,2.166e-10,6.846e-13,90000000000.0,0.6161,0xba...7dc8,https://bscscan.com/tx/0xf771c6be08883075cb8c8b0eff78baf99b6511edd89945d83484f7ae57e0519b
2023-03-29 19:25:53,True,2.177e-10,6.88e-13,26159317150.0,0.18,0x2c...e0ca,https://bscscan.com/tx/0x4c2a512e211638f393630b279428e262936abee1e664ef19bdd193812bd4d637
2023-03-29 19:25:17,False,2.156e-10,6.846e-13,37316925000.0,0.2554,0x77...c1ef,https://bscscan.com/tx/0x0e08ab3d1a201bddbf81a6713032d4a48cf73350738fbc9d03ec01b09755e81b
2023-03-29 19:24:29,False,2.156e-10,6.846e-13,183010455039.0,1.25305,0x62...c6e0,https://bscscan.com/tx/0x70044a5544897574cc8404ec444d7564c260263bbfe965bdb6755810d292ce1d
2023-03-29 19:23:11,True,2.177e-10,6.881e-13,23250807493.0,0.16,0xc8...5ed6,https://bscscan.com/tx/0x688ea55a3e91fcc30df203bf463289f0ba3dc526bc8f75677e0f33d4ffdf4695
2023-03-29 19:21:35,False,2.155e-10,6.847e-13,1800000000.0,0.0123,0xaa...7ee6,https://bscscan.com/tx/0x7059aac5e1010d3184cf4891d256401d7c91c96c0ed6451861bb99aedd2773fd
2023-03-29 19:19:02,True,2.166e-10,6.881e-13,6997000000.0,0.0481,0x9c...0564,https://bscscan.com/tx/0xf84b7946a999de473dda17de9e7e2049718268c1fcf3199b51172a8c501c7295
2023-03-29 19:17:59,False,2.156e-10,6.847e-13,3731714040.0,0.0255,0x18...c205,https://bscscan.com/tx/0xddc07f0e7fc71233f1d73e622a91b831dd03d33a206d80111aa2f8f5ae6813c7
2023-03-29 19:15:44,False,2.156e-10,6.847e-13,32534440513.0,0.2227,0xbc...61da,https://bscscan.com/tx/0xb40601b771b0739892366e4d7cd773f0612086070d2e35a5e451a8f984eeda64
2023-03-29 19:15:35,False,2.156e-10,6.847e-13,45000000000.0,0.3081,0x1c...3c2a,https://bscscan.com/tx/0x9998aad52223b0f15b9c401b9ea67a46a68ace4f1ee9b3eb4e25edcc0fe7f08d
2023-03-29 19:12:23,True,2.167e-10,6.881e-13,2891376533.0,0.0199,0x3c...953c,https://bscscan.com/tx/0x88f7fc078abad7724fd3953b2adf73b00285272dc4c1870e93e893fa933c7126
2023-03-29 19:11:14,True,2.167e-10,6.881e-13,4512668365.0,0.031,0x5b...481d,https://bscscan.com/tx/0x75b19229c8cbe94bfd249dcbd7046e710972fa0376b3bf29827e02d9cf539553
2023-03-29 19:10:17,False,2.167e-10,6.847e-13,3417434418.0,0.0234,0x17...67aa,https://bscscan.com/tx/0xc889bce3c4b6d66a76cbeff4058fcdb1e4f19655c38c0540fb35b2a4b0610779
2023-03-29 19:08:02,False,2.156e-10,6.847e-13,728455779.0,0.0049,0x20...c178,https://bscscan.com/tx/0xd62fd651da2fc3fccd97c9ab528c6ff4fd94fb7f121e9f456e7093e4587da8a3
2023-03-29 19:02:32,False,2.166e-10,6.847e-13,67013553676.0,0.4588,0x47...7234,https://bscscan.com/tx/0x7b0f2ff112975680c4c8357ee1611b965287e9d0e75c5955f69bdec6483db648
2023-03-29 19:01:32,True,2.166e-10,6.881e-13,114610946476.0,0.7887,0xb9...d5a4,https://bscscan.com/tx/0x42b23edc207f2d39a55607f05826f521afc7b1fecc4fe30f917eebfcfc06bb69
2023-03-29 18:59:17,False,2.156e-10,6.848e-13,598805035314.0,4.10063,0x4b...d7f4,https://bscscan.com/tx/0xfadbd14d81c3ce2b5cba031d596142cba7325de19094ce3c60ca3aaf193a3515
2023-03-29 18:57:53,False,2.156e-10,6.848e-13,24787416745.0,0.1697,0x60...f39e,https://bscscan.com/tx/0x0e0555e9d32ef16bdde67e6d85c3386afe78524c9994301a6d6aba51a4803ce1
2023-03-29 18:56:50,False,2.156e-10,6.848e-13,27000000000.0,0.1849,0xd4...c977,https://bscscan.com/tx/0xbb900b8ebbb8021fff66f34732215ac041b69e0c431ec3886b225220b4cbcabc
2023-03-29 18:55:44,False,2.156e-10,6.849e-13,31593301733.0,0.2163,0x5d...63cf,https://bscscan.com/tx/0x3bf1eb4a023850840edd891cea6625efccf2f3779639fb41e2ecc8f799bf4ea0
2023-03-29 18:51:20,False,2.167e-10,6.849e-13,45000000000.0,0.3082,0x8e...53c1,https://bscscan.com/tx/0x4c1cc1ee966a7f9ecf90a9877e38d1801496e320fe5f8023fa4d0ffa6520ad26
2023-03-29 18:49:20,False,2.167e-10,6.849e-13,90000000000.0,0.6164,0xcf...d44b,https://bscscan.com/tx/0x645f8f1d7ef456e850c177a0ab2c5b422db0d06a35bfb1c6c5a877585a9a8189
2023-03-29 18:48:35,False,2.167e-10,6.849e-13,8751624995.0,0.0599,0x68...0a54,https://bscscan.com/tx/0x2053411fb3a2ed0f12c0cb2a82cc3e683f2b056ce3f6ee5e19e6a9304c5daf31
2023-03-29 18:47:41,False,2.156e-10,6.85e-13,393124319259.0,2.69295,0x02...bfc0,https://bscscan.com/tx/0xf3cb7af88eb5193e8c5992843321179ab34ed7ab295bde8fc2cd02a5028312e0
2023-03-29 18:46:50,False,2.157e-10,6.85e-13,4539420438.0,0.0311,0x09...849b,https://bscscan.com/tx/0x5254e219f1e3f5b7c28f4197d6e770577549e8fdda7dd8155f47613c507cace8
2023-03-29 18:46:50,False,2.157e-10,6.85e-13,2250000000.0,0.0154,0x77...7325,https://bscscan.com/tx/0xbfa73a7876d02a5d69d54e55510de9b7a3fb717807ff79dcaca22d11fc61ed4b
2023-03-29 18:46:47,False,2.157e-10,6.85e-13,24094047243.0,0.165,0xeb...39fe,https://bscscan.com/tx/0xdf420457a0fa22695cdb4186da442cdc0e8a2624ef98de6e62083d9faa03cc82
2023-03-29 18:46:29,False,2.157e-10,6.85e-13,17325000071.0,0.1186,0x86...df43,https://bscscan.com/tx/0x4c040042ddff55d22ac7c9159a4109b3aaa3b5137cb869ba5f49aafe61e0fe82
2023-03-29 18:45:26,False,2.168e-10,6.85e-13,1728056124.0,0.0118,0x86...df43,https://bscscan.com/tx/0x1ef9c6a395c30fe7c338f964ff85f6270b79d3106b5a14326c39fc79f8f25b0f
2023-03-29 18:41:32,True,2.169e-10,6.885e-13,20527873179.0,0.1413,0x78...1649,https://bscscan.com/tx/0xf44eca4350fc811ae2c471adfbb60cc86cb6d8030a35f2cace458894fb785c5b
2023-03-29 18:41:08,True,2.169e-10,6.885e-13,1000000000.0,0.0068,0x68...ccdb,https://bscscan.com/tx/0xade1fbb9339b33fdf41ae98d7a84ad6ff41e04d88ebefec2de857bfeba7a26dd
2023-03-29 18:40:05,False,2.159e-10,6.851e-13,270000000000.0,1.84981,0xdc...07d8,https://bscscan.com/tx/0xa5958cc3b08371e1ff33c9773cdf35a4cbae3a3bcea91a692a65b483af91e312
2023-03-29 18:38:20,True,2.169e-10,6.885e-13,2904475696.0,0.02,0x5c...fb46,https://bscscan.com/tx/0x0cc3c6708db45d9417b447b19359c91452b821c7ae42ec51f670ec6b09063548
2023-03-29 18:37:29,True,2.169e-10,6.885e-13,11914900001.0,0.082,0xb5...703d,https://bscscan.com/tx/0x448dbd671c81f85fc0c5ecfbacc0a6b199e5e9c4bf113e0132ea9afb29679d72
2023-03-29 18:37:20,False,2.169e-10,6.851e-13,59287669649.0,0.4062,0x97...8aa3,https://bscscan.com/tx/0xf296b972f8fd3489bc9c618ec27c8a7675be945b7a996cbd31bee5609d6034d8
2023-03-29 18:37:14,True,2.18e-10,6.886e-13,2373377712.0,0.0163,0x14...c64a,https://bscscan.com/tx/0x71d6644c40cc3b47171ae71fbefacfe5bf283ffe9a1e39655764fc58e378a4d7
2023-03-29 18:35:56,True,2.169e-10,6.886e-13,7000000000.0,0.0482,0xec...3fc3,https://bscscan.com/tx/0x584f595f1d3bd0bb3a9ae40fd6e01030e9228529d94f59484778d18bd1323b52
2023-03-29 18:34:29,True,2.169e-10,6.886e-13,5600000000.0,0.0385,0x9b...03ca,https://bscscan.com/tx/0xc276032b321803dc7133c81fb2087ae00b3884ed2809c54faf4cb898360e2cc4
2023-03-29 18:34:26,False,2.158e-10,6.851e-13,34000723325.0,0.2329,0x06...412b,https://bscscan.com/tx/0xe1ff7985384254488ccd747f1720763ee2e0d6ad319805b5eb272c7a8c1f6eac
2023-03-29 18:33:11,True,2.169e-10,6.886e-13,44588034172.0,0.307,0x3a...5a06,https://bscscan.com/tx/0x571f1f2e694a7e72b9210b576aa21944bbd94f31c234ae05ec2c3ffafb884cce
2023-03-29 18:33:08,True,2.17e-10,6.885e-13,1161780668.0,0.008,0xf1...2d5c,https://bscscan.com/tx/0x4799fce6ddaa8581abc136b8856946d9bfb09147f287f9380b79922a2adcde99
2023-03-29 18:30:44,True,2.17e-10,6.885e-13,73176820817.0,0.5038,0x22...4f59,https://bscscan.com/tx/0x12ba3ffad27c6cd6c8c728f6db208779f74bd5d5016b4f8a7c94d69e5b468826
2023-03-29 18:29:08,False,2.169e-10,6.851e-13,11588040772.0,0.0793,0x8f...fa66,https://bscscan.com/tx/0x6d1c5e8f37ac0388fe9ae63f70d76d6ef44eef877da335edeff9f76991be6afd
2023-03-29 18:28:59,False,2.158e-10,6.851e-13,2919277281.0,0.02,0x34...62bc,https://bscscan.com/tx/0x35da9f2d333717a96b04ac9b581abb9836ad416036453561a539b0553473a9cb
2023-03-29 18:27:44,True,2.18e-10,6.885e-13,2649048267.0,0.0182,0x93...4343,https://bscscan.com/tx/0xa87ff3b6e6c88d22672f1aeae4af7a48a8017797337a6fbd8c857f9c92b739fa
2023-03-29 18:25:24,False,2.158e-10,6.851e-13,13876627423.0,0.095,0x95...1a5d,https://bscscan.com/tx/0x729630c700919010df18ebfcced51407525160b58db40bd5212bc227db848fbe
2023-03-29 18:22:23,True,2.17e-10,6.885e-13,8600000000.0,0.0592,0xbe...95c5,https://bscscan.com/tx/0x3e8c6a88feddd70dec2ba70e6074360dc7adb69a3fdda279fde14df71f8064a8
2023-03-29 18:21:59,False,2.159e-10,6.851e-13,4141909166.0,0.0283,0x00...f666,https://bscscan.com/tx/0x30017d71a81cabf8728965949efb71166337ac3aa5593bc810238b857982ad34
2023-03-29 18:20:59,False,2.159e-10,6.851e-13,10596181048.0,0.0726,0x05...d8e6,https://bscscan.com/tx/0x5c5fc2bab6942a92c72ec52f57835c68be41443fc1fc97118e22a9202abe590d
2023-03-29 18:20:53,True,2.17e-10,6.885e-13,11327500001.0,0.078,0x26...da83,https://bscscan.com/tx/0x12dacef08167acce98887baad647a5cd3ac272d2e739f62e82c5f97f83514f22
2023-03-29 18:20:29,True,2.181e-10,6.885e-13,615434404.0,0.0042,0xa3...9d39,https://bscscan.com/tx/0x39521c196a8059a108e4e1f3d29aabfbc7f685e18cc3384ebff27b7cfba78239
2023-03-29 18:20:14,False,2.159e-10,6.851e-13,40660497009.0,0.2785,0x72...538b,https://bscscan.com/tx/0x9247ae59e44444085dec971385a61c40699ebc9141fd147199b592b810771820
2023-03-29 18:19:08,False,2.17e-10,6.851e-13,11083054978.0,0.0759,0xd9...7567,https://bscscan.com/tx/0xeada237b99994c60a27dec590675b310088136af430c8d931f997f494a4aecf7
2023-03-29 18:18:26,True,2.181e-10,6.885e-13,4356685805.0,0.03,0xc0...77fd,https://bscscan.com/tx/0x44a1e14542bd2d4ca0cd7c1a380220d9f10f022a10b9061edcd7969345b65c13
2023-03-29 18:17:44,True,2.17e-10,6.885e-13,9027020001.0,0.0621,0xec...6f63,https://bscscan.com/tx/0x7d5fcc74af02e8883ba0c8a53572c08e95fd4498e1e1c891fcb18460edebdf72
2023-03-29 18:17:05,False,2.17e-10,6.851e-13,297000000000.0,2.03504,0x0b...17ad,https://bscscan.com/tx/0x547ee62d0b01aac43d29f1b5497926c6c6ff168b07ae0c2986f807e66b36ab71
2023-03-29 18:16:35,True,2.181e-10,6.886e-13,551774465.0,0.0038,0xa8...07a4,https://bscscan.com/tx/0x81447bcb195dd48194cafec8ee36ec52975faf4be578f4cef34261cbe4a23911
2023-03-29 18:16:26,False,2.17e-10,6.852e-13,3305313003.0,0.0226,0xf4...9caf,https://bscscan.com/tx/0xe6a28dd3ed007a0090f10f4ee47abe7fe73da39f4c784f99566ddab89209702a
2023-03-29 18:10:47,False,2.16e-10,6.852e-13,28246490643.0,0.1935,0x6c...61c4,https://bscscan.com/tx/0x55f20266697bafd60c195e52eda8034d6a43e475b07e03aba76a8e2f413379b7
2023-03-29 18:10:08,True,2.182e-10,6.886e-13,35481076481.0,0.2443,0xf0...b241,https://bscscan.com/tx/0x6a6df3658c570394d8e22f34812c632efbe9a1f5487b25255353d812a614eba2
2023-03-29 18:08:50,False,2.16e-10,6.852e-13,48802760374.0,0.3344,0x8d...4089,https://bscscan.com/tx/0x5f9f83ee8e790deb681ded2ec3c1e1a956b9c9e1f6efd9e4470f9045d55b902b
2023-03-29 18:08:05,False,2.161e-10,6.852e-13,3165683581.0,0.0216,0xa3...0db2,https://bscscan.com/tx/0x5a28d92a6fb47a7d69cc480cd2a4fced019ead6686d562ac4d43bb3acd7179d6
2023-03-29 18:05:53,True,2.171e-10,6.886e-13,4646482541.0,0.032,0xd2...1b31,https://bscscan.com/tx/0xab69a63769a9b3c0c40710b6feb0e2d9cc9bfaa358316cad00b35d022f02169e
2023-03-29 18:04:56,False,2.161e-10,6.852e-13,13500000000.0,0.0925,0x71...7f48,https://bscscan.com/tx/0x2ca6118ed90ce5cf29066e127e283ee43da9858aebb129657f62ec4651dd6425
2023-03-29 18:04:50,False,2.161e-10,6.852e-13,5388167237.0,0.0369,0x46...c048,https://bscscan.com/tx/0x122f9699ebefc54cc4a245073f59d52203d7e2238a9f5f2b269381a738c5ac9c
2023-03-29 18:02:22,False,2.162e-10,6.853e-13,873245657806.0,5.9851,0x69...9213,https://bscscan.com/tx/0xfec086d638b5c618fe59b602376210c06bf720fd5b825203e0bac05a86a0b50e
2023-03-29 17:59:28,False,2.162e-10,6.855e-13,114807957777.0,0.787,0x9d...0872,https://bscscan.com/tx/0x37a8b4e759ad0e8d536f6de7a55eb9cdcfa9bea588520e9de4e47930d9f9127c
2023-03-29 17:58:49,True,2.184e-10,6.889e-13,1015987242.0,0.007,0xc2...bf91,https://bscscan.com/tx/0x7954f76a6de27a5fa581a07b6b3ad4125033c275bfc24532f8008ebe24644632
2023-03-29 17:58:22,False,2.162e-10,6.855e-13,18533495651.0,0.127,0x6c...7544,https://bscscan.com/tx/0x5f016562f18b229af311e4cb29f68e2d3cd246ee00cd27582e7904f4e3433762
2023-03-29 17:57:46,True,2.173e-10,6.889e-13,2074383626.0,0.0142,0x79...84a7,https://bscscan.com/tx/0x5011faa3b0c4fd5d3aca5adcea86e03bfe6cb127ad7d8c4b51bfd81dfa3bed3b
2023-03-29 17:57:43,True,2.173e-10,6.889e-13,700000000.0,0.0048,0x4e...7f63,https://bscscan.com/tx/0x8eb5f3f7831eeff59a055f669c3fc0ae1a38c4ec949acf1fccfb6a6092f5166b
2023-03-29 17:57:16,True,2.173e-10,6.889e-13,49382794387.0,0.3402,0x33...d844,https://bscscan.com/tx/0xe6594b6d12e6139a6f6ef9d681f4375e4b53d0820a9f0ed42507b9a45ebeb932
2023-03-29 17:56:49,False,2.173e-10,6.855e-13,29161515915.0,0.1999,0xe4...db77,https://bscscan.com/tx/0x2c66dde9f317f8615ff35adf52375cf9c65a5d8eec59eaf5ade46ddcb4e826f2
2023-03-29 17:56:37,True,2.184e-10,6.889e-13,20000000000.0,0.1378,0x9a...4d90,https://bscscan.com/tx/0x057b6cac5fb0e311a6ae8e979b67f52d1584c2a23f4efeb1dcbb2a702a7ef9e6
2023-03-29 17:55:43,True,2.172e-10,6.889e-13,1626090001.0,0.0112,0xb9...97b7,https://bscscan.com/tx/0xbabdf66e52c957fea9ca93c9e9bd3ff820d30b321a00230deb53d44c1339b76e
2023-03-29 17:55:28,False,2.161e-10,6.855e-13,21012170884.0,0.144,0xd0...908f,https://bscscan.com/tx/0xa6c7c39d417ca1cf44a402e427064ebc156a1794881f68cbfbe9a98de0d6929c
2023-03-29 17:54:37,True,2.172e-10,6.889e-13,1600000000.0,0.011,0x4e...7f63,https://bscscan.com/tx/0x517b6c8b4a736e1efa000d79380953b74fcf32939527f0b32efdf158954cb7e9
2023-03-29 17:54:28,True,2.183e-10,6.889e-13,1218311742.0,0.0083,0x79...84a7,https://bscscan.com/tx/0x4584550fdd10147f0762f1ae29a871515330ad7cea5de1e225bcf1565168ef7b
2023-03-29 17:53:22,True,2.183e-10,6.889e-13,3338190001.0,0.023,0xea...b8ec,https://bscscan.com/tx/0xd061bd14ca8ae31999b5f45e670a5d0a47129e11b0ea1f2584c52cb454363478
2023-03-29 17:51:55,False,2.161e-10,6.855e-13,46097747932.0,0.316,0x54...18f2,https://bscscan.com/tx/0xa0371237cfaaede5329cf0995c52c6f88f719b9384df37c635ef3ef22c796595
2023-03-29 17:51:49,True,2.172e-10,6.889e-13,10159800001.0,0.07,0x2e...579d,https://bscscan.com/tx/0xf55afef0776ae3e57c372bbc6376730550a578a5dbf28a2581ce6e98b7b961d1
2023-03-29 17:51:34,True,2.171e-10,6.889e-13,26800000000.0,0.1846,0x00...b6a1,https://bscscan.com/tx/0x6b929bf349c53af11a9f861255ffa88b55077fe596766cffd9a618b5b14902b4
2023-03-29 17:51:01,False,2.161e-10,6.855e-13,37921577731.0,0.2599,0x07...2a5a,https://bscscan.com/tx/0x5b5d4003d08edff252b8b5c6840d4d84c903b0778c8a738c98e9c81928cb531c
2023-03-29 17:49:40,False,2.161e-10,6.855e-13,41101572088.0,0.2817,0x33...d1ed,https://bscscan.com/tx/0xd1d9e3f9aa211f00b46545be82f698a6309ba89017924fe2f698634b323a581e
2023-03-29 17:49:16,False,2.172e-10,6.855e-13,45000000000.0,0.3085,0x02...5e3f,https://bscscan.com/tx/0x27176ee6d6081684e56de41575806ddc646f8711326da5fe7d81520a22ff4dd8
2023-03-29 17:48:13,True,2.173e-10,6.89e-13,94293700001.0,0.6496,0xef...ae6a,https://bscscan.com/tx/0xe0972c9f540b71fadc716dfbf52b954cc67362656d5654025dffc1b7efde20de
2023-03-29 17:43:52,True,2.169e-10,6.889e-13,25000000000.0,0.1722,0x00...b6a1,https://bscscan.com/tx/0x5dfb27274ea53949b4a6d9fba531b60f5584280c15bbcc9873b69bce96c6d0dc
2023-03-29 17:43:40,True,2.18e-10,6.889e-13,45863360949.0,0.3159,0x6d...bf9b,https://bscscan.com/tx/0xb0daaea04746010ec9cfa175e5d34eeed6ff8458402624656b43917a66f6feb9
2023-03-29 17:38:52,True,2.179e-10,6.889e-13,26815977627.0,0.1847,0x3a...d1eb,https://bscscan.com/tx/0xdf3d0189a80d6df8066bb3f9973660a71b19d42afeb03bd05c8b008a296bb31c
2023-03-29 17:36:04,True,2.168e-10,6.889e-13,3000000000.0,0.0206,0xdc...75ed,https://bscscan.com/tx/0x31837bd3fa9f7ba0941181952da82216c4986b36d5ff6f8bd0e4b0e21bdb300a
2023-03-29 17:35:35,True,2.179e-10,6.889e-13,29029296638.0,0.2,0x3e...bcb6,https://bscscan.com/tx/0xb95b32344db9add538bf1779a76358bfeaca054d1f8f3da3ff4f58507095d691
2023-03-29 17:32:21,False,2.157e-10,6.855e-13,4050000000.0,0.0277,0xf9...e575,https://bscscan.com/tx/0x42b4ca9cd5f08849e3efb6de5e0fe17833b1736494724bc61745c28b256290a0
2023-03-29 17:31:06,False,2.167e-10,6.855e-13,3031181224.0,0.0207,0x15...c623,https://bscscan.com/tx/0x9b3756f9d1162debe4d5393114499761938564838b2b41d25945a415550496e2
2023-03-29 17:30:48,True,2.178e-10,6.889e-13,14514738635.0,0.1,0x96...1945,https://bscscan.com/tx/0x339c60a708d747d8164a21289b313b2a8fe4b3fdfac17dfa0a7cfbb007723b6c
2023-03-29 17:30:30,False,2.166e-10,6.855e-13,92607554730.0,0.6348,0x47...84ff,https://bscscan.com/tx/0x030ad79f2775b36d0f2b9d22f43a14e1fbd61e04aacdc65f6caf92f739a14a6e
2023-03-29 17:30:24,False,2.166e-10,6.855e-13,169764424025.0,1.16384,0x95...6cfe,https://bscscan.com/tx/0xecda08ce613cdc02fbff85f78c2a0e8a714645880654c407ad92edecc84bb4bb
2023-03-29 17:30:21,True,2.177e-10,6.89e-13,2170000000.0,0.0149,0x28...331f,https://bscscan.com/tx/0xac3d0d7835c65f0b101a8da7c1dd9d71350397f3c4827fce4348cf605ab0da02
2023-03-29 17:30:00,False,2.155e-10,6.856e-13,102964568606.0,0.7059,0x37...4523,https://bscscan.com/tx/0xdd4d0af2c34b34f24b10adcba871a897ade0aac4013671682880d72842327bf3
2023-03-29 17:27:57,False,2.165e-10,6.856e-13,22617574482.0,0.155,0xc3...964f,https://bscscan.com/tx/0xd0783de6f7f870b7954b528af6391b5dd035b29abf0c26da740ec3fff2e17e57
2023-03-29 17:27:51,True,2.176e-10,6.89e-13,45942515214.0,0.3165,0x2a...82ce,https://bscscan.com/tx/0x50a4806c70eba9c89cc8a17b52f79b6569531ccbcf8bfa9687a0236a7dcf1c9a
2023-03-29 17:26:42,False,2.165e-10,6.856e-13,51422121959.0,0.3525,0xb7...8c27,https://bscscan.com/tx/0x3dba2f1a1606dbe6c573cc3d688901a3a6e981ce14298213e9f68116c58ab0ac
2023-03-29 17:25:09,True,2.176e-10,6.89e-13,15790016014.0,0.1088,0xc7...b46e,https://bscscan.com/tx/0x5e6d70f720ec591dda4bd6b05381330930ccef3ce7bd17e6bf2c1b7922294f68
2023-03-29 17:24:12,True,2.176e-10,6.89e-13,23013282210.0,0.1585,0x30...fc3f,https://bscscan.com/tx/0x913bb23e2c54e0ceaef94a06061f90e3e84b3976d7d81e24e89a06710595a535
2023-03-29 17:20:32,False,2.163e-10,6.856e-13,35165013474.0,0.2411,0x65...c0f8,https://bscscan.com/tx/0x6f04251f7b56912ae2925f655a4afc5232c027185959bcc64353aa3a06bf9883
2023-03-29 17:18:29,True,2.163e-10,6.89e-13,13855982736.0,0.0954,0x3d...dd13,https://bscscan.com/tx/0xabd7a18451b6b599f703c76d3e6cf28143424584c5d292e63e0a052bc7767199
2023-03-29 17:15:56,True,2.163e-10,6.89e-13,1429518829.0,0.0098,0x46...9583,https://bscscan.com/tx/0x56cfae42763186180f7b65dc8985a286d7bf15555eae480ca46d12af1aae26c2
2023-03-29 17:15:08,True,2.163e-10,6.89e-13,14512400001.0,0.1,0x77...36a7,https://bscscan.com/tx/0x95e23bbd3f44e6d5ff81fb0e3e51404908e7838529618cd5341a13b688f7fe6b
2023-03-29 17:15:02,False,2.152e-10,6.856e-13,19173082043.0,0.1314,0xdd...ebf2,https://bscscan.com/tx/0x1df565a5e8d0039a4d6515105e9018cae557a9a860ef6c8a74ad74c3d67d5f94
2023-03-29 17:14:29,False,2.163e-10,6.856e-13,90159331208.0,0.6181,0x4f...3761,https://bscscan.com/tx/0x461b5cc47d50e10ebb4a4e7d38d0d06585767e7ae13ba6e1d6d25b7cb9134ef5
2023-03-29 17:14:08,False,2.163e-10,6.856e-13,2077875000.0,0.0142,0xfc...f9cc,https://bscscan.com/tx/0x99b339d945af5caaa82534d2bede033867d69a64b3de2ef6b5fdc1905cdc49b6
2023-03-29 17:13:17,False,2.163e-10,6.856e-13,38701187693.0,0.2653,0xbc...64a0,https://bscscan.com/tx/0x8ca90cd31009d80e078f4ef99b114089b120d110719eda3a15a147363154ab86
2023-03-29 17:12:56,False,2.163e-10,6.856e-13,12317979339.0,0.0844,0xd9...6dfe,https://bscscan.com/tx/0xfb1924b342cb94f2258db511dab447d044e16c85a8d9a85b0eca907437592fe1
2023-03-29 17:12:33,True,2.163e-10,6.89e-13,29729769572.0,0.2048,0x1c...f048,https://bscscan.com/tx/0x7e54e6d3342d4587ca5d56fd439b93fe19a253e9115abb2f33127eb2f5d6ebff
2023-03-29 17:12:30,True,2.163e-10,6.89e-13,1500000000.0,0.0103,0xa6...55de,https://bscscan.com/tx/0xf9a7feeb9bbd97e58171eef0ae5b1318db1a81ed777a4140736ecff2f42b311d
2023-03-29 17:12:27,True,2.174e-10,6.89e-13,580471609.0,0.004,0xb6...2bc2,https://bscscan.com/tx/0xe3771b542ce5d5241c21201229b3f5fecc9a8b9af6a3d954527d911bd7b389f5
2023-03-29 17:11:36,True,2.174e-10,6.89e-13,2.0,1.378e-12,0x73...7a1c,https://bscscan.com/tx/0x6f7bb003bfe8d37c8d81f02659780b0b4eae7ca9599be7399fc842bb5b0d6de6
2023-03-29 17:10:54,False,2.163e-10,6.856e-13,92445762543.0,0.6338,0x95...2f28,https://bscscan.com/tx/0x3a01030fd467d44b84f0c95cde53f7f2cecf66dcbbdec1bae75360486c1a607d
2023-03-29 17:10:21,True,2.174e-10,6.891e-13,13296175009.0,0.0916,0x4d...e2e8,https://bscscan.com/tx/0xd0a0cda8c2635b161182933c16e4ab0c32ece6d8437f0211816f389ea01ba4c4
2023-03-29 17:03:24,True,2.165e-10,6.891e-13,27669155968.0,0.1906,0x41...c741,https://bscscan.com/tx/0xa9e0df437030071adcf9fc2bafc02f3755ec03424a63ab14b45932d9cf91f798
2023-03-29 17:02:33,False,2.155e-10,6.856e-13,17761899000.0,0.1217,0x0b...a3a8,https://bscscan.com/tx/0x13172e8b81bbd64341af3faedfb8183af78799a463ffa307987920bb39daf684
2023-03-29 16:57:51,False,2.156e-10,6.856e-13,22689383133.0,0.1555,0x88...4f6e,https://bscscan.com/tx/0x9588fa911dd96120babfa517ccd8a3eae0b71b4d44ee0c4bfc81eb279bb683dd
2023-03-29 16:57:33,False,2.167e-10,6.857e-13,360650696179.0,2.4731,0x7e...993a,https://bscscan.com/tx/0x918f49ba504c20fdb72c18e1ba047437b621eda59c5c5a81dec6ed7857db9719
2023-03-29 16:57:33,False,2.167e-10,6.857e-13,28615252744.0,0.1962,0x41...c741,https://bscscan.com/tx/0x5413950b38b0cab319cda75737fb2bc68e08464c461d3edb7bd2d3c38ada75c0
2023-03-29 16:56:30,True,2.167e-10,6.892e-13,32425780982.0,0.2234,0xc6...08e6,https://bscscan.com/tx/0x6df30f10622923bbfe8372389d4bd3dbca931e1ebd8edd1931fea7c7c0d90076
2023-03-29 16:56:03,False,2.167e-10,6.857e-13,3799083052.0,0.026,0x3d...4a7e,https://bscscan.com/tx/0x2e02bc50d09431aefd107887db003d8092dcd902ced3ccb9b85e507b0086a5a1
2023-03-29 16:54:48,False,2.167e-10,6.857e-13,16559041426.0,0.1135,0x93...9409,https://bscscan.com/tx/0x295d5547249189860a1c07303e58f6cefcb2df195cf727c49697449d8c5e48ff
2023-03-29 16:54:06,True,2.165e-10,6.892e-13,129587038598.0,0.8931,0x49...3c0a,https://bscscan.com/tx/0x28664c4cafe5231c16cedd25b378393215ee8ffa1651d25c864a5ac05aa5c1d4
2023-03-29 16:52:21,True,2.164e-10,6.891e-13,9866626434.0,0.068,0xcc...310d,https://bscscan.com/tx/0x9e85edb9f5f030d0a6ee94db4cdb3fda8a33909eb38db2e196d07e6d4f79eba7
2023-03-29 16:52:12,False,2.153e-10,6.857e-13,7392211959.0,0.0506,0x06...a4f7,https://bscscan.com/tx/0x452a57d52c9c68359abf4d22fc0b62d54b9d6729ee64ae82682d4d6083ac4c6d
2023-03-29 16:51:42,True,2.175e-10,6.891e-13,38960229331.0,0.2685,0x48...0e9e,https://bscscan.com/tx/0x0603ecf27a5b32ab10331af27297851cab140b7afcef0886fceaaceaa4f0943d
2023-03-29 16:51:27,True,2.165e-10,6.891e-13,25147744170.0,0.1733,0x30...519b,https://bscscan.com/tx/0x3b6f63053fd5628277ffb953d5317e6b5d30de1596089da29a3b7a792b4ae6be
2023-03-29 16:51:24,False,2.154e-10,6.857e-13,59991743294.0,0.4113,0x24...ae39,https://bscscan.com/tx/0xd94f99501bc6fb99a56ec904d8f3ec1ede0d7081e3782049ea4fe89a97b0eaf1
2023-03-29 16:51:18,True,2.165e-10,6.891e-13,1383820000.0,0.0095,0x1f...fef9,https://bscscan.com/tx/0xe1a2ecbcd05de9ddd64217d7595e215697c2b753639f9bed0666f420cb3f6567
2023-03-29 16:50:42,True,2.166e-10,6.891e-13,1875379606.0,0.0129,0x1d...60f2,https://bscscan.com/tx/0xbb8d13afd03f693b719d9c35fb390c0c5201b747a1b0f256404a50ef1efac3ff
2023-03-29 16:50:36,True,2.166e-10,6.891e-13,4352936803.0,0.03,0xb8...52bf,https://bscscan.com/tx/0x967d837cdd9195aa4fca46899a544d85e968396146be42de1386a7a26da288a8
2023-03-29 16:50:09,True,2.166e-10,6.891e-13,2000000000.0,0.0137,0x02...409c,https://bscscan.com/tx/0x328e5d951b65216d9a8d6503f9b63d8f22f10c14fbcb93c366dc921f3eb2dcc2
2023-03-29 16:49:09,True,2.18e-10,6.891e-13,5803933133.0,0.04,0xd2...38fc,https://bscscan.com/tx/0x0f4d8edc4c6b52433437a796bf1d40efc9f88b84406cd80782510fd34b4bc6cd
2023-03-29 16:48:33,True,2.169e-10,6.891e-13,419474813.0,0.0028,0xdb...6cae,https://bscscan.com/tx/0xe6e862eb0542770c8ce1e226483d0a7c2c40eead56d0db7fb6d222948143ed4f
2023-03-29 16:45:39,True,2.181e-10,6.891e-13,24028439295.0,0.1656,0xab...fe3d,https://bscscan.com/tx/0xa88da93c91f4b29a9574ea1d557f3dcb0171977dd886ffa554aa2ccb6d2038e4
2023-03-29 16:42:36,True,2.17e-10,6.891e-13,35091700000.0,0.2418,0x51...4050,https://bscscan.com/tx/0xaf3bec294f14b5ddab4ca2c3db195cd79f0303239f4daf64d047d60cfcdf269e
2023-03-29 16:41:54,False,2.17e-10,6.857e-13,10015444364.0,0.0686,0x18...f39b,https://bscscan.com/tx/0x4fdd32b201876033677015d360f184fe02076f4f990dac021d5431de2654a997
2023-03-29 16:40:24,False,2.17e-10,6.857e-13,10824371584.0,0.0742,0x60...300c,https://bscscan.com/tx/0x2ae302040e10c1e2a6a1d2f6547e9af18460d89cdb12c8909fa0d8b3e2502999
