datetime,buy_order,price_USD,price_native,amount_token,total_native,maker,etherscan_url
2023-03-29 20:29:07,True,2.167e-10,6.879e-13,26213547574.0,0.1803,0xf7...c13e,https://bscscan.com/tx/0xf1973a855cfbe1397309dc29ba9d5a5f871e87cbbf0c3d20a56146ef9a32c3fd
2023-03-29 20:28:31,True,2.178e-10,6.879e-13,4707574617.0,0.0323,0xf6...d7bc,https://bscscan.com/tx/0x21bdeede0964899e477fc92a04695a6f9e98c016fdc4ff13259ad16261a3b3e0
2023-03-29 20:26:25,False,2.156e-10,6.845e-13,90820711008.0,0.6217,0xfc...f406,https://bscscan.com/tx/0x5d62222af46a167b4577674e782d11d857bbf1e645ad49dde856350909b189ac
2023-03-29 20:25:40,False,2.156e-10,6.845e-13,3675487961.0,0.0251,0xeb...72a4,https://bscscan.com/tx/0xa07b1046b0f883441369a0705918d2399c1269cb8ed3b05378423182467e1312
2023-03-29 20:25:37,True,2.167e-10,6.879e-13,517995826.0,0.0035,0xde...e2bd,https://bscscan.com/tx/0xd6e106b2fc140ef6217500bccf8bb26320fcaec3100b70aa959617b6e2efb1b6
2023-03-29 20:21:49,False,2.167e-10,6.845e-13,5304936252.0,0.0363,0xb9...9a4d,https://bscscan.com/tx/0x6ca4a89acf6e2eccc631af31990a1942a4e6c1a70db118d4f3049d1bd201eb9d
2023-03-29 20:21:37,False,2.167e-10,6.845e-13,33484486651.0,0.2292,0xac...9faa,https://bscscan.com/tx/0x7e48c6a2aa201ea999a1c100df5d2dbfdb737ce4c762945cc474a725aa9ac31a
2023-03-29 20:21:07,True,2.167e-10,6.879e-13,20602566140.0,0.1417,0x24...43b9,https://bscscan.com/tx/0x79c03d7265e51ef70d2c09de31043cbe0fd593d61d87a5abfc0f3141c82ee217
2023-03-29 20:17:19,True,2.166e-10,6.879e-13,32029400000.0,0.2203,0x1f...4f4f,https://bscscan.com/tx/0x45fd20343ab81af50c72b33421bb1e845d56821cdde7f5fd02f393476068c624
2023-03-29 20:16:31,True,2.166e-10,6.879e-13,904589514.0,0.0062,0x15...4042,https://bscscan.com/tx/0x40b894744ce4b56918947ba35ffa43a32cc85a4fbc7e5d68cf4817943d4cc086
2023-03-29 20:08:22,True,2.177e-10,6.879e-13,42213600000.0,0.2904,0x1f...4f4f,https://bscscan.com/tx/0xa9719b9a281016a23f7eb76c3c1cd62badb90f28ff78ad234335dd5a3d8da30f
2023-03-29 20:07:52,True,2.166e-10,6.879e-13,500000000.0,0.0034,0x9c...0564,https://bscscan.com/tx/0x30565166119bce5869cddfb7fcafa20a6793730baea21266d8f48eb1b8131b36
2023-03-29 20:05:58,True,2.177e-10,6.879e-13,16425205944.0,0.113,0x2d...6811,https://bscscan.com/tx/0x45ea6c58e7f25bcd72a9a1ca91d575ab3e42c4702c6d361ff9b6a786dabb2740
2023-03-29 20:05:45,True,2.177e-10,6.879e-13,82470700000.0,0.5673,0x1f...4f4f,https://bscscan.com/tx/0x444b77abc97f3f7e249f8ba4fe42b0a06b4b52c9018f605c2326c7c80e1d7699
2023-03-29 20:05:30,True,2.177e-10,6.879e-13,2697455735.0,0.0185,0x15...4042,https://bscscan.com/tx/0x51a0764dee06912393a6ed558a735d90a46e2e73347e9e672104e2cdf01c7bbc
2023-03-29 20:03:50,True,2.166e-10,6.879e-13,60594588154.0,0.4168,0xd5...81ca,https://bscscan.com/tx/0xcdf1a954ebaef58df2057f6dc3a72f75a43c97f354c27ac50c40d24c7d21e4a7
2023-03-29 20:03:36,False,2.155e-10,6.844e-13,11250000000.0,0.077,0xfa...c36e,https://bscscan.com/tx/0xb20900169380fb800b6d5d76ef9706bd040d1f77b02d1d84041a0ea72da44db0
2023-03-29 20:00:51,True,2.167e-10,6.879e-13,2180469730.0,0.015,0x2d...6811,https://bscscan.com/tx/0x7373c263002f083615aa9de56c563d079e3771910788e02a230b36efc2f3b042
2023-03-29 20:00:00,False,2.157e-10,6.844e-13,1131020181.0,0.0077,0xc7...545d,https://bscscan.com/tx/0x38bf17c6dda67ae32bf0d203938b1c99fd41158af8343046c5cb9aa776424989
2023-03-29 19:58:09,False,2.157e-10,6.844e-13,4124656279.0,0.0282,0x31...e02d,https://bscscan.com/tx/0xd634fd8862e3adba46d4fe5710845dc0b3cfd8c097a9c7ed6340c88852e29e43
2023-03-29 19:57:51,False,2.168e-10,6.844e-13,30260230831.0,0.2071,0x83...f677,https://bscscan.com/tx/0x8ba8adbaf1c53426d79e655a04bf4f26e8477211d9c1ae5adc9833e44c3e8fab
2023-03-29 19:55:36,True,2.168e-10,6.879e-13,200000000.0,0.0013,0x15...7af7,https://bscscan.com/tx/0x2727abbfb795104fc17667b3aa4f75075f5b178b7597edbc400c8336d874dc7c
2023-03-29 19:55:00,True,2.168e-10,6.879e-13,5523783347.0,0.038,0x5b...58d8,https://bscscan.com/tx/0xbaa2f22dd2b1fcbf92d6b1a752414289a0fc39e9b7e2c9bc2cd640f5d297a5bc
2023-03-29 19:53:48,True,2.178e-10,6.879e-13,6942434956.0,0.0477,0x64...058f,https://bscscan.com/tx/0x305e369bd99154f97013b9856072c6fb6a4d4772573918af239b754cbf1261a2
2023-03-29 19:53:45,False,2.167e-10,6.844e-13,6779614485.0,0.0464,0x09...849b,https://bscscan.com/tx/0xb1b473d892e4d85b95da6ae95cd81ad88dde79a64ad6f1d29f372fcf0493d546
2023-03-29 19:53:15,True,2.178e-10,6.879e-13,11000000000.0,0.0756,0xc8...8b18,https://bscscan.com/tx/0x1df39241588fe930c08ef02ace342cc8daa25550e7c91b2d97dab4d878864c48
2023-03-29 19:51:30,False,2.157e-10,6.844e-13,5400000000.0,0.0369,0x47...57de,https://bscscan.com/tx/0xc768dfeff80eb55007e36593dafc7b4c010208a9ace4623d9ac6f0a2988e7b27
2023-03-29 19:50:57,True,2.167e-10,6.879e-13,4536959554.0,0.0312,0xc1...a4ff,https://bscscan.com/tx/0x0276869a94cdd33c4a590134fdc5794581a48a6ea2b4fd1b776439ff2b6abc83
2023-03-29 19:50:12,True,2.178e-10,6.879e-13,14367047648.0,0.0988,0x21...466d,https://bscscan.com/tx/0x7f45695c8f5c17a5c08a605f3eeaac39dd1ad4650c58531f9d69ccbbd883dcb3
2023-03-29 19:49:48,True,2.168e-10,6.879e-13,22000000000.0,0.1513,0xf6...244c,https://bscscan.com/tx/0x4cb98263b2e12b9f16000e6f8dc1cbf65881ea18442b8a7fb8c06584abf5d081
2023-03-29 19:49:33,False,2.167e-10,6.844e-13,18086557884.0,0.1238,0x9c...a6d8,https://bscscan.com/tx/0x22c58d1d49ac09a0e37df8aeb316554e799a725143391f732c36bc048902674e
2023-03-29 19:49:09,False,2.167e-10,6.844e-13,27010545020.0,0.1848,0x86...a756,https://bscscan.com/tx/0xc0708fde971d3ff5f77655bddf7fe4fc9438493035d67d99c54c4ec8fb811ab4
2023-03-29 19:44:09,False,2.156e-10,6.845e-13,45000000000.0,0.308,0x7d...af11,https://bscscan.com/tx/0xad10e7b57d0f6a5547c91a216aed466e1dd35a862b1cc5ed7926606d4b63701e
2023-03-29 19:43:11,False,2.156e-10,6.845e-13,39479191865.0,0.2702,0x8e...82e4,https://bscscan.com/tx/0x1305001572069b9ab77de638fa9a69d9c25965de749ba7319b14c0aac3acadd4
2023-03-29 19:41:14,False,2.156e-10,6.845e-13,44645972268.0,0.3056,0xac...9faa,https://bscscan.com/tx/0xb0f3fd78d818f235bc2ccd7b3744a3c683534d18ba46443e044b999e42c5ce01
2023-03-29 19:40:59,False,2.167e-10,6.845e-13,7918037317.0,0.0542,0x7f...cc30,https://bscscan.com/tx/0x8ff7768c731233ff23fe983f1bac5e561f4b387806b984a65a7ac6d4114c24ca
2023-03-29 19:40:17,False,2.167e-10,6.845e-13,22182289152.0,0.1518,0xc9...6c33,https://bscscan.com/tx/0xc87b01779ee1e2b2b320a2c6830996507575f6a020b462e4a61408c5d2cf2fdc
2023-03-29 19:40:11,True,2.178e-10,6.879e-13,2571951930.0,0.0176,0x71...9d1e,https://bscscan.com/tx/0xa2e0d712758953776bced07634dc4501da61a1d06305ef0428f022c5b5dc5654
2023-03-29 19:38:47,True,2.178e-10,6.879e-13,57059252180.0,0.3925,0xf9...c4f3,https://bscscan.com/tx/0xd6735e74fac7cfd314ba31b67e87162db1e609401f7ff00014f3208ac51709c0
2023-03-29 19:37:02,True,2.178e-10,6.879e-13,10328689355.0,0.071,0x37...fb61,https://bscscan.com/tx/0xd852beef7408eb3432508d6fbc3cd110927f96080b22417b2aff07a0ade14b5e
2023-03-29 19:36:29,False,2.156e-10,6.845e-13,12575687005.0,0.086,0x31...e02d,https://bscscan.com/tx/0xa1c78c170e8d22362e753a4227285e6462140df8bd6f6ad2a833aa110f34cbf2
2023-03-29 19:34:47,True,2.178e-10,6.879e-13,8369893373.0,0.0575,0x09...849b,https://bscscan.com/tx/0x2da5bdf2cf15218c451a6f99023f59296cfef9a357f7347ac7c3810d22910bdd
2023-03-29 19:34:02,True,2.167e-10,6.879e-13,3191729331.0,0.0219,0x19...f646,https://bscscan.com/tx/0x53037d9d08ffb5bc4632dda33f0b67d3915502c94a5a04f98e11d7546bbda3fd
2023-03-29 19:32:23,False,2.166e-10,6.845e-13,341640000000.0,2.33878,0x77...c1ef,https://bscscan.com/tx/0xa070a0a142251b7cfcb1ce127e23bd8724c87ea3992c0143a2310a16d96924f3
2023-03-29 19:30:35,False,2.156e-10,6.846e-13,37953000000.0,0.2598,0x77...c1ef,https://bscscan.com/tx/0x5ad907afb16cb20037dc0cbc7592ff36ff344d8fb184a2c5ccb053eae56412e2
2023-03-29 19:28:05,False,2.166e-10,6.846e-13,90000000000.0,0.6161,0xba...7dc8,https://bscscan.com/tx/0xf771c6be08883075cb8c8b0eff78baf99b6511edd89945d83484f7ae57e0519b
2023-03-29 19:25:53,True,2.177e-10,6.88e-13,26159317150.0,0.18,0x2c...e0ca,https://bscscan.com/tx/0x4c2a512e211638f393630b279428e262936abee1e664ef19bdd193812bd4d637
2023-03-29 19:25:17,False,2.156e-10,6.846e-13,37316925000.0,0.2554,0x77...c1ef,https://bscscan.com/tx/0x0e08ab3d1a201bddbf81a6713032d4a48cf73350738fbc9d03ec01b09755e81b
2023-03-29 19:24:29,False,2.156e-10,6.846e-13,183010455039.0,1.25305,0x62...c6e0,https://bscscan.com/tx/0x70044a5544897574cc8404ec444d7564c260263bbfe965bdb6755810d292ce1d
2023-03-29 19:23:11,True,2.177e-10,6.881e-13,23250807493.0,0.16,0xc8...5ed6,https://bscscan.com/tx/0x688ea55a3e91fcc30df203bf463289f0ba3dc526bc8f75677e0f33d4ffdf4695
2023-03-29 19:21:35,False,2.155e-10,6.847e-13,1800000000.0,0.0123,0xaa...7ee6,https://bscscan.com/tx/0x7059aac5e1010d3184cf4891d256401d7c91c96c0ed6451861bb99aedd2773fd
2023-03-29 19:19:02,True,2.166e-10,6.881e-13,6997000000.0,0.0481,0x9c...0564,https://bscscan.com/tx/0xf84b7946a999de473dda17de9e7e2049718268c1fcf3199b51172a8c501c7295
2023-03-29 19:17:59,False,2.156e-10,6.847e-13,3731714040.0,0.0255,0x18...c205,https://bscscan.com/tx/0xddc07f0e7fc71233f1d73e622a91b831dd03d33a206d80111aa2f8f5ae6813c7
2023-03-29 19:15:44,False,2.156e-10,6.847e-13,32534440513.0,0.2227,0xbc...61da,https://bscscan.com/tx/0xb40601b771b0739892366e4d7cd773f0612086070d2e35a5e451a8f984eeda64
2023-03-29 19:15:35,False,2.156e-10,6.847e-13,45000000000.0,0.3081,0x1c...3c2a,https://bscscan.com/tx/0x9998aad52223b0f15b9c401b9ea67a46a68ace4f1ee9b3eb4e25edcc0fe7f08d
2023-03-29 19:12:23,True,2.167e-10,6.881e-13,2891376533.0,0.0199,0x3c...953c,https://bscscan.com/tx/0x88f7fc078abad7724fd3953b2adf73b00285272dc4c1870e93e893fa933c7126
2023-03-29 19:11:14,True,2.167e-10,6.881e-13,4512668365.0,0.031,0x5b...481d,https://bscscan.com/tx/0x75b19229c8cbe94bfd249dcbd7046e710972fa0376b3bf29827e02d9cf539553
2023-03-29 19:10:17,False,2.167e-10,6.847e-13,3417434418.0,0.0234,0x17...67aa,https://bscscan.com/tx/0xc889bce3c4b6d66a76cbeff4058fcdb1e4f19655c38c0540fb35b2a4b0610779
2023-03-29 19:08:02,False,2.156e-10,6.847e-13,728455779.0,0.0049,0x20...c178,https://bscscan.com/tx/0xd62fd651da2fc3fccd97c9ab528c6ff4fd94fb7f121e9f456e7093e4587da8a3
2023-03-29 19:02:32,False,2.166e-10,6.847e-13,67013553676.0,0.4588,0x47...7234,https://bscscan.com/tx/0x7b0f2ff112975680c4c8357ee1611b965287e9d0e75c5955f69bdec6483db648
2023-03-29 19:01:32,True,2.166e-10,6.881e-13,114610946476.0,0.7887,0xb9...d5a4,https://bscscan.com/tx/0x42b23edc207f2d39a55607f05826f521afc7b1fecc4fe30f917eebfcfc06bb69
2023-03-29 18:59:17,False,2.156e-10,6.848e-13,598805035314.0,4.10063,0x4b...d7f4,https://bscscan.com/tx/0xfadbd14d81c3ce2b5cba031d596142cba7325de19094ce3c60ca3aaf193a3515
2023-03-29 18:57:53,False,2.156e-10,6.848e-13,24787416745.0,0.1697,0x60...f39e,https://bscscan.com/tx/0x0e0555e9d32ef16bdde67e6d85c3386afe78524c9994301a6d6aba51a4803ce1
2023-03-29 18:56:50,False,2.156e-10,6.848e-13,27000000000.0,0.1849,0xd4...c977,https://bscscan.com/tx/0xbb900b8ebbb8021fff66f34732215ac041b69e0c431ec3886b225220b4cbcabc
2023-03-29 18:55:44,False,2.156e-10,6.849e-13,31593301733.0,0.2163,0x5d...63cf,https://bscscan.com/tx/0x3bf1eb4a023850840edd891cea6625efccf2f3779639fb41e2ecc8f799bf4ea0
2023-03-29 18:51:20,False,2.167e-10,6.849e-13,45000000000.0,0.3082,0x8e...53c1,https://bscscan.com/tx/0x4c1cc1ee966a7f9ecf90a9877e38d1801496e320fe5f8023fa4d0ffa6520ad26
2023-03-29 18:49:20,False,2.167e-10,6.849e-13,90000000000.0,0.6164,0xcf...d44b,https://bscscan.com/tx/0x645f8f1d7ef456e850c177a0ab2c5b422db0d06a35bfb1c6c5a877585a9a8189
2023-03-29 18:48:35,False,2.167e-10,6.849e-13,8751624995.0,0.0599,0x68...0a54,https://bscscan.com/tx/0x2053411fb3a2ed0f12c0cb2a82cc3e683f2b056ce3f6ee5e19e6a9304c5daf31
2023-03-29 18:47:41,False,2.156e-10,6.85e-13,393124319259.0,2.69295,0x02...bfc0,https://bscscan.com/tx/0xf3cb7af88eb5193e8c5992843321179ab34ed7ab295bde8fc2cd02a5028312e0
2023-03-29 18:46:50,False,2.157e-10,6.85e-13,4539420438.0,0.0311,0x09...849b,https://bscscan.com/tx/0x5254e219f1e3f5b7c28f4197d6e770577549e8fdda7dd8155f47613c507cace8
2023-03-29 18:46:50,False,2.157e-10,6.85e-13,2250000000.0,0.0154,0x77...7325,https://bscscan.com/tx/0xbfa73a7876d02a5d69d54e55510de9b7a3fb717807ff79dcaca22d11fc61ed4b
2023-03-29 18:46:47,False,2.157e-10,6.85e-13,24094047243.0,0.165,0xeb...39fe,https://bscscan.com/tx/0xdf420457a0fa22695cdb4186da442cdc0e8a2624ef98de6e62083d9faa03cc82
2023-03-29 18:46:29,False,2.157e-10,6.85e-13,17325000071.0,0.1186,0x86...df43,https://bscscan.com/tx/0x4c040042ddff55d22ac7c9159a4109b3aaa3b5137cb869ba5f49aafe61e0fe82
2023-03-29 18:45:26,False,2.168e-10,6.85e-13,1728056124.0,0.0118,0x86...df43,https://bscscan.com/tx/0x1ef9c6a395c30fe7c338f964ff85f6270b79d3106b5a14326c39fc79f8f25b0f
2023-03-29 18:41:32,True,2.169e-10,6.885e-13,20527873179.0,0.1413,0x78...1649,https://bscscan.com/tx/0xf44eca4350fc811ae2c471adfbb60cc86cb6d8030a35f2cace458894fb785c5b
2023-03-29 18:41:08,True,2.169e-10,6.885e-13,1000000000.0,0.0068,0x68...ccdb,https://bscscan.com/tx/0xade1fbb9339b33fdf41ae98d7a84ad6ff41e04d88ebefec2de857bfeba7a26dd
2023-03-29 18:40:05,False,2.159e-10,6.851e-13,270000000000.0,1.84981,0xdc...07d8,https://bscscan.com/tx/0xa5958cc3b08371e1ff33c9773cdf35a4cbae3a3bcea91a692a65b483af91e312
2023-03-29 18:38:20,True,2.169e-10,6.885e-13,2904475696.0,0.02,0x5c...fb46,https://bscscan.com/tx/0x0cc3c6708db45d9417b447b19359c91452b821c7ae42ec51f670ec6b09063548
2023-03-29 18:37:29,True,2.169e-10,6.885e-13,11914900001.0,0.082,0xb5...703d,https://bscscan.com/tx/0x448dbd671c81f85fc0c5ecfbacc0a6b199e5e9c4bf113e0132ea9afb29679d72
2023-03-29 18:37:20,False,2.169e-10,6.851e-13,59287669649.0,0.4062,0x97...8aa3,https://bscscan.com/tx/0xf296b972f8fd3489bc9c618ec27c8a7675be945b7a996cbd31bee5609d6034d8
2023-03-29 18:37:14,True,2.18e-10,6.886e-13,2373377712.0,0.0163,0x14...c64a,https://bscscan.com/tx/0x71d6644c40cc3b47171ae71fbefacfe5bf283ffe9a1e39655764fc58e378a4d7
2023-03-29 18:35:56,True,2.169e-10,6.886e-13,7000000000.0,0.0482,0xec...3fc3,https://bscscan.com/tx/0x584f595f1d3bd0bb3a9ae40fd6e01030e9228529d94f59484778d18bd1323b52
2023-03-29 18:34:29,True,2.169e-10,6.886e-13,5600000000.0,0.0385,0x9b...03ca,https://bscscan.com/tx/0xc276032b321803dc7133c81fb2087ae00b3884ed2809c54faf4cb898360e2cc4
2023-03-29 18:34:26,False,2.158e-10,6.851e-13,34000723325.0,0.2329,0x06...412b,https://bscscan.com/tx/0xe1ff7985384254488ccd747f1720763ee2e0d6ad319805b5eb272c7a8c1f6eac
2023-03-29 18:33:11,True,2.169e-10,6.886e-13,44588034172.0,0.307,0x3a...5a06,https://bscscan.com/tx/0x571f1f2e694a7e72b9210b576aa21944bbd94f31c234ae05ec2c3ffafb884cce
2023-03-29 18:33:08,True,2.17e-10,6.885e-13,1161780668.0,0.008,0xf1...2d5c,https://bscscan.com/tx/0x4799fce6ddaa8581abc136b8856946d9bfb09147f287f9380b79922a2adcde99
2023-03-29 18:30:44,True,2.17e-10,6.885e-13,73176820817.0,0.5038,0x22...4f59,https://bscscan.com/tx/0x12ba3ffad27c6cd6c8c728f6db208779f74bd5d5016b4f8a7c94d69e5b468826
2023-03-29 18:29:08,False,2.169e-10,6.851e-13,11588040772.0,0.0793,0x8f...fa66,https://bscscan.com/tx/0x6d1c5e8f37ac0388fe9ae63f70d76d6ef44eef877da335edeff9f76991be6afd
2023-03-29 18:28:59,False,2.158e-10,6.851e-13,2919277281.0,0.02,0x34...62bc,https://bscscan.com/tx/0x35da9f2d333717a96b04ac9b581abb9836ad416036453561a539b0553473a9cb
2023-03-29 18:27:44,True,2.18e-10,6.885e-13,2649048267.0,0.0182,0x93...4343,https://bscscan.com/tx/0xa87ff3b6e6c88d22672f1aeae4af7a48a8017797337a6fbd8c857f9c92b739fa
2023-03-29 18:25:24,False,2.158e-10,6.851e-13,13876627423.0,0.095,0x95...1a5d,https://bscscan.com/tx/0x729630c700919010df18ebfcced51407525160b58db40bd5212bc227db848fbe
2023-03-29 18:22:23,True,2.17e-10,6.885e-13,8600000000.0,0.0592,0xbe...95c5,https://bscscan.com/tx/0x3e8c6a88feddd70dec2ba70e6074360dc7adb69a3fdda279fde14df71f8064a8
2023-03-29 18:21:59,False,2.159e-10,6.851e-13,4141909166.0,0.0283,0x00...f666,https://bscscan.com/tx/0x30017d71a81cabf8728965949efb71166337ac3aa5593bc810238b857982ad34
2023-03-29 18:20:59,False,2.159e-10,6.851e-13,10596181048.0,0.0726,0x05...d8e6,https://bscscan.com/tx/0x5c5fc2bab6942a92c72ec52f57835c68be41443fc1fc97118e22a9202abe590d
2023-03-29 18:20:53,True,2.17e-10,6.885e-13,11327500001.0,0.078,0x26...da83,https://bscscan.com/tx/0x12dacef08167acce98887baad647a5cd3ac272d2e739f62e82c5f97f83514f22
2023-03-29 18:20:29,True,2.181e-10,6.885e-13,615434404.0,0.0042,0xa3...9d39,https://bscscan.com/tx/0x39521c196a8059a108e4e1f3d29aabfbc7f685e18cc3384ebff27b7cfba78239
2023-03-29 18:20:14,False,2.159e-10,6.851e-13,40660497009.0,0.2785,0x72...538b,https://bscscan.com/tx/0x9247ae59e44444085dec971385a61c40699ebc9141fd147199b592b810771820
2023-03-29 18:19:08,False,2.17e-10,6.851e-13,11083054978.0,0.0759,0xd9...7567,https://bscscan.com/tx/0xeada237b99994c60a27dec590675b310088136af430c8d931f997f494a4aecf7
2023-03-29 18:18:26,True,2.181e-10,6.885e-13,4356685805.0,0.03,0xc0...77fd,https://bscscan.com/tx/0x44a1e14542bd2d4ca0cd7c1a380220d9f10f022a10b9061edcd7969345b65c13
2023-03-29 18:17:44,True,2.17e-10,6.885e-13,9027020001.0,0.0621,0xec...6f63,https://bscscan.com/tx/0x7d5fcc74af02e8883ba0c8a53572c08e95fd4498e1e1c891fcb18460edebdf72
2023-03-29 18:17:05,False,2.17e-10,6.851e-13,297000000000.0,2.03504,0x0b...17ad,https://bscscan.com/tx/0x547ee62d0b01aac43d29f1b5497926c6c6ff168b07ae0c2986f807e66b36ab71
2023-03-29 18:16:35,True,2.181e-10,6.886e-13,551774465.0,0.0038,0xa8...07a4,https://bscscan.com/tx/0x81447bcb195dd48194cafec8ee36ec52975faf4be578f4cef34261cbe4a23911
2023-03-29 18:16:26,False,2.17e-10,6.852e-13,3305313003.0,0.0226,0xf4...9caf,https://bscscan.com/tx/0xe6a28dd3ed007a0090f10f4ee47abe7fe73da39f4c784f99566ddab89209702a
2023-03-29 18:10:47,False,2.16e-10,6.852e-13,28246490643.0,0.1935,0x6c...61c4,https://bscscan.com/tx/0x55f20266697bafd60c195e52eda8034d6a43e475b07e03aba76a8e2f413379b7
2023-03-29 18:10:08,True,2.182e-10,6.886e-13,35481076481.0,0.2443,0xf0...b241,https://bscscan.com/tx/0x6a6df3658c570394d8e22f34812c632efbe9a1f5487b25255353d812a614eba2
2023-03-29 18:08:50,False,2.16e-10,6.852e-13,48802760374.0,0.3344,0x8d...4089,https://bscscan.com/tx/0x5f9f83ee8e790deb681ded2ec3c1e1a956b9c9e1f6efd9e4470f9045d55b902b
2023-03-29 18:08:05,False,2.161e-10,6.852e-13,3165683581.0,0.0216,0xa3...0db2,https://bscscan.com/tx/0x5a28d92a6fb47a7d69cc480cd2a4fced019ead6686d562ac4d43bb3acd7179d6
2023-03-29 18:05:53,True,2.171e-10,6.886e-13,4646482541.0,0.032,0xd2...1b31,https://bscscan.com/tx/0xab69a63769a9b3c0c40710b6feb0e2d9cc9bfaa358316cad00b35d022f02169e
2023-03-29 18:04:56,False,2.161e-10,6.852e-13,13500000000.0,0.0925,0x71...7f48,https://bscscan.com/tx/0x2ca6118ed90ce5cf29066e127e283ee43da9858aebb129657f62ec4651dd6425
2023-03-29 18:04:50,False,2.161e-10,6.852e-13,5388167237.0,0.0369,0x46...c048,https://bscscan.com/tx/0x122f9699ebefc54cc4a245073f59d52203d7e2238a9f5f2b269381a738c5ac9c
2023-03-29 18:02:22,False,2.162e-10,6.853e-13,873245657806.0,5.9851,0x69...9213,https://bscscan.com/tx/0xfec086d638b5c618fe59b602376210c06bf720fd5b825203e0bac05a86a0b50e
2023-03-29 17:59:28,False,2.162e-10,6.855e-13,114807957777.0,0.787,0x9d...0872,https://bscscan.com/tx/0x37a8b4e759ad0e8d536f6de7a55eb9cdcfa9bea588520e9de4e47930d9f9127c
2023-03-29 17:58:49,True,2.184e-10,6.889e-13,1015987242.0,0.007,0xc2...bf91,https://bscscan.com/tx/0x7954f76a6de27a5fa581a07b6b3ad4125033c275bfc24532f8008ebe24644632
2023-03-29 17:58:22,False,2.162e-10,6.855e-13,18533495651.0,0.127,0x6c...7544,https://bscscan.com/tx/0x5f016562f18b229af311e4cb29f68e2d3cd246ee00cd27582e7904f4e3433762
2023-03-29 17:57:46,True,2.173e-10,6.889e-13,2074383626.0,0.0142,0x79...84a7,https://bscscan.com/tx/0x5011faa3b0c4fd5d3aca5adcea86e03bfe6cb127ad7d8c4b51bfd81dfa3bed3b
2023-03-29 17:57:43,True,2.173e-10,6.889e-13,700000000.0,0.0048,0x4e...7f63,https://bscscan.com/tx/0x8eb5f3f7831eeff59a055f669c3fc0ae1a38c4ec949acf1fccfb6a6092f5166b
2023-03-29 17:57:16,True,2.173e-10,6.889e-13,49382794387.0,0.3402,0x33...d844,https://bscscan.com/tx/0xe6594b6d12e6139a6f6ef9d681f4375e4b53d0820a9f0ed42507b9a45ebeb932
2023-03-29 17:56:49,False,2.173e-10,6.855e-13,29161515915.0,0.1999,0xe4...db77,https://bscscan.com/tx/0x2c66dde9f317f8615ff35adf52375cf9c65a5d8eec59eaf5ade46ddcb4e826f2
2023-03-29 17:56:37,True,2.184e-10,6.889e-13,20000000000.0,0.1378,0x9a...4d90,https://bscscan.com/tx/0x057b6cac5fb0e311a6ae8e979b67f52d1584c2a23f4efeb1dcbb2a702a7ef9e6
2023-03-29 17:55:43,True,2.172e-10,6.889e-13,1626090001.0,0.0112,0xb9...97b7,https://bscscan.com/tx/0xbabdf66e52c957fea9ca93c9e9bd3ff820d30b321a00230deb53d44c1339b76e
2023-03-29 17:55:28,False,2.161e-10,6.855e-13,21012170884.0,0.144,0xd0...908f,https://bscscan.com/tx/0xa6c7c39d417ca1cf44a402e427064ebc156a1794881f68cbfbe9a98de0d6929c
2023-03-29 17:54:37,True,2.172e-10,6.889e-13,1600000000.0,0.011,0x4e...7f63,https://bscscan.com/tx/0x517b6c8b4a736e1efa000d79380953b74fcf32939527f0b32efdf158954cb7e9
2023-03-29 17:54:28,True,2.183e-10,6.889e-13,1218311742.0,0.0083,0x79...84a7,https://bscscan.com/tx/0x4584550fdd10147f0762f1ae29a871515330ad7cea5de1e225bcf1565168ef7b
2023-03-29 17:53:22,True,2.183e-10,6.889e-13,3338190001.0,0.023,0xea...b8ec,https://bscscan.com/tx/0xd061bd14ca8ae31999b5f45e670a5d0a47129e11b0ea1f2584c52cb454363478
2023-03-29 17:51:55,False,2.161e-10,6.855e-13,46097747932.0,0.316,0x54...18f2,https://bscscan.com/tx/0xa0371237cfaaede5329cf0995c52c6f88f719b9384df37c635ef3ef22c796595
2023-03-29 17:51:49,True,2.172e-10,6.889e-13,10159800001.0,0.07,0x2e...579d,https://bscscan.com/tx/0xf55afef0776ae3e57c372bbc6376730550a578a5dbf28a2581ce6e98b7b961d1
2023-03-29 17:51:34,True,2.171e-10,6.889e-13,26800000000.0,0.1846,0x00...b6a1,https://bscscan.com/tx/0x6b929bf349c53af11a9f861255ffa88b55077fe596766cffd9a618b5b14902b4
2023-03-29 17:51:01,False,2.161e-10,6.855e-13,37921577731.0,0.2599,0x07...2a5a,https://bscscan.com/tx/0x5b5d4003d08edff252b8b5c6840d4d84c903b0778c8a738c98e9c81928cb531c
2023-03-29 17:49:40,False,2.161e-10,6.855e-13,41101572088.0,0.2817,0x33...d1ed,https://bscscan.com/tx/0xd1d9e3f9aa211f00b46545be82f698a6309ba89017924fe2f698634b323a581e
2023-03-29 17:49:16,False,2.172e-10,6.855e-13,45000000000.0,0.3085,0x02...5e3f,https://bscscan.com/tx/0x27176ee6d6081684e56de41575806ddc646f8711326da5fe7d81520a22ff4dd8
2023-03-29 17:48:13,True,2.173e-10,6.89e-13,94293700001.0,0.6496,0xef...ae6a,https://bscscan.com/tx/0xe0972c9f540b71fadc716dfbf52b954cc67362656d5654025dffc1b7efde20de
2023-03-29 17:43:52,True,2.169e-10,6.889e-13,25000000000.0,0.1722,0x00...b6a1,https://bscscan.com/tx/0x5dfb27274ea53949b4a6d9fba531b60f5584280c15bbcc9873b69bce96c6d0dc
2023-03-29 17:43:40,True,2.18e-10,6.889e-13,45863360949.0,0.3159,0x6d...bf9b,https://bscscan.com/tx/0xb0daaea04746010ec9cfa175e5d34eeed6ff8458402624656b43917a66f6feb9
2023-03-29 17:38:52,True,2.179e-10,6.889e-13,26815977627.0,0.1847,0x3a...d1eb,https://bscscan.com/tx/0xdf3d0189a80d6df8066bb3f9973660a71b19d42afeb03bd05c8b008a296bb31c
2023-03-29 17:36:04,True,2.168e-10,6.889e-13,3000000000.0,0.0206,0xdc...75ed,https://bscscan.com/tx/0x31837bd3fa9f7ba0941181952da82216c4986b36d5ff6f8bd0e4b0e21bdb300a
2023-03-29 17:35:35,True,2.179e-10,6.889e-13,29029296638.0,0.2,0x3e...bcb6,https://bscscan.com/tx/0xb95b32344db9add538bf1779a76358bfeaca054d1f8f3da3ff4f58507095d691
2023-03-29 17:32:21,False,2.157e-10,6.855e-13,4050000000.0,0.0277,0xf9...e575,https://bscscan.com/tx/0x42b4ca9cd5f08849e3efb6de5e0fe17833b1736494724bc61745c28b256290a0
2023-03-29 17:31:06,False,2.167e-10,6.855e-13,3031181224.0,0.0207,0x15...c623,https://bscscan.com/tx/0x9b3756f9d1162debe4d5393114499761938564838b2b41d25945a415550496e2
2023-03-29 17:30:48,True,2.178e-10,6.889e-13,14514738635.0,0.1,0x96...1945,https://bscscan.com/tx/0x339c60a708d747d8164a21289b313b2a8fe4b3fdfac17dfa0a7cfbb007723b6c
2023-03-29 17:30:30,False,2.166e-10,6.855e-13,92607554730.0,0.6348,0x47...84ff,https://bscscan.com/tx/0x030ad79f2775b36d0f2b9d22f43a14e1fbd61e04aacdc65f6caf92f739a14a6e
2023-03-29 17:30:24,False,2.166e-10,6.855e-13,169764424025.0,1.16384,0x95...6cfe,https://bscscan.com/tx/0xecda08ce613cdc02fbff85f78c2a0e8a714645880654c407ad92edecc84bb4bb
2023-03-29 17:30:21,True,2.177e-10,6.89e-13,2170000000.0,0.0149,0x28...331f,https://bscscan.com/tx/0xac3d0d7835c65f0b101a8da7c1dd9d71350397f3c4827fce4348cf605ab0da02
2023-03-29 17:30:00,False,2.155e-10,6.856e-13,102964568606.0,0.7059,0x37...4523,https://bscscan.com/tx/0xdd4d0af2c34b34f24b10adcba871a897ade0aac4013671682880d72842327bf3
2023-03-29 17:27:57,False,2.165e-10,6.856e-13,22617574482.0,0.155,0xc3...964f,https://bscscan.com/tx/0xd0783de6f7f870b7954b528af6391b5dd035b29abf0c26da740ec3fff2e17e57
2023-03-29 17:27:51,True,2.176e-10,6.89e-13,45942515214.0,0.3165,0x2a...82ce,https://bscscan.com/tx/0x50a4806c70eba9c89cc8a17b52f79b6569531ccbcf8bfa9687a0236a7dcf1c9a
2023-03-29 17:26:42,False,2.165e-10,6.856e-13,51422121959.0,0.3525,0xb7...8c27,https://bscscan.com/tx/0x3dba2f1a1606dbe6c573cc3d688901a3a6e981ce14298213e9f68116c58ab0ac
2023-03-29 17:25:09,True,2.176e-10,6.89e-13,15790016014.0,0.1088,0xc7...b46e,https://bscscan.com/tx/0x5e6d70f720ec591dda4bd6b05381330930ccef3ce7bd17e6bf2c1b7922294f68
2023-03-29 17:24:12,True,2.176e-10,6.89e-13,23013282210.0,0.1585,0x30...fc3f,https://bscscan.com/tx/0x913bb23e2c54e0ceaef94a06061f90e3e84b3976d7d81e24e89a06710595a535
2023-03-29 17:20:32,False,2.163e-10,6.856e-13,35165013474.0,0.2411,0x65...c0f8,https://bscscan.com/tx/0x6f04251f7b56912ae2925f655a4afc5232c027185959bcc64353aa3a06bf9883
2023-03-29 17:18:29,True,2.163e-10,6.89e-13,13855982736.0,0.0954,0x3d...dd13,https://bscscan.com/tx/0xabd7a18451b6b599f703c76d3e6cf28143424584c5d292e63e0a052bc7767199
2023-03-29 17:15:56,True,2.163e-10,6.89e-13,1429518829.0,0.0098,0x46...9583,https://bscscan.com/tx/0x56cfae42763186180f7b65dc8985a286d7bf15555eae480ca46d12af1aae26c2
2023-03-29 17:15:08,True,2.163e-10,6.89e-13,14512400001.0,0.1,0x77...36a7,https://bscscan.com/tx/0x95e23bbd3f44e6d5ff81fb0e3e51404908e7838529618cd5341a13b688f7fe6b
2023-03-29 17:15:02,False,2.152e-10,6.856e-13,19173082043.0,0.1314,0xdd...ebf2,https://bscscan.com/tx/0x1df565a5e8d0039a4d6515105e9018cae557a9a860ef6c8a74ad74c3d67d5f94
2023-03-29 17:14:29,False,2.163e-10,6.856e-13,90159331208.0,0.6181,0x4f...3761,https://bscscan.com/tx/0x461b5cc47d50e10ebb4a4e7d38d0d06585767e7ae13ba6e1d6d25b7cb9134ef5
2023-03-29 17:14:08,False,2.163e-10,6.856e-13,2077875000.0,0.0142,0xfc...f9cc,https://bscscan.com/tx/0x99b339d945af5caaa82534d2bede033867d69a64b3de2ef6b5fdc1905cdc49b6
2023-03-29 17:13:17,False,2.163e-10,6.856e-13,38701187693.0,0.2653,0xbc...64a0,https://bscscan.com/tx/0x8ca90cd31009d80e078f4ef99b114089b120d110719eda3a15a147363154ab86
2023-03-29 17:12:56,False,2.163e-10,6.856e-13,12317979339.0,0.0844,0xd9...6dfe,https://bscscan.com/tx/0xfb1924b342cb94f2258db511dab447d044e16c85a8d9a85b0eca907437592fe1
2023-03-29 17:12:33,True,2.163e-10,6.89e-13,29729769572.0,0.2048,0x1c...f048,https://bscscan.com/tx/0x7e54e6d3342d4587ca5d56fd439b93fe19a253e9115abb2f33127eb2f5d6ebff
2023-03-29 17:12:30,True,2.163e-10,6.89e-13,1500000000.0,0.0103,0xa6...55de,https://bscscan.com/tx/0xf9a7feeb9bbd97e58171eef0ae5b1318db1a81ed777a4140736ecff2f42b311d
2023-03-29 17:12:27,True,2.174e-10,6.89e-13,580471609.0,0.004,0xb6...2bc2,https://bscscan.com/tx/0xe3771b542ce5d5241c21201229b3f5fecc9a8b9af6a3d954527d911bd7b389f5
2023-03-29 17:11:36,True,2.174e-10,6.89e-13,2.0,1.378e-12,0x73...7a1c,https://bscscan.com/tx/0x6f7bb003bfe8d37c8d81f02659780b0b4eae7ca9599be7399fc842bb5b0d6de6
2023-03-29 17:10:54,False,2.163e-10,6.856e-13,92445762543.0,0.6338,0x95...2f28,https://bscscan.com/tx/0x3a01030fd467d44b84f0c95cde53f7f2cecf66dcbbdec1bae75360486c1a607d
2023-03-29 17:10:21,True,2.174e-10,6.891e-13,13296175009.0,0.0916,0x4d...e2e8,https://bscscan.com/tx/0xd0a0cda8c2635b161182933c16e4ab0c32ece6d8437f0211816f389ea01ba4c4
2023-03-29 17:03:24,True,2.165e-10,6.891e-13,27669155968.0,0.1906,0x41...c741,https://bscscan.com/tx/0xa9e0df437030071adcf9fc2bafc02f3755ec03424a63ab14b45932d9cf91f798
2023-03-29 17:02:33,False,2.155e-10,6.856e-13,17761899000.0,0.1217,0x0b...a3a8,https://bscscan.com/tx/0x13172e8b81bbd64341af3faedfb8183af78799a463ffa307987920bb39daf684
2023-03-29 16:57:51,False,2.156e-10,6.856e-13,22689383133.0,0.1555,0x88...4f6e,https://bscscan.com/tx/0x9588fa911dd96120babfa517ccd8a3eae0b71b4d44ee0c4bfc81eb279bb683dd
2023-03-29 16:57:33,False,2.167e-10,6.857e-13,360650696179.0,2.4731,0x7e...993a,https://bscscan.com/tx/0x918f49ba504c20fdb72c18e1ba047437b621eda59c5c5a81dec6ed7857db9719
2023-03-29 16:57:33,False,2.167e-10,6.857e-13,28615252744.0,0.1962,0x41...c741,https://bscscan.com/tx/0x5413950b38b0cab319cda75737fb2bc68e08464c461d3edb7bd2d3c38ada75c0
2023-03-29 16:56:30,True,2.167e-10,6.892e-13,32425780982.0,0.2234,0xc6...08e6,https://bscscan.com/tx/0x6df30f10622923bbfe8372389d4bd3dbca931e1ebd8edd1931fea7c7c0d90076
2023-03-29 16:56:03,False,2.167e-10,6.857e-13,3799083052.0,0.026,0x3d...4a7e,https://bscscan.com/tx/0x2e02bc50d09431aefd107887db003d8092dcd902ced3ccb9b85e507b0086a5a1
2023-03-29 16:54:48,False,2.167e-10,6.857e-13,16559041426.0,0.1135,0x93...9409,https://bscscan.com/tx/0x295d5547249189860a1c07303e58f6cefcb2df195cf727c49697449d8c5e48ff
2023-03-29 16:54:06,True,2.165e-10,6.892e-13,129587038598.0,0.8931,0x49...3c0a,https://bscscan.com/tx/0x28664c4cafe5231c16cedd25b378393215ee8ffa1651d25c864a5ac05aa5c1d4
2023-03-29 16:52:21,True,2.164e-10,6.891e-13,9866626434.0,0.068,0xcc...310d,https://bscscan.com/tx/0x9e85edb9f5f030d0a6ee94db4cdb3fda8a33909eb38db2e196d07e6d4f79eba7
2023-03-29 16:52:12,False,2.153e-10,6.857e-13,7392211959.0,0.0506,0x06...a4f7,https://bscscan.com/tx/0x452a57d52c9c68359abf4d22fc0b62d54b9d6729ee64ae82682d4d6083ac4c6d
2023-03-29 16:51:42,True,2.175e-10,6.891e-13,38960229331.0,0.2685,0x48...0e9e,https://bscscan.com/tx/0x0603ecf27a5b32ab10331af27297851cab140b7afcef0886fceaaceaa4f0943d
2023-03-29 16:51:27,True,2.165e-10,6.891e-13,25147744170.0,0.1733,0x30...519b,https://bscscan.com/tx/0x3b6f63053fd5628277ffb953d5317e6b5d30de1596089da29a3b7a792b4ae6be
2023-03-29 16:51:24,False,2.154e-10,6.857e-13,59991743294.0,0.4113,0x24...ae39,https://bscscan.com/tx/0xd94f99501bc6fb99a56ec904d8f3ec1ede0d7081e3782049ea4fe89a97b0eaf1
2023-03-29 16:51:18,True,2.165e-10,6.891e-13,1383820000.0,0.0095,0x1f...fef9,https://bscscan.com/tx/0xe1a2ecbcd05de9ddd64217d7595e215697c2b753639f9bed0666f420cb3f6567
2023-03-29 16:50:42,True,2.166e-10,6.891e-13,1875379606.0,0.0129,0x1d...60f2,https://bscscan.com/tx/0xbb8d13afd03f693b719d9c35fb390c0c5201b747a1b0f256404a50ef1efac3ff
2023-03-29 16:50:36,True,2.166e-10,6.891e-13,4352936803.0,0.03,0xb8...52bf,https://bscscan.com/tx/0x967d837cdd9195aa4fca46899a544d85e968396146be42de1386a7a26da288a8
2023-03-29 16:50:09,True,2.166e-10,6.891e-13,2000000000.0,0.0137,0x02...409c,https://bscscan.com/tx/0x328e5d951b65216d9a8d6503f9b63d8f22f10c14fbcb93c366dc921f3eb2dcc2
2023-03-29 16:49:09,True,2.18e-10,6.891e-13,5803933133.0,0.04,0xd2...38fc,https://bscscan.com/tx/0x0f4d8edc4c6b52433437a796bf1d40efc9f88b84406cd80782510fd34b4bc6cd
2023-03-29 16:48:33,True,2.169e-10,6.891e-13,419474813.0,0.0028,0xdb...6cae,https://bscscan.com/tx/0xe6e862eb0542770c8ce1e226483d0a7c2c40eead56d0db7fb6d222948143ed4f
2023-03-29 16:45:39,True,2.181e-10,6.891e-13,24028439295.0,0.1656,0xab...fe3d,https://bscscan.com/tx/0xa88da93c91f4b29a9574ea1d557f3dcb0171977dd886ffa554aa2ccb6d2038e4
2023-03-29 16:42:36,True,2.17e-10,6.891e-13,35091700000.0,0.2418,0x51...4050,https://bscscan.com/tx/0xaf3bec294f14b5ddab4ca2c3db195cd79f0303239f4daf64d047d60cfcdf269e
2023-03-29 16:41:54,False,2.17e-10,6.857e-13,10015444364.0,0.0686,0x18...f39b,https://bscscan.com/tx/0x4fdd32b201876033677015d360f184fe02076f4f990dac021d5431de2654a997
2023-03-29 16:40:24,False,2.17e-10,6.857e-13,10824371584.0,0.0742,0x60...300c,https://bscscan.com/tx/0x2ae302040e10c1e2a6a1d2f6547e9af18460d89cdb12c8909fa0d8b3e2502999
2023-03-29 16:39:21,True,2.17e-10,6.891e-13,4257920000.0,0.0293,0x1f...4f4f,https://bscscan.com/tx/0x91127c9637256d03d0902046e2c43085380c0e534109b75daf9c5df49e05f08d
2023-03-29 16:37:09,False,2.173e-10,6.857e-13,4622557220.0,0.0317,0x1f...4f4f,https://bscscan.com/tx/0x0bbcbb4b2819808f78874ec9b0a35ba47b5532a0ab5023545d4793339e1f53fc
2023-03-29 16:35:18,False,2.162e-10,6.857e-13,12935801182.0,0.0887,0xbf...a834,https://bscscan.com/tx/0x3bbdf47120bb93aed383520fd5a1204100d85ba759e5e1b305408c5a46d4be61
2023-03-29 16:34:06,False,2.171e-10,6.857e-13,76963403142.0,0.5277,0x1f...4f4f,https://bscscan.com/tx/0x3c1ad1a14e7c99aaa010b22cec2846a7a7497c8102cdf011f3e0f3eaabd42053
2023-03-29 16:33:57,False,2.171e-10,6.857e-13,4154629661.0,0.0284,0x25...9f88,https://bscscan.com/tx/0x76a453065175f878ab1ee159f461eb98fcdffb6cd1c1a1d2e661f53e2bd7a2a6
2023-03-29 16:31:00,True,2.181e-10,6.891e-13,42077954816.0,0.29,0xb7...6752,https://bscscan.com/tx/0x52b37599d677e74d1bcb543dd23de51db9e6203c34d2469473374e38ff01cb8f
2023-03-29 16:30:30,True,2.171e-10,6.891e-13,44980711727.0,0.31,0xb7...6752,https://bscscan.com/tx/0x675e10dc52a855023de33059b299bd44e2a5c3e2e4cb20c3a9f4f53cd4b16813
2023-03-29 16:29:18,True,2.172e-10,6.891e-13,4000000000.0,0.0275,0xb8...2fec,https://bscscan.com/tx/0x0c1ad50f776c31989a9f65469ce9c85dc5b0dece86c46ed6631598c971944230
2023-03-29 16:29:15,True,2.172e-10,6.891e-13,44981644518.0,0.31,0xb7...6752,https://bscscan.com/tx/0x0f651ec134f93557ffe8cd9e611035f2032ec1c0117c406e099525465dffd773
2023-03-29 16:28:39,True,2.185e-10,6.891e-13,11608305283.0,0.08,0xb2...42f5,https://bscscan.com/tx/0x8fafa09aa8ebea43c03c8586ff7027c90ba9f63ac6389c39a5146b0b4f7b7349
2023-03-29 16:28:36,True,2.184e-10,6.891e-13,45548940967.0,0.3139,0xb7...6752,https://bscscan.com/tx/0x256c9d55b3237ea9fe79e590e3bf847e8ac4bfc1dfd60006455bb47fa7e1b349
2023-03-29 16:26:48,True,2.175e-10,6.891e-13,29021572584.0,0.2,0xeb...2e5e,https://bscscan.com/tx/0xc913d4f7f44233c7a689bcd330598a3dc8ebed0537dbf406411cbe6ea723b626
2023-03-29 16:26:33,True,2.186e-10,6.891e-13,23206971245.0,0.1599,0x44...c128,https://bscscan.com/tx/0x644c3cae0086417603606e9244ea1444a6e1fa60d21ff1fe97b3fcd09a49e920
2023-03-29 16:24:51,False,2.175e-10,6.856e-13,9350582566.0,0.0641,0x97...f59d,https://bscscan.com/tx/0xdba2044225a6877d40609fbe418d10a4e32e270c9d5e76dfee1cb74bab19bb45
2023-03-29 16:24:39,False,2.175e-10,6.856e-13,4933160085.0,0.0338,0x43...3bc7,https://bscscan.com/tx/0xc9b895bad074346bfce108df68ff771a905b739cb5a549682dd520e1add7de72
2023-03-29 16:24:36,True,2.186e-10,6.891e-13,218436733.0,0.0015,0x38...81b8,https://bscscan.com/tx/0xd0342a1154d174ac2752b617d05c476738b922292432ebffd5e35f5907a7bcdb
2023-03-29 16:24:09,True,2.186e-10,6.891e-13,7879059273.0,0.0543,0x44...c128,https://bscscan.com/tx/0x2973d90f1d34b76289c2fd69df19b39fe72417ced43858d503a7f9332955fe17
2023-03-29 16:23:33,False,2.164e-10,6.856e-13,3937617001.0,0.027,0x43...cbf7,https://bscscan.com/tx/0xbaef0d1ad5bc9da8675abdaa97603b563231a303d641d78d2342c80969a21f33
2023-03-29 16:23:09,True,2.186e-10,6.891e-13,134570594113.0,0.9273,0x0d...2df3,https://bscscan.com/tx/0xfd9bca5324f54c2190b51560733b6b38f47802e419f10f7b427c8458d0e30be2
2023-03-29 16:22:30,False,2.164e-10,6.856e-13,219136639550.0,1.50259,0xce...5ff0,https://bscscan.com/tx/0x48ac841a890a56869be5a7c3b4c473d514c8a8e9ae7dd256c1ae600bf7cba840
2023-03-29 16:22:12,True,2.186e-10,6.891e-13,3698663225.0,0.0254,0x80...f863,https://bscscan.com/tx/0xa52f1abfbf40326e85de53c78f1af358c8a6369d20ee3e93e5e642dc99b80ecb
2023-03-29 16:20:27,True,2.175e-10,6.891e-13,6890154461.0,0.0474,0x39...0165,https://bscscan.com/tx/0xeb743ab4af9df7bd64ed69edcaad9f65d35df53ed30d4e400cc2d21f2690f8b2
2023-03-29 16:20:09,True,2.175e-10,6.891e-13,2176576736.0,0.015,0x29...99eb,https://bscscan.com/tx/0xbd2897c199d4182ed46e3080c56c792644918fe8940767bff184b74f0250c624
2023-03-29 16:20:06,True,2.175e-10,6.891e-13,19444174587.0,0.134,0xe2...8dfd,https://bscscan.com/tx/0xf420db80412a97c9fd6d9dc5e47f23e2bc22ebf4c671f4905de31c93a6f08fe9
2023-03-29 16:17:09,False,2.162e-10,6.857e-13,22075220121.0,0.1513,0x98...82b0,https://bscscan.com/tx/0x26e33b7110ccf627756f0e3ff9a005f42745bafd7161463d4d8f2342e9fae44c
2023-03-29 16:17:06,True,2.173e-10,6.891e-13,43539693950.0,0.3,0xa3...569c,https://bscscan.com/tx/0xb385bf4a064fcd745be249ba0b9f617eeb10607651c03bc80b9e1c5b8ac7be5a
2023-03-29 16:14:42,True,2.184e-10,6.891e-13,1816667270.0,0.0125,0x33...78a8,https://bscscan.com/tx/0x50ad455dc76ac8ce31f660922e540156f3db37d4d3782ad38a3f6adc685507b6
2023-03-29 16:14:18,True,2.184e-10,6.891e-13,2500000000.0,0.0172,0xf7...c9e0,https://bscscan.com/tx/0x48d42d641408e9cd81e4120871922386209578cb03497ff41e16cd38540d6178
2023-03-29 16:07:30,False,2.178e-10,6.857e-13,4328630136.0,0.0296,0x67...1388,https://bscscan.com/tx/0x0c1790472de2ddd525d836c864ed7ac161abdf47a183ceb0115251800f19bb42
2023-03-29 16:05:48,True,2.19e-10,6.891e-13,195232259.0,0.0013,0x67...1388,https://bscscan.com/tx/0x364f7c859ac17e707577f2c6a9c0ddde8f7ec0f7b4e993b2006dd411241ef651
2023-03-29 16:05:15,False,2.168e-10,6.857e-13,93900437667.0,0.6438,0x97...6a3f,https://bscscan.com/tx/0x903b24f9ee2f864871bca23f6758360ad122c489872e9a0ac0bfd7dfa881d085
2023-03-29 16:05:00,False,2.179e-10,6.857e-13,12517992000.0,0.0858,0x09...9b33,https://bscscan.com/tx/0x983936dfb1f9b114914365b3267d1f08f3b4814de2f1d9502c7253e5521e054d
2023-03-29 16:03:51,True,2.19e-10,6.891e-13,34837032348.0,0.24,0x5f...34a5,https://bscscan.com/tx/0x45f21d8324364d61db114b4e38c452e78d92f9787df6e0e30fbf3a8b061010dd
2023-03-29 16:00:39,True,2.19e-10,6.891e-13,6955913464.0,0.0479,0xef...06f5,https://bscscan.com/tx/0x62796041c5205f8d6786eca617f3e25c46fa87cfbc7e7fce126acf5db3f4c8e1
2023-03-29 16:00:15,False,2.179e-10,6.857e-13,152862372338.0,1.04824,0x43...bd28,https://bscscan.com/tx/0x06da068d0b36255430a5914fe25179b06cefee957e85002880e9d78b0a86f030
2023-03-29 15:58:03,False,2.168e-10,6.857e-13,18000000000.0,0.1234,0x1b...a19d,https://bscscan.com/tx/0x65db9f897a72f2f69ff7382b37bb3fe06a246c894c37409f5b07ef5f4d146aa5
2023-03-29 15:57:30,False,2.164e-10,6.857e-13,32559308476.0,0.2232,0xdc...d3a3,https://bscscan.com/tx/0x157bc2d529b4aee54d17acc62fd93bb2e9864a6fe272037e0fc8f89abdd756e3
2023-03-29 15:56:30,False,2.165e-10,6.858e-13,217619486414.0,1.49246,0x8b...fb2b,https://bscscan.com/tx/0xf2d1e05e400404b876f614436c48837f6ddb52358ba5a8d0897f406deb4c949c
2023-03-29 15:54:55,False,2.175e-10,6.858e-13,144361800001.0,0.9901,0xa8...915b,https://bscscan.com/tx/0x43eaa9fa8154f80c2dc41b19298ccfc4e21902bd922558463be2a504f263115c
2023-03-29 15:54:43,True,2.175e-10,6.892e-13,295970911968.0,2.04008,0x34...255b,https://bscscan.com/tx/0x15e7a86f7fb35f5bd6ce042dbe447d7971ca3fd0cc1b4ef4809e746385304357
2023-03-29 15:54:25,False,2.164e-10,6.858e-13,29795795361.0,0.2043,0xf9...b22e,https://bscscan.com/tx/0xa54c44d980d9e54ca8ae8d139cbe5902baf894aeeac312fef708586e92032b97
2023-03-29 15:54:22,True,2.186e-10,6.892e-13,2031197410.0,0.014,0x12...f748,https://bscscan.com/tx/0x9b41bfc6b5a1ad0935acc36d8bd99f13db1dc478a3899f5d8fe1dc7e84970727
2023-03-29 15:51:27,True,2.174e-10,6.892e-13,2233688409.0,0.0154,0x6c...a340,https://bscscan.com/tx/0xf29eecc5d26e84f56ddeff4bf408b908cd06376d9ede0a114b4e001c38c4356f
2023-03-29 15:51:18,True,2.185e-10,6.892e-13,27566449548.0,0.19,0xba...7ddc,https://bscscan.com/tx/0xcadcf1a821fa5f9d3d378175a8753b8175a7cff22ab2e7720153cb316e37043a
2023-03-29 15:50:48,True,2.175e-10,6.892e-13,5339347331.0,0.0368,0xe0...e89d,https://bscscan.com/tx/0x3e48d30fd278cabf9774fabab62edba001a0306304eb875e819b1ae66fc9c00e
2023-03-29 15:50:18,False,2.164e-10,6.858e-13,131400000000.0,0.9011,0x09...501e,https://bscscan.com/tx/0xa660c6a1a8842be0981403cb8815d2797485122e85d5a1ec8fc9e64a5582532c
2023-03-29 15:46:06,True,2.183e-10,6.892e-13,7200000000.0,0.0496,0x27...d6cb,https://bscscan.com/tx/0xede1f71198408b1430e197331931ceb7602cbff396f7175c16396f887960098f
2023-03-29 15:44:12,True,2.183e-10,6.892e-13,33404000001.0,0.2302,0x83...5060,https://bscscan.com/tx/0xd10265ae3c32dd2567c81ac148fad474458740b98687d97ddbe03d57f4effc3f
2023-03-29 15:43:54,False,2.172e-10,6.858e-13,16200000000.0,0.1111,0x05...22fb,https://bscscan.com/tx/0xebd057bb5d7cc0f7e174a6aaa2d1ada68bd5c7fd0d63590b8230f3128cd6f0d4
2023-03-29 15:43:42,True,2.183e-10,6.892e-13,4536502478.0,0.0312,0x90...157a,https://bscscan.com/tx/0x015c636526251bc0cbb577d20b928fb7fc8486ea4ac89b17cdb5ef8d49261006
2023-03-29 15:42:48,False,2.172e-10,6.858e-13,53188721651.0,0.3647,0xfa...fe2b,https://bscscan.com/tx/0xb8bc3dbe0586ffabe9d3fc957a1085e00ad00f26a53470d3a23e06e8bbfc4c07
2023-03-29 15:42:15,False,2.172e-10,6.858e-13,7758126010.0,0.0532,0xcf...d48d,https://bscscan.com/tx/0x72380732050323a33c717605ff172c69e4d8e2f02d40b8c2a767904b8a249799
2023-03-29 15:41:03,False,2.172e-10,6.858e-13,4529568509.0,0.031,0xfa...fe2b,https://bscscan.com/tx/0xbd5867c48e30c9977069d6227c1a8cc0554b7e5781451ed4095ce8cf11ba4640
2023-03-29 15:40:30,True,2.182e-10,6.892e-13,91472341823.0,0.6304,0x53...caf3,https://bscscan.com/tx/0xa87df7d91c18ec71dda8b03fcc3d61448a6bf6ff94ce57b1e3ec00ae29313c84
2023-03-29 15:38:30,False,2.171e-10,6.858e-13,16693453673.0,0.1144,0x66...3475,https://bscscan.com/tx/0xb64751bd316e1fa846d2e7fbe3ae0aa2cb30b740045687ee123c9674fd0c6f04
2023-03-29 15:38:27,True,2.182e-10,6.892e-13,1128739708.0,0.0077,0x9b...5cbe,https://bscscan.com/tx/0xc3dc0274fd06316083fda3732709ef79a4a9ccb6e950809725c1087f3787d1a2
2023-03-29 15:37:54,False,2.16e-10,6.858e-13,41992290001.0,0.288,0x4e...71fc,https://bscscan.com/tx/0x48463b5773ed760fd50efe1b6558bab65c7a068e25b183291fd4988267a80905
2023-03-29 15:37:21,False,2.16e-10,6.858e-13,4484722996.0,0.0307,0x9a...72f2,https://bscscan.com/tx/0x6a5982dcb236619a69709d92ec7bdb6c208295c1132e0f07a17fea95c4777bdf
2023-03-29 15:34:24,False,2.171e-10,6.858e-13,36569959007.0,0.2508,0x0e...9c63,https://bscscan.com/tx/0xb70c0ced78c35de10e6c86b77e36291f87a211a71459c640b6d8103732f0f7bb
2023-03-29 15:33:12,False,2.173e-10,6.858e-13,12713101033.0,0.0871,0xa0...5825,https://bscscan.com/tx/0xd6796b67d8752af1856859fabc94486a9e7681bd913dbf7ba462c965014e082f
2023-03-29 15:31:36,True,2.172e-10,6.892e-13,45148085858.0,0.3112,0x0e...9c63,https://bscscan.com/tx/0x5778024eb118ac70cc4c597f23eb833f54ca1199aee897cb690f70ce84f1d6fa
2023-03-29 15:29:39,True,2.183e-10,6.892e-13,2315064382.0,0.0159,0x6d...9bce,https://bscscan.com/tx/0x83f3264cb0ccc4b0fb4a308f453ea3b1bcdb2942d6952b10ce3c676a6660b62b
2023-03-29 15:29:03,False,2.162e-10,6.858e-13,3671613000.0,0.0251,0x7f...db02,https://bscscan.com/tx/0x0209154138613b367a89c8acd11964a7681ad1a30e82e18778af8d0d8eec0226
2023-03-29 15:26:27,False,2.173e-10,6.858e-13,111197500807.0,0.7626,0x1e...4338,https://bscscan.com/tx/0x00fa12f555b7b639b65c07d8ac8ba00fa64305fa0b3d06f60bc6db83973c8b72
2023-03-29 15:25:54,False,2.174e-10,6.858e-13,6630023944.0,0.0454,0x32...c29c,https://bscscan.com/tx/0x268bb96d51aef4b6210bb619043803c24848217d99f8b58aed8b6491a618f087
2023-03-29 15:21:45,True,2.183e-10,6.893e-13,91589241544.0,0.6313,0xfb...0653,https://bscscan.com/tx/0x4e0d0a87d8555a85a8f92634d1b710691eefff1f8615b46a38c098322272bf39
2023-03-29 15:20:21,False,2.172e-10,6.858e-13,3644930271.0,0.025,0x82...204e,https://bscscan.com/tx/0xc55c18b2ae2eb6f2578651e97d64a6c5811c7c1eb0c6f6b20b89122fa81cd1d9
2023-03-29 15:17:45,True,2.185e-10,6.892e-13,7253868068.0,0.05,0xf4...eda9,https://bscscan.com/tx/0x38f44435ee6b92938083858602c44f1533bee01f2a89c969adb3968e069a5fc5
2023-03-29 15:17:18,False,2.163e-10,6.859e-13,822705879013.0,5.64346,0xde...af0d,https://bscscan.com/tx/0x815a0637de0d783701b4de9a14e876c61d63a7e5b1c27640d622a110c0980f5c
2023-03-29 15:17:00,True,2.185e-10,6.895e-13,2998870000.0,0.0206,0xf7...df0d,https://bscscan.com/tx/0x27dc5cdc0aa0b7379f15da5bfafa99073a4bfbd36bcb3e01ede51184590460f1
2023-03-29 15:16:45,False,2.176e-10,6.86e-13,2446612620.0,0.0167,0xdc...7c03,https://bscscan.com/tx/0xa2a64508cf3ae8bb07e7ef50d5a3c806643b1729d204f215cc669a04af5eaa21
2023-03-29 15:16:42,True,2.186e-10,6.895e-13,15963957480.0,0.11,0x33...64fa,https://bscscan.com/tx/0x2c06104924afcd0eda9cdae56878a5e18da60928ddfccca07c1c165eaf51be0d
2023-03-29 15:16:03,True,2.185e-10,6.895e-13,8701707632.0,0.06,0x4f...e5fa,https://bscscan.com/tx/0xc949114f16c4e29bc44cd07cb2b6c85eab76f4b4f89a290121e024645c496290
2023-03-29 15:15:39,True,2.185e-10,6.895e-13,100660478889.0,0.694,0x93...8b2d,https://bscscan.com/tx/0x2b44ece9507efc01b694ed15ee020929294bfa943719e338b8272f87fed287fd
2023-03-29 15:12:20,False,2.163e-10,6.86e-13,17862837102.0,0.1225,0x32...c534,https://bscscan.com/tx/0xd1669a7c3c44f685b2800f88694bacce11ad12f8791d0c4f2a8fb689eaf39e1d
2023-03-29 15:11:34,True,2.185e-10,6.894e-13,49194833998.0,0.3391,0x78...48f3,https://bscscan.com/tx/0xd53fbdbdbfb8cacd0c50712a676c17bb5e74cf395da8f144a4122a984530e8c0
2023-03-29 15:10:16,False,2.163e-10,6.86e-13,168037749957.0,1.15284,0xd4...1f5e,https://bscscan.com/tx/0x4bf3cd1be21d95dca08b4bd54aaf68354f0791f1e379070eedd04ce231d2dbb7
2023-03-29 15:09:16,True,2.185e-10,6.895e-13,1015186014.0,0.007,0xd9...80d0,https://bscscan.com/tx/0x61137e3b7063cce08b1e945b79daa79749a51b4b4f5f2bfcc75532d8dbd6ca51
2023-03-29 15:08:31,False,2.163e-10,6.86e-13,80134043723.0,0.5498,0x06...412b,https://bscscan.com/tx/0x7b34aa5b8df595f8111d0e5f5dc84d8b44d3e7737cd070f2bd4376acc09f59e0
2023-03-29 15:01:46,True,2.185e-10,6.895e-13,1450217399.0,0.01,0xbe...d440,https://bscscan.com/tx/0x1c0f8b8b3738091c8c431bdf68adda9ba31ca8c751723b6bbf0494061e4e2b70
2023-03-29 14:57:40,True,2.184e-10,6.895e-13,117470570890.0,0.81,0x6c...abac,https://bscscan.com/tx/0xf89d0f3decbc70cfc5d1acecf2c4f1409be3c1a827fbe46a54edfcdc46986bcb
2023-03-29 14:56:58,False,2.172e-10,6.86e-13,27090000064.0,0.1858,0xe6...197d,https://bscscan.com/tx/0x0b9ed6b16828d05c32ae0e3bc3b50fbe80590bd2f5c065d10327d0c6cf804e39
2023-03-29 14:56:19,False,2.172e-10,6.86e-13,69527381059.0,0.477,0x6e...b91a,https://bscscan.com/tx/0x12b2e75e0e9acbae8f839139c75f27842aaae157cc6b776e4baa7d409dc9c4b2
2023-03-29 14:55:43,True,2.173e-10,6.895e-13,5866666666.0,0.0404,0xf7...df0d,https://bscscan.com/tx/0x4528ce29514f3c111e30f084f8f07b1a47135794a3eeb4e930d24d18ba0e9104
2023-03-29 14:54:58,True,2.184e-10,6.895e-13,4930802123.0,0.034,0xbf...d46b,https://bscscan.com/tx/0x77e0d547d3509e16fbd7b80e7a32e7074355bb9e93771fce13e6916de8508823
2023-03-29 14:53:40,False,2.172e-10,6.861e-13,11849860121.0,0.0813,0xea...e943,https://bscscan.com/tx/0xae1cefd412a20f670a3a590586770fa173385ea16f254f137fa4d8da147bd7c9
2023-03-29 14:52:25,True,2.183e-10,6.895e-13,2521143230.0,0.0173,0x01...deb8,https://bscscan.com/tx/0xdb5939e176e878c582eba6036a6b3793e140b8f6e70192a253c9cb72a274da9f
2023-03-29 14:52:19,False,2.172e-10,6.861e-13,12652271570.0,0.0868,0x6b...f437,https://bscscan.com/tx/0xcef0b577ef4c64e87df5120b76a5d6c9172cb2b7e91f545882f09981a05910ed
2023-03-29 14:51:28,True,2.172e-10,6.895e-13,46702808004.0,0.322,0x3a...5a06,https://bscscan.com/tx/0x42bda3111d1c98229fbe0d5a97696b1952b7152b4b1aa6f86ebd50a0cf946ad4
2023-03-29 14:48:19,False,2.173e-10,6.86e-13,8910614273.0,0.0611,0xe9...0b51,https://bscscan.com/tx/0x3e042582e466dc7c3c0b40cfcca93731e7f684ba0b9699a84ce170da45f73460
2023-03-29 14:47:58,False,2.163e-10,6.861e-13,93977100000.0,0.6447,0xc9...f09a,https://bscscan.com/tx/0x8f11be8ee645996359f77e3f533e20b3d70a76b6c0fdd004fe962d862e5fd77c
2023-03-29 14:45:49,True,2.173e-10,6.895e-13,22163046123.0,0.1528,0xed...cfa3,https://bscscan.com/tx/0xc174b49f820070cc22831c499aff7089170797d7c59fb44c40332f31989a5685
2023-03-29 14:44:07,True,2.184e-10,6.895e-13,10586384087.0,0.073,0x87...3e62,https://bscscan.com/tx/0x3b696fc5e1ac71a56b8ca36e0be2598b7323ddc8bacc329426db948f188757d4
2023-03-29 14:43:01,True,2.184e-10,6.894e-13,725216354191.0,5.0,0x4a...6d8a,https://bscscan.com/tx/0x93743d7b5cd31a76beb8b1c01cbef6e15630039e60ef0ef7bc5f8ae234c9ad7c
2023-03-29 14:42:07,False,2.162e-10,6.859e-13,90000004500.0,0.6173,0x9d...a28e,https://bscscan.com/tx/0xb25ed52c7823a3ee8435fa4dd5cb62c9c05a40e2b98959cd32e81eec114a5da1
2023-03-29 14:42:01,True,2.173e-10,6.893e-13,42067775619.0,0.29,0xaa...7ee6,https://bscscan.com/tx/0x6e6dd253f33ed6b74545fa5da6a9441442e7998ba06e5f1dc7bcb057e86bf894
2023-03-29 14:40:37,True,2.189e-10,6.893e-13,2300000000.0,0.0158,0x5d...6c98,https://bscscan.com/tx/0x1573a0c5f4643f94b0f46395950d58ec02acff46b7bd7cfab97d9e2c37474fed
2023-03-29 14:34:07,True,2.188e-10,6.893e-13,8699744510.0,0.0599,0x14...c64a,https://bscscan.com/tx/0x76c2631a2e6e49cbfd84640b9e867b0d069e03e0678d8f1338ac2c5ce0937e26
2023-03-29 14:34:01,True,2.188e-10,6.893e-13,32792197490.0,0.226,0x79...f99b,https://bscscan.com/tx/0xbb684a0da8b427324cfbc3ee8cdef9b412bf006113adc0724d76c38c9c6c0df9
2023-03-29 14:32:13,False,2.177e-10,6.859e-13,21864015001.0,0.1499,0xde...dcbc,https://bscscan.com/tx/0xc5c39b4a84e6d549278121dbe6085c7009067056b22b0509e4310bea99504ce9
2023-03-29 14:30:07,True,2.188e-10,6.893e-13,674284.0,4.648e-07,0x8a...babd,https://bscscan.com/tx/0xef78eee81c9eed2793bc01c36f2ee767cd0ddd7d8ebca7dbbc31600af54a01a2
2023-03-29 14:26:25,True,2.177e-10,6.893e-13,6773339.0,4.669e-06,0x8a...babd,https://bscscan.com/tx/0x3a8934b23c08e6713835129244d481a1492bc662e21e6ee9b8d108a3b7515d67
2023-03-29 14:26:13,False,2.177e-10,6.859e-13,6744818237.0,0.0462,0x63...0c2a,https://bscscan.com/tx/0x690bd6a273870a040884efd980f1b491335b82270873c9aeaa5426c39928a638
2023-03-29 14:25:27,True,2.187e-10,6.893e-13,38177575356.0,0.2631,0x7b...43e8,https://bscscan.com/tx/0x71e89fc57f7c0737bdcfb42de1084538d8938af61ebae110d99a63022fa6cbbc
2023-03-29 14:24:30,True,2.187e-10,6.893e-13,742528.0,5.118e-07,0x8a...babd,https://bscscan.com/tx/0xa34abfe415f487f163e12162188ae93e142764cc56eddca89f554911a3cfc3cc
2023-03-29 14:23:34,True,2.187e-10,6.893e-13,2321055032.0,0.016,0x63...db55,https://bscscan.com/tx/0x3d3ab13a99a37e8bf58ac07d72eb6f13354e08a7ec57e45b6269a7d6f7894d41
2023-03-29 14:23:31,False,2.177e-10,6.859e-13,458100000001.0,3.14241,0x0a...503a,https://bscscan.com/tx/0xfadcd6ccdbd6ab5a23975d7f6bde46ef9686b8f3bee29a720cece1593553eb6f
2023-03-29 14:22:56,False,2.177e-10,6.86e-13,9734394229.0,0.0667,0x5f...0fcc,https://bscscan.com/tx/0x778825fc5a715dbabc0922eee9025f56837e6bda111930279af30d8b0996484e
2023-03-29 14:21:33,True,2.18e-10,6.894e-13,5224542731.0,0.036,0x47...be98,https://bscscan.com/tx/0xd67219b5bc4174ba4626732a3723babf0987d1570bd48606ad358f87a25de22a
2023-03-29 14:16:36,False,2.17e-10,6.86e-13,13819976644.0,0.0948,0x7a...9fd8,https://bscscan.com/tx/0xa7d84a77d154acb470d8f8b82fc2c474dc53d6845073805d80e283c1235b293a
2023-03-29 14:15:23,False,2.17e-10,6.86e-13,24970760315.0,0.1713,0xaa...7ee6,https://bscscan.com/tx/0xb3dd0cbac0cf543d6467858561043f2b7173596bf3a7a3ef6afdcea5e710715a
2023-03-29 14:13:50,False,2.181e-10,6.86e-13,43543598711.0,0.2987,0x42...657a,https://bscscan.com/tx/0x4fad558f2f92916a5d9d271a24b599d553defe61fdb0396834ac8e198f51c886
2023-03-29 14:11:23,False,2.183e-10,6.86e-13,27003020986.0,0.1852,0x9d...9654,https://bscscan.com/tx/0xea88e3078761591edb553767202cf751f5bff1aa018082b2aa0a3d38886b1c38
2023-03-29 14:11:05,True,2.193e-10,6.895e-13,4640995601.0,0.032,0x7e...86f2,https://bscscan.com/tx/0x4978dacd6f1d178c16d0fb34dc209517533874dccdc02f47b41ef19cdf924622
2023-03-29 14:10:41,True,2.182e-10,6.895e-13,7669556102.0,0.0528,0x6e...a58c,https://bscscan.com/tx/0x7ef076b6176891e2f5a1eea6fd81500d365f4dc4041c912a3acaf6e23969fdaf
2023-03-29 14:09:56,False,2.183e-10,6.86e-13,9000000000.0,0.0617,0xaa...7ee6,https://bscscan.com/tx/0xb340b795490b60a0f58b63ebc190bad224068d36de709ff40b324fbba7d95f19
2023-03-29 14:07:56,True,2.184e-10,6.895e-13,1000000000.0,0.0069,0xd5...6bd1,https://bscscan.com/tx/0x1a1cde55e0ffc401aaea1bd04875cf75b0d795b6ac570243cf6151f302b6f638
2023-03-29 14:06:02,False,2.184e-10,6.86e-13,12186715494.0,0.0836,0x5e...36ad,https://bscscan.com/tx/0xbf222ceaee8c1998b83f2f356fa75e773482754090425a246169bee1c313bf90
2023-03-29 14:05:56,False,2.173e-10,6.86e-13,10229263589.0,0.0701,0xec...c72b,https://bscscan.com/tx/0x6ca13c49ec27a64be2f67fdaeb991eff9f574da2c4e3e9e6ef4ec45fa945dbfd
2023-03-29 14:05:38,False,2.184e-10,6.86e-13,4905054662.0,0.0336,0xc6...b73d,https://bscscan.com/tx/0x487fd6608e7e5c18bc17ea6bf8bb65f1dbf4635bb9b545dee109296ce90a4be1
2023-03-29 14:04:35,False,2.184e-10,6.86e-13,4828879614.0,0.0331,0xb1...7d11,https://bscscan.com/tx/0xb1bb6fb5a70b8808861d019e7cc9e69886adc1e9d49246b97371699a6ae9f829
2023-03-29 14:04:01,False,2.174e-10,6.86e-13,7696997713.0,0.0528,0x23...21b7,https://bscscan.com/tx/0xa4dbcdebaf7064e8a2140da4ce052f31b42619d1546147dde18200313cfd7600
2023-03-29 13:59:05,True,2.195e-10,6.895e-13,4350867857.0,0.03,0xb5...8e26,https://bscscan.com/tx/0x98f41d81eb60ee191cb0f6072d2996fb09771f43da2c19320389ac965ca45b35
2023-03-29 13:58:38,False,2.174e-10,6.86e-13,1291782280.0,0.0088,0x26...dcee,https://bscscan.com/tx/0x7a2e9652548ab757d71c1fe8b06fc06e27732a31ad63775416126b2df6562ee9
2023-03-29 13:57:29,True,2.184e-10,6.895e-13,2291459043.0,0.0158,0x18...97d0,https://bscscan.com/tx/0x769b436f62234ce8282818ed33191a80f2fd24f8f17dcce1edef040750b05f0f
2023-03-29 13:53:50,True,2.185e-10,6.895e-13,1000000000.0,0.0069,0xec...f69d,https://bscscan.com/tx/0x3cda41a686befb998f3cdba9b7ee54f5ef01bc6af179d23daafc037bb5b4e86d
2023-03-29 13:52:26,True,2.185e-10,6.895e-13,40000000001.0,0.2758,0x32...0000,https://bscscan.com/tx/0x8372857db6aea2e1870e25a86b42211eacb2e562309cc58ff58fc90f3bcacc68
2023-03-29 13:51:14,True,2.185e-10,6.895e-13,2120560000.0,0.0146,0x38...35cc,https://bscscan.com/tx/0x94a58ed2c3e76ba400d57d9af032ba356882e9ccd83fd6a45fa3ac650523bcf5
2023-03-29 13:50:56,True,2.196e-10,6.895e-13,8133540827.0,0.056,0x0e...30fb,https://bscscan.com/tx/0xeecf40a37379a256d9f36c043ee4a2e046a5019338f9827dd59669a1ec9951c3
2023-03-29 13:50:44,False,2.185e-10,6.86e-13,46800000000.0,0.321,0x20...feff,https://bscscan.com/tx/0xb32fb42fa3379138dd1638bdb744a1950b8e2a209df4c80e68f52cd47bfd567d
2023-03-29 13:49:47,True,2.196e-10,6.894e-13,520016000001.0,3.58519,0x32...0000,https://bscscan.com/tx/0x582da8e16dace1671bc59831c7b8e61daa25a4b898d785c3cf80f4f66c333be7
2023-03-29 13:46:41,False,2.174e-10,6.859e-13,21457682940.0,0.1471,0x23...a0b7,https://bscscan.com/tx/0xd97c82a28a8a2e8a20e7d772608177e12f67d66c7b69aa7c0d3d036bbba27d2d
2023-03-29 13:45:44,True,2.196e-10,6.893e-13,229078472122.0,1.57912,0x8f...e4a5,https://bscscan.com/tx/0x5bdbff2b8c9a744bd8028c329c64db511cdf0aec446439f693c6182056c75344
2023-03-29 13:45:38,True,2.185e-10,6.892e-13,25072640067.0,0.1728,0xc7...1213,https://bscscan.com/tx/0x9b59fb075a46e2e4fe166f3948850f29a67e1aef61b1b7756832c5df5cc8d332
2023-03-29 13:41:59,True,2.195e-10,6.892e-13,15852448177.0,0.1092,0x78...48f3,https://bscscan.com/tx/0x48aea95e8ac6178c5804f602c2879766bd151251e84c340c81c368c317924bc7
2023-03-29 13:41:05,False,2.173e-10,6.858e-13,14831987970.0,0.1017,0x44...0a76,https://bscscan.com/tx/0x1a62dd0af73b19df48ddd524513ce02b9ef25cd420c08c7cae800459d728dd19
2023-03-29 13:39:44,False,2.183e-10,6.858e-13,10497780000.0,0.072,0x74...2f0a,https://bscscan.com/tx/0xe217ad8ae9e6b377c9892f8a61ecd73f16adbeaa8ccfec149bb64e0d4c4b8a19
2023-03-29 13:37:50,True,2.194e-10,6.892e-13,487118999.0,0.0033,0xa6...2646,https://bscscan.com/tx/0x839874971f954c00a41152ece42539b559bfb4aebf20f79100792dcfc9295a6e
2023-03-29 13:37:20,False,2.183e-10,6.858e-13,3797256424.0,0.026,0xda...b595,https://bscscan.com/tx/0x3e5ccd45463040f0e652028c7b3b011eb88472e8745e8ef725f743692860a78c
2023-03-29 13:34:38,True,2.194e-10,6.892e-13,1595823993.0,0.011,0xcd...f9f4,https://bscscan.com/tx/0x88b017ddabc99c8ac2bdd1e97d44f4cf68a9bc73bc2a3055e58f9fc0d3821cd2
2023-03-29 13:31:59,False,2.182e-10,6.858e-13,4504500000.0,0.0308,0x48...3e17,https://bscscan.com/tx/0xd06aca138aa1a62f1fa2587eb18e885d77eb0276938857fe737e54391844c5bb
2023-03-29 13:31:05,True,2.182e-10,6.892e-13,3485443609.0,0.024,0xa9...9bcc,https://bscscan.com/tx/0x5b510e87071c6907a71ac2d195dec973aa1aca3f5246660f4fcc24d701f91ba5
2023-03-29 13:30:26,False,2.182e-10,6.858e-13,1248083648.0,0.0085,0x20...3bc2,https://bscscan.com/tx/0xb60fb5d5c3b248b6f278241680124e27182471a84b39338143200e3f656ed2c4
2023-03-29 13:28:50,True,2.193e-10,6.892e-13,12262701333.0,0.0845,0xa9...9bcc,https://bscscan.com/tx/0x8010e79825aa1cd2149dd781e842231ecc3e485d19417513adee9a8636844d5a
2023-03-29 13:28:35,False,2.171e-10,6.858e-13,5983052480.0,0.041,0xee...4008,https://bscscan.com/tx/0x7869ba1a8841455e79c05a5d75e8dba10ec1069ce1f5a38b5e0acf4f86148494
2023-03-29 13:26:50,False,2.181e-10,6.858e-13,8217909370.0,0.0563,0x79...7cd0,https://bscscan.com/tx/0x508bbe5331a408d3d8e04c903f05c7e9ec7525f6e8371a2f982c53cd34d07185
2023-03-29 13:26:29,False,2.17e-10,6.858e-13,17402227040.0,0.1193,0xa9...9bcc,https://bscscan.com/tx/0x8b4bb22d691fc1d9de3a69e2aa47b21c3162eac1e6064aa13ea44efbcd73a839
2023-03-29 13:23:26,False,2.18e-10,6.858e-13,14397605235.0,0.0987,0xbe...a884,https://bscscan.com/tx/0x9ce7e3318cd2bce43cf591c9d8994e77a70cc51b2ffd1ef57c3fdd4cdb8f4ee9
2023-03-29 13:19:05,False,2.17e-10,6.858e-13,3637579033.0,0.0249,0xfe...7193,https://bscscan.com/tx/0x649dfa3443092b91ad11f48a77eae2bd164740d89fa53f84e0fdbbcb5d55ed01
2023-03-29 13:18:38,True,2.181e-10,6.893e-13,3008564399.0,0.0207,0x05...4bb1,https://bscscan.com/tx/0x3a9be94f150f8300dde14e80c1dfb6ae66692fa5c415148f193d48a4b68fbb77
2023-03-29 13:15:47,False,2.17e-10,6.858e-13,19722707785.0,0.1352,0xf9...f485,https://bscscan.com/tx/0x80374913b02335bbf3ec9bce2583e62d43616584dcc5678aa583e053be900bc8
2023-03-29 13:15:14,True,2.192e-10,6.893e-13,1540710001.0,0.0106,0x0e...e77b,https://bscscan.com/tx/0xc294da48f2905b9919a28850020d09b82c914627cdad5a4873605c14f2a41887
2023-03-29 13:12:41,False,2.17e-10,6.859e-13,194182834784.0,1.3319,0x99...f014,https://bscscan.com/tx/0x718881e76f78f1933bea0945e14617e256559579bae8d5e69eba02428bc853fa
2023-03-29 13:12:29,True,2.192e-10,6.893e-13,3626495388.0,0.025,0x00...dda3,https://bscscan.com/tx/0x446d43183eeff838c8d77a61d42a4a6b6bdb94bf5f7cbbd11b0d94b78834f95f
2023-03-29 13:10:32,True,2.181e-10,6.893e-13,8558551205.0,0.059,0xc1...a4ff,https://bscscan.com/tx/0x6a010f60a06bc2c49fb2e55eb7b9dd94a78a6a92ca155936e30458b27e6f49d5
2023-03-29 13:10:14,True,2.181e-10,6.893e-13,631076035.0,0.0043,0x70...a037,https://bscscan.com/tx/0x5bdc43bd8720fbb6f5e440bffa899dd8e36508bfb4398416e45801fc2197389e
2023-03-29 13:10:08,False,2.17e-10,6.859e-13,10800000000.0,0.074,0x63...223f,https://bscscan.com/tx/0x312d0049f1911ce79d7cf44b806070e60e86aa954f0fee21ae8d7cc14e49807d
2023-03-29 13:07:14,True,2.184e-10,6.893e-13,13036320775.0,0.0898,0x50...050c,https://bscscan.com/tx/0x1671739f5981fdfd65ce040df6ceb639d062e7b0f814a9f791dc420c96e9b36c
2023-03-29 13:05:47,False,2.184e-10,6.859e-13,7283846694.0,0.0499,0x09...83e6,https://bscscan.com/tx/0x94b883b984996aec633d61f34a116dcb8094762f1149e7dcb912527e2653f8b1
2023-03-29 13:01:54,False,2.174e-10,6.859e-13,6917206000.0,0.0474,0x0b...1328,https://bscscan.com/tx/0xf0e4fd2df8c16fcf0a298f4e3d4e037c6e6b5f57e8e6dad26b1a91b97140597a
2023-03-29 13:01:07,True,2.196e-10,6.893e-13,79203209.0,5.46e-05,0x95...8aa6,https://bscscan.com/tx/0xdeab671c80e5bcddf50b3e35135186e1d2e23af18bbb05ca88dc521e73955a49
2023-03-29 12:59:18,True,2.196e-10,6.893e-13,251547009.0,0.0017,0x95...8aa6,https://bscscan.com/tx/0x1b7f562a6e86d4363703d22090fa5373e2e21e750a49ab162706a9f3740b089a
2023-03-29 12:59:06,False,2.185e-10,6.859e-13,10189497738.0,0.0698,0x51...ad30,https://bscscan.com/tx/0x00809500ba46163b25023d1b3b3074eb2f769de42a88663a2b325289db24b953
2023-03-29 12:58:45,True,2.196e-10,6.893e-13,251552009.0,0.0017,0x95...8aa6,https://bscscan.com/tx/0x6462ff8705376f714ffbf905715f4ac70cf5048d3b67775b8c68886fc85fb62f
2023-03-29 12:58:27,True,2.196e-10,6.893e-13,45000000000.0,0.3102,0xc3...67c0,https://bscscan.com/tx/0xd23d7d2107bc604dd88bfab62f6c87e901439ce6af95ff99a7ec7e4e23d7c827
2023-03-29 12:58:06,True,2.196e-10,6.893e-13,40617691702.0,0.28,0x7a...9b9b,https://bscscan.com/tx/0x2b0a1df10f4dc8ef599467df4d376bfe827f5e8786ceefc6cb97acf0a5b927bd
2023-03-29 12:58:03,True,2.196e-10,6.893e-13,347306009.0,0.0023,0x95...8aa6,https://bscscan.com/tx/0xce43f0f5b6a8b64d9febb099220cec3fa70de74ecc6dd8fc448029fef6f65000
2023-03-29 12:57:15,True,2.185e-10,6.893e-13,453688009.0,0.0031,0x95...8aa6,https://bscscan.com/tx/0x4f3ace20cef47ae155add3c53038846bf5d5ca774ef023a99b8e81bd8c4b72e7
2023-03-29 12:56:54,False,2.185e-10,6.859e-13,33124412010.0,0.2272,0xfa...eb2b,https://bscscan.com/tx/0x1cf77a1cd3b1fa0128b98a74b60ce7251f3eedef38328f2703cf0463c0b7057b
2023-03-29 12:56:36,True,2.196e-10,6.893e-13,6000000000.0,0.0413,0xaa...4d7f,https://bscscan.com/tx/0x03cff063acf5828266850de12164997cc58525267a5886a938404e174347d112
2023-03-29 12:56:24,True,2.196e-10,6.893e-13,435189001.0,0.003,0xcb...08c2,https://bscscan.com/tx/0x65077669309b440dd4f9e918b34aaa4ea8ca1067c9f2836c1f603a13c0a34de6
2023-03-29 12:55:12,True,2.196e-10,6.893e-13,7108090138.0,0.049,0xc2...23e8,https://bscscan.com/tx/0x5aff8de4490b9a468bdd91047d1fa73eeb408bd588fa6bbba2cabbbac3ba2394
2023-03-29 12:52:57,True,2.195e-10,6.893e-13,26555570166.0,0.183,0xb9...7bf5,https://bscscan.com/tx/0xa5bc80076f0a481b99480e7d7d8f80d4efd9033e6b36a1f4b11600f4d1fc3964
2023-03-29 12:51:06,False,2.184e-10,6.859e-13,3340900529.0,0.0229,0xa4...89e2,https://bscscan.com/tx/0x325c0783da56f617d4e671d484976310e6a68f68a1cf33ed5d322f080dc2c46e
2023-03-29 12:50:21,True,2.194e-10,6.893e-13,1885841965.0,0.013,0x18...97d0,https://bscscan.com/tx/0xd7662c5a192cbbed3fb59c3aaa439c07cba1b9e05adfb8f48b5a13db24aeeff0
2023-03-29 12:50:15,True,2.194e-10,6.893e-13,13135200000.0,0.0905,0xbe...e8c5,https://bscscan.com/tx/0x2c6b477b5c200d14dd7a582d5a4e30d12c8036212fe04f821c9865a1e6ae472c
2023-03-29 12:49:54,True,2.194e-10,6.893e-13,1885853959.0,0.013,0x8c...5f75,https://bscscan.com/tx/0xc35a99d9cba6a54b68d26f038119e513d3827612f84c2b5750e7349b6c2f5097
2023-03-29 12:47:42,True,2.183e-10,6.893e-13,4061844414.0,0.028,0x48...73ef,https://bscscan.com/tx/0xece900ea50891ab650400e8ebbb1bcf2f864d9db90167a4e44730436161352c1
2023-03-29 12:47:39,False,2.172e-10,6.859e-13,14263395706.0,0.0978,0xcb...1e8d,https://bscscan.com/tx/0x007cfd299b4cbbfed908b87295de9c397a298f1630b31df3c2f65383535cd08c
2023-03-29 12:45:24,False,2.183e-10,6.859e-13,6223180569.0,0.0426,0xf4...eb51,https://bscscan.com/tx/0xfdfc72e3971256dd5c94bc9e0935047dfa8d880d2cb51e053019b11fa64bdadb
2023-03-29 12:44:00,True,2.194e-10,6.893e-13,1160518216.0,0.008,0xc5...a6e8,https://bscscan.com/tx/0x0437d3986085a033b10b938037f33c00ee748fbc4bda39d1e6d78e5e4e95c1c3
2023-03-29 12:43:42,True,2.194e-10,6.893e-13,7582512302.0,0.0522,0xbd...362a,https://bscscan.com/tx/0x063f75c0d3068fe12609dd1ec1c7fa23a49d5c1f5a28b4da5fb5d3c5264b8aa1
2023-03-29 12:42:36,True,2.183e-10,6.893e-13,5431127112.0,0.0374,0xd1...e91a,https://bscscan.com/tx/0xa86dc7878c29d8b9040b88db02680d27bc58f0c1fcc15773ae3e54a49ad5e504
2023-03-29 12:41:57,True,2.194e-10,6.893e-13,30342890278.0,0.2091,0xbd...362a,https://bscscan.com/tx/0x5eab29f786dad71750dcc6b3ba4081cf44486f73a647f8962a29e1700363f8fa
2023-03-29 12:40:45,True,2.194e-10,6.893e-13,2901351299.0,0.02,0x54...7226,https://bscscan.com/tx/0xce60834778c102b36346da69535bf2ea307deea88da1d89d0c465400b2b84171
2023-03-29 12:40:39,True,2.194e-10,6.893e-13,50729352882.0,0.3496,0x4e...d1b0,https://bscscan.com/tx/0x7bfd7c69f667c1de616681e05bf595d314b84ff11a017fb83a44770b7ec00d6e
2023-03-29 12:40:03,True,2.194e-10,6.893e-13,45612809266.0,0.3144,0x4c...41d0,https://bscscan.com/tx/0x7c220317d41fecfa8553267f794b1b492cb736914c7cc1e388f9db61e6b44b90
2023-03-29 12:38:54,True,2.194e-10,6.893e-13,1000000000.0,0.0068,0x37...dc15,https://bscscan.com/tx/0x0f791aced4d970f99b6146a1ed8d76f908a16947c8deba1469852ce45ef0fc58
2023-03-29 12:37:54,True,2.194e-10,6.893e-13,26440595445.0,0.1822,0x4d...163f,https://bscscan.com/tx/0x1488038a03f2a1ce0503495a4efc38981d364128345f38937a14213124ed67c8
2023-03-29 12:37:51,True,2.194e-10,6.892e-13,409730305310.0,2.82402,0xff...19fd,https://bscscan.com/tx/0xd391e3d8cf1ea5490fb6d204e73f9d4969106c33740aecd6924373c421b04986
2023-03-29 12:30:01,True,2.183e-10,6.891e-13,63528097795.0,0.4378,0x55...9d04,https://bscscan.com/tx/0xb4ea2d8f27388efe17662b794ea13b2afc7ee212e7e6f56f7f5a8778ba24b7a0
2023-03-29 12:28:02,False,2.173e-10,6.857e-13,6448382669.0,0.0442,0xdb...acaf,https://bscscan.com/tx/0x9900e0064637160d4d55a401a7ba7738c4d369d8a632f677ec1ceace4bad58c2
2023-03-29 12:27:50,False,2.184e-10,6.857e-13,6329868210.0,0.0434,0x9d...5f81,https://bscscan.com/tx/0xa1a05b780aa59943872b3f0c853ba53e5990c2bc67212a6c3312ebffd6d2af28
2023-03-29 12:27:29,False,2.173e-10,6.857e-13,1043422532.0,0.0071,0x4c...1b38,https://bscscan.com/tx/0x4d4ff3c684974782b2abc5872e3eadad00813f8b2b79e61d832ab3c2b276c8fd
2023-03-29 12:25:44,True,2.196e-10,6.891e-13,29431494627.0,0.2028,0xf7...6755,https://bscscan.com/tx/0x81a9572303db569b250804edbc15ac2eff1ec2a9554f01f524882e31ba006a52
2023-03-29 12:22:11,False,2.185e-10,6.857e-13,155545244276.0,1.06663,0x73...935b,https://bscscan.com/tx/0xc6dd17b0f111b93bc227d960dc3cf03dddaf45d4b83c1321543b8342e39dac29
2023-03-29 12:21:50,False,2.185e-10,6.857e-13,8402846958.0,0.0576,0xfe...49a7,https://bscscan.com/tx/0x745ee6d3291653de93dcf25b7d9f6ae1f7a9678ce551bfcb61374f55facbadf2
2023-03-29 12:20:38,False,2.185e-10,6.857e-13,44345128462.0,0.3041,0xbd...362a,https://bscscan.com/tx/0x97c8c9467eaf0594fa3a8b829cf4de8656ae1e56d776674a196f572dfaf96432
2023-03-29 12:17:53,False,2.185e-10,6.857e-13,51300000000.0,0.3518,0x36...5b0c,https://bscscan.com/tx/0x3729cf47418a0ba5a3ed76f8113bcded43e08f624ff70f46d8cd3dfc32a6ea74
2023-03-29 12:16:44,True,2.195e-10,6.892e-13,7020092065.0,0.0483,0x5e...4949,https://bscscan.com/tx/0xff037af34096d0aa882d3c97f3dab4909344708aefa1a4e9b93f4ffc006b9411
2023-03-29 12:15:35,True,2.195e-10,6.892e-13,2222740000.0,0.0153,0x0c...2b6f,https://bscscan.com/tx/0x866ed2aee4b468cd6d11ed888f85916f6ef89e2da8d1a7de3c1f34b6a24dc235
2023-03-29 12:14:08,True,2.184e-10,6.892e-13,7515961620.0,0.0518,0x2b...645b,https://bscscan.com/tx/0x8eae61b46583438a0d30ba0dddf9dc750c95cf3dd143dfd30fbb0f0bab6aa9cb
2023-03-29 12:07:20,False,2.185e-10,6.857e-13,90064684467.0,0.6176,0xbc...fe89,https://bscscan.com/tx/0xefe044de40f715a5b3404c38bb42e0ec99374f49d7be7e3806dd16bfd0f8b281
2023-03-29 12:05:44,False,2.185e-10,6.858e-13,7605002954.0,0.0521,0x81...3d06,https://bscscan.com/tx/0x5323f6c6f8a2d4cab4b52b9fb5eb059c04fc283ef5cfef3c91b753c9f809406b
2023-03-29 12:05:11,True,2.195e-10,6.892e-13,78331657833.0,0.5399,0x53...ebda,https://bscscan.com/tx/0x4d62ca01b3f7cb388f2dedb74d47d9d391ab139def6d51c2d78738e5b897bcd5
2023-03-29 12:03:44,False,2.173e-10,6.857e-13,4764388111.0,0.0326,0xdd...101f,https://bscscan.com/tx/0x0bd03a7b0b16b6dbaa86301abae30038e257ca3992b6694161765e651633d883
2023-03-29 12:03:02,True,2.194e-10,6.889e-13,1653133938116.0,11.3899,0x03...024a,https://bscscan.com/tx/0xa677c0fbad91185ac9bea7eb9663edde40f443623d3cff7e9697d0d28c49fcfe
2023-03-29 12:01:38,False,2.171e-10,6.853e-13,33282258175.0,0.228,0x4a...e23d,https://bscscan.com/tx/0x1d3eb461774e0f8aee88ced7a78c2d16f2f779601975e7763012511df2c682c7
2023-03-29 12:01:17,False,2.171e-10,6.853e-13,43282493878.0,0.2966,0x2b...9d4d,https://bscscan.com/tx/0x0214131a9d39c891653b826a334c171eb40d5967431f7605bd71e6412af89a0d
2023-03-29 11:54:47,False,2.176e-10,6.853e-13,27146302740.0,0.186,0xd2...2eb4,https://bscscan.com/tx/0xf6b922fc5e2deed78ce1686232f145c0ef129963cab552ae5d44615cf31030c0
2023-03-29 11:52:38,True,2.2e-10,6.887e-13,1708762209.0,0.0117,0x21...72aa,https://bscscan.com/tx/0xe85d34fa70861e0e6a8aee47a2bba1e5e4be8e2653212cb32724cbf7f03b0949
2023-03-29 11:49:46,False,2.189e-10,6.853e-13,801929880.0,0.0055,0x30...5c07,https://bscscan.com/tx/0x0fc30d3886f8a9701d40a61eb74a46336a308f5163020687525c89b35bedb1a0
2023-03-29 11:46:45,False,2.189e-10,6.853e-13,27178209277.0,0.1862,0xcd...5355,https://bscscan.com/tx/0xc74613a9622668bcb829a1dedcd0261c8020c466841b89ec60a60b27f6140d58
2023-03-29 11:43:42,False,2.189e-10,6.853e-13,3258447789.0,0.0223,0xb1...4f17,https://bscscan.com/tx/0xb1c859a5629508cb015103be985b3d69a1da121e39bbdbb3e9a3b23c49c1a41a
2023-03-29 11:43:39,True,2.2e-10,6.887e-13,1161459085.0,0.008,0x27...af36,https://bscscan.com/tx/0xa6ebb86a93550f6f8dd9a2c25b9edebad109e9a8e236a3803e8be206a6ef1303
2023-03-29 11:42:54,True,2.2e-10,6.887e-13,89214609698.0,0.6144,0x63...ce49,https://bscscan.com/tx/0xe48aa7398c480a4ae04774363a0e9facfed05fc1a802a401bd8920b263065b5a
2023-03-29 11:41:21,False,2.189e-10,6.853e-13,3959028373.0,0.0271,0x75...2910,https://bscscan.com/tx/0xfc8f4356d8383418b9bb46e07010fceb144d600efa6e3f5e3379713a42e8c66c
2023-03-29 11:37:27,True,2.188e-10,6.887e-13,11600000000.0,0.0799,0xe9...7027,https://bscscan.com/tx/0x5a5670dec523039f7e27c1451fd6c6a4278de4ac5ca5c0f7a04b608bcd384b92
2023-03-29 11:36:06,True,2.199e-10,6.887e-13,27007100000.0,0.186,0x0f...c9ea,https://bscscan.com/tx/0x2552c32a6870b6a5a921221c9fe3ee054b2fc92553b2becfa389a10a6b60ff8d
2023-03-29 11:35:03,True,2.188e-10,6.887e-13,101635212003.0,0.7,0x49...8db0,https://bscscan.com/tx/0xdef2d570cffc5a9b0cf6f7983db05a2ea6a6a7ec828ee4ed5d1f0723de3c5214
2023-03-29 11:35:00,True,2.188e-10,6.887e-13,64959582157.0,0.4473,0xbd...d619,https://bscscan.com/tx/0x36cc7d3c6516232721dc4a48c8599b01cf420ee482934c2b575b9f3f33d5959a
2023-03-29 11:34:21,True,2.199e-10,6.887e-13,10373877210.0,0.0714,0xfe...49a7,https://bscscan.com/tx/0x71c409511e8f6e4b8a045c11a8655c00eff571c525e50829260bb62bdc4c8979
2023-03-29 11:34:06,False,2.188e-10,6.852e-13,8550000000.0,0.0585,0x4d...1c7e,https://bscscan.com/tx/0x21540481875836ca66ad2e08fd131553df510f01e42ab63f3ce8df81b9992554
2023-03-29 11:32:31,False,2.188e-10,6.852e-13,26468888374.0,0.1813,0xc9...b94b,https://bscscan.com/tx/0x4c3a9b712415a07bcc293ae270054094d1a67a4605ff6abaacb11c7b2bed71e6
2023-03-29 11:32:31,False,2.188e-10,6.852e-13,11826694217.0,0.081,0x55...d50e,https://bscscan.com/tx/0x14e88e2329dd11a1952cdc8c76a13a4720b6eed6222ce468862b1bd86ddc8ede
2023-03-29 11:31:44,False,2.177e-10,6.852e-13,22500000000.0,0.1541,0xa5...7e88,https://bscscan.com/tx/0x4c1e1b31e0a9538cc9c4ecb112266fd17a9676acc3f88b1deac40d2ddf4e1a90
2023-03-29 11:31:18,True,2.199e-10,6.887e-13,21498860710.0,0.148,0xdd...bf45,https://bscscan.com/tx/0x79a4c8d7459843578ff4e8c51795f3b8c9dbd5bbf60efc21c108b9269f5574b8
2023-03-29 11:29:10,False,2.188e-10,6.852e-13,3181875431.0,0.0218,0xf2...f529,https://bscscan.com/tx/0x7ac665379ecebccb95d1bb323284d9e72f413217571be1db36a07adab9104a7a
2023-03-29 11:28:31,False,2.177e-10,6.852e-13,36824517256.0,0.2523,0x70...885e,https://bscscan.com/tx/0x9be07efc2c99786fc7f6e040c2061dac15d39b63eb2b84e70c3fd6256b762c2a
2023-03-29 11:28:04,True,2.199e-10,6.887e-13,9400000000.0,0.0647,0x87...8691,https://bscscan.com/tx/0xc293c2f2cefdc07c8f3ca01a255d7413648243c7c3c83452ad175ed5568432f9
2023-03-29 11:26:43,True,2.199e-10,6.887e-13,300000000.0,0.002,0x55...cb71,https://bscscan.com/tx/0x1a76a24b870171f2c62b29d83d4a2b7bf92766ce640717670a2da50ef48425c7
2023-03-29 11:25:55,False,2.177e-10,6.852e-13,10330380001.0,0.0707,0x93...5fd2,https://bscscan.com/tx/0x9de79dd5ea7ca8e3fb8c7b78314d8bf4ce7d646667a1ec47171611a5d9ee14e3
2023-03-29 11:22:01,True,2.199e-10,6.887e-13,8961780000.0,0.0617,0x94...b353,https://bscscan.com/tx/0x1b198b1136cbf96eabdc13a3175cc8feede3c523c5988af264dc68197d0e926e
2023-03-29 11:21:52,True,2.199e-10,6.887e-13,14730134394.0,0.1014,0x80...8712,https://bscscan.com/tx/0xe1e18a3b0335cb6cbd8f44355b68a8a98fef8d7d80480d3b13a45912033833a5
2023-03-29 11:20:21,True,2.198e-10,6.887e-13,1000000000.0,0.0068,0x55...cb71,https://bscscan.com/tx/0x04130f6892c18267fc26937cb9d1739e1088c8d991c68eb4cc6dba4114b62982
2023-03-29 11:17:24,True,2.187e-10,6.887e-13,15970000000.0,0.1099,0x65...6865,https://bscscan.com/tx/0xaa173fadbb7d05276fe921ea09225df56f77b1d5734a4adcb376fa4f4cc6b371
2023-03-29 11:16:54,False,2.177e-10,6.852e-13,10784090919.0,0.0739,0x01...77d8,https://bscscan.com/tx/0xe65172ce9f5574483672b74fd4d4a3873d32b2bbd2f9fda97af3d9c3faf5572f
2023-03-29 11:16:30,False,2.178e-10,6.854e-13,909216094006.0,6.23186,0x61...4394,https://bscscan.com/tx/0x342318a2d81539d4ef1d7aff3ed8d68351eea1ba353677d30276c3b20e4ac091
2023-03-29 11:15:45,False,2.178e-10,6.855e-13,4053989712.0,0.0277,0x9e...c5ee,https://bscscan.com/tx/0xf9645ee1a366e6c6f0b9fb86132a71268faeff814f2a4a965eda20ef9002ffbd
2023-03-29 11:15:21,False,2.178e-10,6.855e-13,2782276115.0,0.019,0x3f...94e1,https://bscscan.com/tx/0xe715788c2706f509f9ac848b7c4a0903d0f6a594e0efd4923ab20b3fd905ad2c
2023-03-29 11:15:21,True,2.189e-10,6.889e-13,12000000000.0,0.0826,0x66...8236,https://bscscan.com/tx/0x08f81946cdebb6d793989a7eaa70dceb750622e6a5066e688c0859424105ad16
2023-03-29 11:15:12,True,2.189e-10,6.889e-13,12822121137.0,0.0883,0xdd...8410,https://bscscan.com/tx/0x462d55afe6f767d9a6118da3ca0b107a08b43668f44b74ade85f49d0766cd23c
2023-03-29 11:13:27,False,2.189e-10,6.855e-13,22775593379.0,0.1561,0xcb...485f,https://bscscan.com/tx/0x6bbf2b6f3ee82ceff7ae056b2d7f17c2b511751fcc84ad51908704a72be4dff8
2023-03-29 11:09:36,False,2.177e-10,6.855e-13,1405879165.0,0.0096,0x86...fca7,https://bscscan.com/tx/0x8ab9eae7d9fc99d61d35293d7fe0702be19db7d027e647dbce03fbca6f6f56e7
2023-03-29 11:08:39,False,2.188e-10,6.855e-13,44287840000.0,0.3036,0x95...dc9d,https://bscscan.com/tx/0xb59c31f096824bf7da0aba4beee84347593991e504de2c8bbdce2573ff08aac0
2023-03-29 11:07:48,False,2.187e-10,6.855e-13,17873697430.0,0.1225,0xbc...9bb4,https://bscscan.com/tx/0xb55eeebbed8cd21944bc723d6e73bab0ae9407bccef4534ded9a1326246da27c
2023-03-29 11:03:00,True,2.188e-10,6.89e-13,10522485895.0,0.0725,0xf6...dd71,https://bscscan.com/tx/0x87947ef0058ca2b16e02a26f88820392fe26592542925530d7fa265002490440
2023-03-29 11:02:57,False,2.177e-10,6.855e-13,138400422153.0,0.9488,0xae...1fae,https://bscscan.com/tx/0x2b97b3bf78fcbb2e7782fd2288c265e6d0a476587c24379ca93fce6cd9a8e5a8
2023-03-29 10:57:42,False,2.179e-10,6.856e-13,36771210000.0,0.2521,0xcd...b5e2,https://bscscan.com/tx/0x63cbc75b3b8c9e2f4e9102e2b110ef1ff2ef63d2502c9b159f93e8a904d21290
2023-03-29 10:57:15,True,2.202e-10,6.89e-13,56000000000.0,0.3858,0x8f...cfdd,https://bscscan.com/tx/0xea51dd8eb7ea8339efaeb6c3d7124896b12b7a96ae9b499490c1d3bfa116f5b2
2023-03-29 10:55:39,True,2.2e-10,6.89e-13,153709334870.0,1.05907,0xd9...8429,https://bscscan.com/tx/0xb839bb4eec9781eeae62b53be06b5d74b423f91678f1654f23e0a39150dad25c
2023-03-29 10:53:21,False,2.178e-10,6.855e-13,8398858301.0,0.0575,0x0e...18de,https://bscscan.com/tx/0x8185496c9ed09ab58c6c8360b878a5c16965742f8a9e8f60cbd6c973956f4b38
2023-03-29 10:53:06,False,2.189e-10,6.855e-13,24528311578.0,0.1681,0x57...63ac,https://bscscan.com/tx/0x7157bc26129074e0256e82a9e04f17d87cf7aa92c0567542881f09150495b8fb
2023-03-29 10:52:12,False,2.188e-10,6.855e-13,3435529381.0,0.0235,0xe7...c299,https://bscscan.com/tx/0x6518cdb77ed15623ff35bab8984e853336aebdfa52f50daf8ae9aa89cdb1b856
2023-03-29 10:44:35,False,2.181e-10,6.855e-13,20100880330.0,0.1378,0x0f...36bd,https://bscscan.com/tx/0x081296b90647f4c58d8b4eaaed3969ea84b6dec10fb6d8805e36a3a16620e4f9
2023-03-29 10:44:32,False,2.181e-10,6.855e-13,7536482536.0,0.0516,0x2a...2283,https://bscscan.com/tx/0x0361fc539bb3b3f4780a6f0249b26360c5b4ef4a15f15b023f4c8bcb6ddb9333
2023-03-29 10:44:05,True,2.203e-10,6.89e-13,3773546451.0,0.026,0x11...d054,https://bscscan.com/tx/0xe71ed9c9d5c440997d6d02e2d7772c994de5d21d696295dff6e01b4fd137de8d
2023-03-29 10:42:11,True,2.203e-10,6.89e-13,190000000.0,0.0013,0xdc...d580,https://bscscan.com/tx/0xcd48796bde45b8708efd8864617065f1e00e2345b8bc02b7cfe7c625067baade
2023-03-29 10:36:56,True,2.203e-10,6.89e-13,14943451850.0,0.1029,0xcd...d463,https://bscscan.com/tx/0x35a0a3632267e013084803c9aff20c107e71e059567716539a9da188c0259d37
2023-03-29 10:36:02,False,2.193e-10,6.855e-13,164601618045.0,1.12848,0x43...7444,https://bscscan.com/tx/0x0d771364a6516ad88bbbdd9ec31d35828c719d3afe6e2a183b10fedc41d13cde
2023-03-29 10:35:41,False,2.191e-10,6.856e-13,164601618045.0,1.12856,0x43...7444,https://bscscan.com/tx/0xafca8f27e526ee82e6b57251959fd94f755541f63ba5ccd0489f9894e2dc447e
2023-03-29 10:34:11,True,2.191e-10,6.89e-13,134503904832.0,0.9268,0xe6...0d8e,https://bscscan.com/tx/0xa8a38b3ebb7d1e2351815b047b26a0db2c6b22dac0bdda95124743e1658a3b34
2023-03-29 10:30:29,True,2.188e-10,6.89e-13,2549291637.0,0.0175,0x24...e787,https://bscscan.com/tx/0x55ca62fbaab1a1bd8314637a33260da2dcb4faaa5ee43101bb88935d11688a10
2023-03-29 10:25:37,False,2.187e-10,6.856e-13,62920578364.0,0.4314,0xc4...fc5f,https://bscscan.com/tx/0x1ef8aba636f3cbb8be03caf8b4789d6da3b0995029e589c6f91d9181c94cdcd6
2023-03-29 10:25:25,True,2.198e-10,6.89e-13,14650599131.0,0.1009,0x80...8712,https://bscscan.com/tx/0xe9d3906ffc24392f3a17ff6a5393b32b46e820fe9953d884d7171f729bb40580
2023-03-29 10:20:40,False,2.172e-10,6.856e-13,6030007988.0,0.0413,0xf9...94ba,https://bscscan.com/tx/0x1ddd3f1645ac8ff35988960e9201e2640fc56d0958325073fb5febb7e516ce11
2023-03-29 10:20:13,True,2.194e-10,6.89e-13,7000000000.0,0.0482,0x52...3593,https://bscscan.com/tx/0xac73ed8d0121dd9123447f6e75594f0e1606d914a385666e8122f495dfc55c94
2023-03-29 10:18:52,False,2.183e-10,6.856e-13,27930367327.0,0.1915,0x7c...e0f3,https://bscscan.com/tx/0xcd5a9a2fce445d39b6114e2daa9da1968ac5a12af41ba0e90ec5954a78b43dc6
2023-03-29 10:15:52,True,2.181e-10,6.89e-13,25037916776.0,0.1725,0x22...18da,https://bscscan.com/tx/0x52157a78feb4669f6b513e793e63e30e874e87260206cfa638d5935c1ce37f6e
2023-03-29 10:13:52,True,2.19e-10,6.89e-13,2176670069.0,0.015,0x4e...3ce4,https://bscscan.com/tx/0x85227c9ba484d81dae125198638bdf9e824d5543cc906bd9bf763e9563003252
2023-03-29 10:13:49,False,2.179e-10,6.856e-13,20198478883.0,0.1384,0x50...eab4,https://bscscan.com/tx/0x1ff24c3b2388734060600a07f9aed36fda1ab5b6c01c00a8d4b06d60cfb04854
2023-03-29 10:13:10,False,2.179e-10,6.856e-13,10539438012.0,0.0722,0x2a...b5e2,https://bscscan.com/tx/0x56b8c38f833576077150c8e4fdf9c577dcd044083b485a5a4668592220062177
2023-03-29 10:06:04,False,2.175e-10,6.856e-13,173857741805.0,1.19208,0x36...c065,https://bscscan.com/tx/0x26ea664cbee0a3b03a543e5778090eae11b4787a618dfc7410676155694e7c1d
2023-03-29 10:04:25,True,2.187e-10,6.89e-13,500000000000.0,3.44529,0xe5...b6a0,https://bscscan.com/tx/0xd046eaa71ee1ebcdfd807c0894be6525103bc02b135c2838db5165ce5f8add93
2023-03-29 10:02:31,False,2.165e-10,6.855e-13,40935047161.0,0.2806,0xbf...e2ad,https://bscscan.com/tx/0x6dbb0b530ae159b96d5f20215257751d8bd3cf0c7797cf2b4bf34cb92086f769
2023-03-29 10:00:49,False,2.176e-10,6.855e-13,157887000001.0,1.08244,0xbb...e373,https://bscscan.com/tx/0xf5053e05da99b89980c54642ccc35c9ac2fa579a90523170dd7231e390f63f62
2023-03-29 10:00:25,True,2.187e-10,6.89e-13,36842229869.0,0.2538,0x77...1b79,https://bscscan.com/tx/0x8f8bdf8b0c700cef5be7e3d5fc0cdfba20698031653d3e399f59cf28213198c7
2023-03-29 09:58:25,True,2.176e-10,6.89e-13,29000000000.0,0.1998,0x3c...9de7,https://bscscan.com/tx/0x9b5d02fb4623b904a457931b34ea3fec7d17757218be724a12f0e89225b80589
2023-03-29 09:58:16,False,2.165e-10,6.855e-13,76943082951.0,0.5275,0x7c...8d5e,https://bscscan.com/tx/0x7e6d0d69ae8f46750917ffad90298b4f0ec8b76f631dd789c1e14da69f67740b
2023-03-29 09:57:55,True,2.187e-10,6.89e-13,45180121769.0,0.3113,0x7d...0d5d,https://bscscan.com/tx/0x629f62b4b031435f2d1bac1217b1e054971812da7efbc15d9a5f17b26ddff095
2023-03-29 09:56:10,True,2.176e-10,6.89e-13,6964700001.0,0.0479,0xb8...5168,https://bscscan.com/tx/0x1fec27ad07f84cf9fc8cf7b2bdbf98177c9b2b32f620f685f15611a1c33933d9
2023-03-29 09:55:01,False,2.176e-10,6.855e-13,2412279761.0,0.0165,0x0d...0796,https://bscscan.com/tx/0x279ff7b5524730ecb99deeea3aeefe12033accf4a8cc0ee7dd1acf49aaa81ba9
2023-03-29 09:54:40,False,2.165e-10,6.855e-13,3143037596.0,0.0215,0x52...3640,https://bscscan.com/tx/0x7894863853409993deb08393193eac54b97e7dd45bbf81fe39bc88a912bcd78f
2023-03-29 09:54:16,True,2.176e-10,6.89e-13,13609918704.0,0.0937,0x55...9d04,https://bscscan.com/tx/0x38e03f2b8e68b87c48ddae36a7deaa1e396f1c4f09cae04fcf16e6e926116d58
2023-03-29 09:53:46,True,2.176e-10,6.89e-13,19473257273.0,0.1341,0xf4...a42e,https://bscscan.com/tx/0x18490d7ae538c3505bf4602fbd8575a662092167660869f487079e6c8dc338a6
2023-03-29 09:52:31,False,2.165e-10,6.855e-13,4071912613.0,0.0279,0xb7...c666,https://bscscan.com/tx/0x8676e20b187e49677c9a7886ecae8f4fc9da94d220d8829c71638b93d0971581
2023-03-29 09:48:10,True,2.172e-10,6.89e-13,4353985900.0,0.03,0x0d...890c,https://bscscan.com/tx/0xbf556fcdc5388d624ae5d5d169873ff96fb0530d48e9dcdce4d5007fb32bbf0b
2023-03-29 09:46:28,True,2.172e-10,6.89e-13,95712317552.0,0.6594,0x55...9d04,https://bscscan.com/tx/0xb8eb71b5564fe2973af1314b657b0523d4ea9f5c93f8f7e1c856edee9f006e9b
2023-03-29 09:44:07,True,2.172e-10,6.889e-13,1600000000.0,0.011,0x0b...0432,https://bscscan.com/tx/0x92b88862734a49ef4f3c92a9795734076666abd0742aa5187f6763841b7d2b88
2023-03-29 09:42:49,True,2.172e-10,6.889e-13,4241390000.0,0.0292,0xe7...c299,https://bscscan.com/tx/0xb10f4d0310ea0d9fee012ae3d1fdeb9630410ebc440320617466b713aa7cb205
2023-03-29 09:42:46,False,2.161e-10,6.855e-13,23615645703.0,0.1619,0x94...0c64,https://bscscan.com/tx/0x0ad872fc803551e0282e0d31f95ae29c020ab90070606a355ded2e8c66cf9ef5
2023-03-29 09:42:28,True,2.172e-10,6.889e-13,149229430258.0,1.02816,0x37...59e0,https://bscscan.com/tx/0xa4beeb8bbe87c8d1d85f4f17a90f7d695dd5585d5e2c47aeffddd9604b95a46f
2023-03-29 09:42:13,False,2.161e-10,6.855e-13,4500000000.0,0.0308,0x94...2dc4,https://bscscan.com/tx/0xb54ee4d15ad67cb90623f3a80a4985ecffd1dc71ea7e034d36d6ea39a64cb62e
2023-03-29 09:41:40,False,2.172e-10,6.855e-13,7455925319.0,0.0511,0xa7...239f,https://bscscan.com/tx/0xbec1c0c324f50c80417e5d233dbab9df5eb2436b646daf88fd39a226918c5fdb
2023-03-29 09:41:01,False,2.161e-10,6.855e-13,14620589591.0,0.1002,0xe0...1cc1,https://bscscan.com/tx/0x9723eec537f1488b7ee2aaefe36d810d7e3d471f36d595a995fa608a2431aa74
2023-03-29 09:40:04,False,2.172e-10,6.855e-13,5705196955.0,0.0391,0xd7...14fc,https://bscscan.com/tx/0x9c40314126b43cfa81c1769f2c20525f7e3be6ec175f2408a784493279b9076d
2023-03-29 09:37:40,True,2.172e-10,6.889e-13,4700000000.0,0.0323,0x3c...9024,https://bscscan.com/tx/0xb5aed0bbbaa687d3ba0de52915128381e5db06e0b46bbea65c3fbe7ddbf99dbe
2023-03-29 09:36:43,True,2.173e-10,6.889e-13,12373200009.0,0.0852,0xdb...595e,https://bscscan.com/tx/0xac889ae7fa0efbb8655e05451d8c21f4750c1628eeaeead24989216965a76564
2023-03-29 09:34:28,False,2.173e-10,6.855e-13,9000000000.0,0.0617,0x94...2dc4,https://bscscan.com/tx/0x318448196591f068bf83e155eabdddf7fe17d180df730cec4651b3ae5322606c
2023-03-29 09:33:13,False,2.162e-10,6.855e-13,24300000000.0,0.1665,0x5b...0108,https://bscscan.com/tx/0x000258f1494ad79f0702214e78b499dc059c19b17b22829545c67a1c6fd9e0b5
2023-03-29 09:29:28,False,2.174e-10,6.855e-13,98552749418.0,0.6756,0x5d...c7c0,https://bscscan.com/tx/0xe811e2c1c085fc6f7be428ad4314f7afbaf47a80699a90a32a407783a66bbb8f
2023-03-29 09:23:01,True,2.183e-10,6.889e-13,14356748970.0,0.0989,0x3d...abbd,https://bscscan.com/tx/0x6b41a770ebc9de34add26247be219246ffb3e75698460bbb3eaa962341b070d0
2023-03-29 09:19:37,True,2.172e-10,6.889e-13,8406783703.0,0.0579,0xc3...6932,https://bscscan.com/tx/0x1ef2ec44c2249bc266598b6202fc3564098865956373b5d1c820a9b4ac31ef21
2023-03-29 09:16:22,True,2.173e-10,6.889e-13,21400000000.0,0.1474,0x7a...0bf9,https://bscscan.com/tx/0xdeb5d4027f187d348f2d0282739dcd1ed1fb7b490ce7e630e8c82c82638b0fc6
2023-03-29 09:16:10,False,2.173e-10,6.855e-13,45642735493.0,0.3129,0xad...f4b9,https://bscscan.com/tx/0xd9877f48bc68ed331c037e0b8e192ad6911b42d64f8d27b503aacda6ae1db7dc
2023-03-29 09:14:22,True,2.172e-10,6.889e-13,2815104389.0,0.0194,0x13...1ed0,https://bscscan.com/tx/0x8c8228447ff0d5a8b13f5644a1d41227bcf4f45c9559e9bb0be5ffde1258c5db
2023-03-29 09:13:46,True,2.172e-10,6.889e-13,12336765358.0,0.085,0x58...03aa,https://bscscan.com/tx/0xa6fbdd1d015ca87289d022ce0a409029a030b36a15e49eb3cb040f98098a4d94
2023-03-29 09:13:28,True,2.183e-10,6.889e-13,518323746993.0,3.57084,0x53...c50a,https://bscscan.com/tx/0xa71f11ca13ded3de762af4db5fc4244075b889f1d4083d5afd4405398caef176
2023-03-29 09:12:49,True,2.171e-10,6.888e-13,4336009824.0,0.0298,0x13...1ed0,https://bscscan.com/tx/0x3228162ca5f960212dfc0a08e385f025335b5479330355e21c3c087237c8f77d
2023-03-29 09:07:58,False,2.171e-10,6.854e-13,28023436425.0,0.192,0x2c...e8eb,https://bscscan.com/tx/0xd6774f269b7ede1dd3ae5e2b023009e43cf66db191e1793cac6350b7001d8940
2023-03-29 09:06:43,True,2.17e-10,6.888e-13,16547923132.0,0.1139,0xb3...a0be,https://bscscan.com/tx/0xa4ce7d4751d86a633ab809a5916c1f15f91fd06fe2ff2960a43333967c40bd34
2023-03-29 09:03:52,True,2.171e-10,6.888e-13,15458591665.0,0.1064,0x36...f3df,https://bscscan.com/tx/0x353ab5fc62e80ea1bbce822e62d63a11431fbb8a0e39e2e1be7d23d9b3e63dda
2023-03-29 08:54:37,True,2.171e-10,6.888e-13,43894802266.0,0.3023,0xb3...a0be,https://bscscan.com/tx/0x46e21ad9a56c76cbb5bf0d61eb79663cde948ce4f9d379046d47c69619dde516
2023-03-29 08:54:31,True,2.171e-10,6.888e-13,725869386.0,0.005,0x2d...c260,https://bscscan.com/tx/0x7359645330b27d6941300f512646c70b4e6c9babe7d7b14f14f4de2e6fbd1267
2023-03-29 08:54:16,True,2.181e-10,6.887e-13,725981161236.0,5.0,0x4a...6d8a,https://bscscan.com/tx/0x73c57cb33d3b87599702006b575f59fbfcb3018f3187cd85cf3d1635a6840fcd
2023-03-29 08:51:34,True,2.181e-10,6.886e-13,17037445202.0,0.1173,0x6c...d2e4,https://bscscan.com/tx/0x97ce44395873637c88a42153037dda6d01f6fab160be5c7eb650815ef7069a79
2023-03-29 08:51:28,False,2.17e-10,6.851e-13,37025295509.0,0.2536,0xe0...b07b,https://bscscan.com/tx/0xc744c78417c9733643723a227f84ca5b898aac6f1ac246c41a04ce7fee0fd025
2023-03-29 08:51:13,False,2.159e-10,6.851e-13,5492503355.0,0.0376,0x8d...f582,https://bscscan.com/tx/0x00bef8283f2e0270cf8bd765797e039d2e3b05fdf8c76df94534f7e11889ac03
2023-03-29 08:50:19,True,2.181e-10,6.886e-13,5558193506.0,0.0382,0xcb...597a,https://bscscan.com/tx/0x3425b36497f43a63d98c97ccfb6c2c7cfc628a7f37c7c182dff1ee5d1c982dba
2023-03-29 08:48:16,False,2.17e-10,6.851e-13,14998479033.0,0.1027,0xd8...5bcd,https://bscscan.com/tx/0xc5b897c3145cb90be3163aa0d36f496541522add63994407cd130751491bc2bb
2023-03-29 08:45:55,True,2.181e-10,6.886e-13,2904329295.0,0.02,0xcb...597a,https://bscscan.com/tx/0x9c82cee4e8dc1de42de3d226a9ef092021314f8ba63413d110270345040e9ddb
2023-03-29 08:45:49,True,2.181e-10,6.885e-13,726194482661.0,5.0,0x4a...6d8a,https://bscscan.com/tx/0x8c65dbadfff525d42d5e2d7e250d83bbbc195c4575d091c459968ac6a2f53ea8
2023-03-29 08:45:19,True,2.17e-10,6.884e-13,18800600001.0,0.1294,0xa3...afc1,https://bscscan.com/tx/0x98d4ebf4d69d0a97ced09a12f9dffd38fdc64432d093d314e37b38ce1718734d
2023-03-29 08:44:49,False,2.17e-10,6.849e-13,18000000000.0,0.1233,0x3e...09c4,https://bscscan.com/tx/0x0b7dee372f5d00c3e2e03967cf2dadb77db77af8f12a49d9c762484aefa2b71c
2023-03-29 08:43:13,True,2.18e-10,6.884e-13,1452612834.0,0.01,0xcb...597a,https://bscscan.com/tx/0xbf5c85e5197f5ce10d8d38bc20737921cc6d51ba03fd17ada427afe0208d20fc
2023-03-29 08:42:04,True,2.169e-10,6.884e-13,72913938549.0,0.5019,0xed...e8c9,https://bscscan.com/tx/0xbbf985c638e9aab424eaee00b123b75d40652896904d5b8f8515f17170c66ca1
2023-03-29 08:41:31,True,2.169e-10,6.883e-13,107208602311.0,0.738,0xaf...b9da,https://bscscan.com/tx/0x46e6b9f4f9174add42a6328b04c6d7a054f854f36d8d63b10bc410fd56ac5b60
2023-03-29 08:31:16,False,2.157e-10,6.849e-13,4610028637.0,0.0315,0x65...afe1,https://bscscan.com/tx/0xacf6863bdbade8d4902ccac98f62a8c8a63ed0c5e80fe39ee012051b0a119883
2023-03-29 08:27:37,True,2.152e-10,6.883e-13,148808732083.0,1.02431,0xbb...4713,https://bscscan.com/tx/0x7b216eb3e486eb52fd2297d4e1d1d8660b2b3fea8133c8735b77babe05fb3cb9
2023-03-29 08:23:13,False,2.151e-10,6.848e-13,3212654968.0,0.022,0xd8...3d20,https://bscscan.com/tx/0x0a3469f833171913e2eace32829695cc63917f22c798447065750f1a2f6b8446
2023-03-29 08:23:01,True,2.162e-10,6.883e-13,1442903138.0,0.0099,0xd0...2d92,https://bscscan.com/tx/0x559f9ae37af3a87d11b432d65f1af728cfe5769cbfc105a27b89adcd9f54770b
2023-03-29 08:20:23,True,2.149e-10,6.883e-13,111382068560.0,0.7666,0x22...dbe4,https://bscscan.com/tx/0x6c3c25123045cff02c16159191e72ef547acf7182e86e437c534ad986c857d91
2023-03-29 08:20:18,True,2.149e-10,6.882e-13,3880273077.0,0.0267,0x27...c292,https://bscscan.com/tx/0x41663287c0cceeb47e291fa63a2273be42c4b1c70c4508fa9bb332a81667ec1f
2023-03-29 08:17:40,False,2.147e-10,6.848e-13,105623145450.0,0.7233,0xba...13be,https://bscscan.com/tx/0xb183ecf229247e3f20c4cb5828a122e4cb3dc281ed5ccb35e4b69d2f56b53bb8
2023-03-29 08:17:35,True,2.158e-10,6.883e-13,2000000000.0,0.0137,0x3c...0a29,https://bscscan.com/tx/0xfabf60df77a003bb182740c1897230d00a7f82ee41049ef04f76dbbf51e61d93
2023-03-29 08:16:13,True,2.158e-10,6.883e-13,14528233468.0,0.1,0xc8...2a7c,https://bscscan.com/tx/0x04f757cb4d82d44486ca351611585df4b8985553796358d6c91055491b66b1bb
2023-03-29 08:13:19,False,2.147e-10,6.848e-13,9639175999.0,0.066,0xe7...b119,https://bscscan.com/tx/0xf81fd11e491e5265ab631e99d7d0a6edc7c3474c616112e0ceff73d84ed4207e
2023-03-29 08:11:49,False,2.14e-10,6.848e-13,14664152465.0,0.1004,0x59...0087,https://bscscan.com/tx/0xa206d90138180e674e00ef32879b80fc0797b0ee6571a1cdc7ad9b11673e57bc
2023-03-29 08:08:40,True,2.161e-10,6.883e-13,30801749145.0,0.212,0x60...e370,https://bscscan.com/tx/0x7427e8a056b683a4bfb610e399144b46f2342725b7d28a8916ad4a0d8d6f2212
2023-03-29 08:04:13,True,2.161e-10,6.882e-13,472217576345.0,3.25,0x13...255d,https://bscscan.com/tx/0x7873955f26f19e804e36ed0b67e71521fc456784115c26a5aaabff15970e1cce
2023-03-29 07:58:37,True,2.166e-10,6.881e-13,726561176.0,0.005,0xf0...f6cc,https://bscscan.com/tx/0x327d78ab5fea2b45bedcbc1e8fdb1a646cf004e44f7f1cfbb46e2ae1c4f1e7c3
2023-03-29 07:54:19,False,2.145e-10,6.847e-13,26527097046.0,0.1816,0xcb...4b39,https://bscscan.com/tx/0x321d1fc72d13b4bc510d3b7f9e64260e0a8d7c350dc5b76e4119cec272259cfc
2023-03-29 07:51:46,True,2.155e-10,6.881e-13,28974124936.0,0.1993,0x27...41d2,https://bscscan.com/tx/0xf6e8d94cc91b8fed654c99be351377f009434c7b4632a2c0b9a0893db0deee1f
2023-03-29 07:50:13,False,2.144e-10,6.847e-13,39175128355.0,0.2682,0x08...a4b2,https://bscscan.com/tx/0x4081df56d81776b4a4e451071e94b40c589ca11c1928ded6e1f4a5f82d6a9c89
2023-03-29 07:47:16,True,2.167e-10,6.881e-13,6538959493.0,0.045,0xa8...4cf3,https://bscscan.com/tx/0x6aebeff197d076733419d522f1984e7aceaa56523b481852b473f8f3ade9565b
2023-03-29 07:44:28,True,2.156e-10,6.881e-13,6013722216.0,0.0413,0xa3...6607,https://bscscan.com/tx/0xe9ee4e7bbd830a0d930c2e550008b5900fe2aa10ad4e5fe3472d2eba8db2f143
2023-03-29 07:40:02,True,2.158e-10,6.881e-13,33000000000.0,0.2271,0x9a...c30d,https://bscscan.com/tx/0xf52109e69750b6944297560c8200c6c9682c9fcf6b79f5a0b803a930a5aa0342
2023-03-29 07:36:46,False,2.16e-10,6.847e-13,1732335923.0,0.0118,0x8c...166e,https://bscscan.com/tx/0x7e7b86e32c5e15b4e70f7a1df7d875c58a80091c8111c885c1fed34c21d015e8
2023-03-29 07:35:23,True,2.16e-10,6.881e-13,35150602430.0,0.2418,0xe3...d121,https://bscscan.com/tx/0xd3a5a472b2f391ad2c303d545c76e24694d004ab30a1dcc7b9491a7728e75761
2023-03-29 07:27:41,False,2.159e-10,6.847e-13,19746790388.0,0.1352,0x22...9f8d,https://bscscan.com/tx/0xb0d3ee437e4d583f8eb1888d1061a864aa043362b8744228b1e57838b77951e9
2023-03-29 07:26:29,False,2.149e-10,6.847e-13,3547215001.0,0.0242,0xf8...53fd,https://bscscan.com/tx/0xc1af8bcde74d71618c9a1cefa2e8a2b3861478e098ab7508a56e56933ac1f460
2023-03-29 07:21:20,False,2.159e-10,6.849e-13,1503030184847.0,10.295,0xc8...240a,https://bscscan.com/tx/0xfeaa6af0327a122427b7a5b31a71e0b38ec3ec57a70c948765088736c25c949c
2023-03-29 07:17:20,False,2.149e-10,6.851e-13,8064582236.0,0.0552,0x22...12d2,https://bscscan.com/tx/0x239a6f8a08a005b120c702f527bcf5aa44d132527fff92de5e23bedf5c05f5a2
2023-03-29 07:11:29,False,2.16e-10,6.851e-13,17710980291.0,0.1213,0xfa...0185,https://bscscan.com/tx/0xe9f14abcb528277f20b7073e5a9a9c329d7bb9162198432b0c68b99b1e562cb8
2023-03-29 07:11:14,False,2.149e-10,6.851e-13,159056198942.0,1.08985,0xa9...0dad,https://bscscan.com/tx/0x310ba2ecc38e0961ca7ca6e1755872cb55c6f8dc04f94576fab7a4f288b1c3e6
2023-03-29 07:09:56,False,2.149e-10,6.852e-13,16162127462.0,0.1107,0x9f...31f3,https://bscscan.com/tx/0x933813e013b9bdf79a0003835b683ca48d3048e5969aeff1311ce2d35cbfe45c
2023-03-29 07:08:17,False,2.159e-10,6.852e-13,36430011263.0,0.2496,0x30...33e2,https://bscscan.com/tx/0xd46ab18f0812473402e6e38011fda04842f9b4ea748554a51040fa743b16a285
2023-03-29 07:02:20,True,2.169e-10,6.886e-13,7375900000.0,0.0508,0x4f...b328,https://bscscan.com/tx/0x0fcad949e479a2943cace0a30cf52fd6d519046c2119af6f0f4631ecafbfacd9
2023-03-29 07:00:50,True,2.159e-10,6.886e-13,1784130000.0,0.0122,0x51...4050,https://bscscan.com/tx/0x7b81e697c260f6ea22d21c8cd7b2daae7f43c7d97e00dbce16a0237c9ea5be18
2023-03-29 07:00:35,False,2.159e-10,6.852e-13,8236016070.0,0.0564,0x74...86a0,https://bscscan.com/tx/0xea1490bf8bea7042352ce39778f7fe3a34ccb4a9b25ee8f6e060645706d1f421
2023-03-29 06:58:08,True,2.168e-10,6.886e-13,4646621641.0,0.032,0xb6...24cb,https://bscscan.com/tx/0x80feaaf172cab16384563cd3e5a1d4cf1f3525d7e4fd72d0e59c5a3f1d7d105e
2023-03-29 06:57:59,True,2.168e-10,6.886e-13,3042012368.0,0.0209,0xdc...0638,https://bscscan.com/tx/0x860da0b0ef8a1b8941c779e56eb6ef8fdc7fa3cd2286d796732826202b9569aa
2023-03-29 06:57:50,True,2.168e-10,6.885e-13,922257801981.0,6.35008,0x1d...2cd1,https://bscscan.com/tx/0xdee99e059c3b2e7a3385e33e7384290054bdfa9ff8287fbe89cea2bd41af00d3
2023-03-29 06:56:05,True,2.168e-10,6.884e-13,10287230045.0,0.0708,0xcf...ef72,https://bscscan.com/tx/0x2a5072e306086f0da371083e9c47df6b43a4c65027dadc77c7bee33a6304e9b6
2023-03-29 06:54:38,False,2.146e-10,6.849e-13,6161219008.0,0.0422,0x29...11c9,https://bscscan.com/tx/0x35fd30f1286a8d1b539c20010b7027b7f0cfd2a901da8258cf06b6b17a6d2b09
2023-03-29 06:48:08,False,2.157e-10,6.849e-13,22527932729.0,0.1543,0x22...1d3d,https://bscscan.com/tx/0xb7887b08f787c497c621a3f42bbf4d715e9fe8b886918c7a2a7915e276fe8c02
2023-03-29 06:47:44,False,2.147e-10,6.851e-13,900543781716.0,6.16963,0xe1...c4e1,https://bscscan.com/tx/0xfe4ebb3bf462ca2bcbebb830635530c55557dffe67db61645ca681712daab413
2023-03-29 06:47:23,False,2.147e-10,6.852e-13,103736035015.0,0.7108,0x69...eaa9,https://bscscan.com/tx/0xe215ae4c49d6f93237c5733a461a19c984d8c891ab78d2099745ff7dd03f1647
2023-03-29 06:44:35,True,2.158e-10,6.886e-13,3194429509.0,0.022,0x83...05d2,https://bscscan.com/tx/0x658da1d7cede8a436ecfd5be12928c5e7026dfb7e11d4b4ae5f7ed8b9c5aeda0
2023-03-29 06:42:02,False,2.157e-10,6.852e-13,22487125601.0,0.1541,0x14...baab,https://bscscan.com/tx/0xe4a538af10f94a6e78831848465769ca05f8d6d9ecbf0c1146340fc1e411ceaa
2023-03-29 06:36:35,True,2.168e-10,6.887e-13,558172238.0,0.0038,0xf1...dabe,https://bscscan.com/tx/0x015763926ca58b63cb1aaef726406d84aa20ef0f0256e9a56af55584b3383377
2023-03-29 06:34:44,True,2.168e-10,6.887e-13,1000.0,6.887e-10,0x2c...7396,https://bscscan.com/tx/0x721e82a182e417225a0f83fc8aea91e8db3bbcd278c3e2f2539b71c548a99022
2023-03-29 06:31:02,False,2.144e-10,6.852e-13,54025175224.0,0.3702,0xc3...565d,https://bscscan.com/tx/0xe72f4b2c50f587dd04d8b9ed7df64da708b4ade74435e36259ba4be9dcfedb5d
2023-03-29 06:28:47,False,2.155e-10,6.852e-13,4219623393.0,0.0289,0x88...c58a,https://bscscan.com/tx/0x6f5fa51cf384fa9646831a068837c03e1b289f489914803fa2111e0b031d9538
2023-03-29 06:27:50,True,2.155e-10,6.887e-13,1345260706.0,0.0092,0x42...cdb9,https://bscscan.com/tx/0xc06c68545868b5483f12bb6844ac4362aab038a931f539cc2823acceaf493b3f
2023-03-29 06:26:17,True,2.155e-10,6.887e-13,90023613768.0,0.62,0x07...b8cb,https://bscscan.com/tx/0xb5f868a80617ad1bfad1d57d40615c221fdc71569923c420c62789ca34ca0f86
2023-03-29 06:23:44,True,2.165e-10,6.886e-13,3735257578.0,0.0257,0x96...83c9,https://bscscan.com/tx/0x826b2619a1bac209e9ef07358e1275b421a261524f15e158171eb20f7e414d69
2023-03-29 06:22:47,False,2.154e-10,6.852e-13,7778973719.0,0.0533,0x03...c37e,https://bscscan.com/tx/0xcabea31df0f73886164731daa1d2508ca12b19cb73e2bcdc8d4daf9a477b8f93
2023-03-29 06:22:02,True,2.165e-10,6.886e-13,12326703701.0,0.0848,0xb9...339d,https://bscscan.com/tx/0xdef8bb45e7badf59d6d512e4fb7952b8f67b0b8ab9ecd3f410f18f70bdcd587f
2023-03-29 06:21:26,True,2.165e-10,6.886e-13,410000000000.0,2.82339,0x2b...7541,https://bscscan.com/tx/0xeb6df390572a4ef1c9144aa23be4b9c9e90f74894b11d3803fd8ac2229be965f
2023-03-29 06:21:14,False,2.154e-10,6.851e-13,4583917840.0,0.0314,0x20...da2f,https://bscscan.com/tx/0xe1c7ee17d30a412be370de271f73dd184265f47f2b4342451e591b5a40461ff3
2023-03-29 06:20:11,False,2.154e-10,6.851e-13,3602913329.0,0.0246,0x3a...997b,https://bscscan.com/tx/0xc2b7f6056a4c8e8203e262ee9f180190f8d4b71ba2e5aa11eff6d6fc204144c0
2023-03-29 06:18:23,False,2.143e-10,6.851e-13,10499788142.0,0.0719,0x32...c75f,https://bscscan.com/tx/0xc91c57f5898f714a92053c55c5c21a5376692ffbdc3a5c9a1abe874116f13d91
2023-03-29 06:18:14,False,2.154e-10,6.851e-13,39682839620.0,0.2718,0x40...83ad,https://bscscan.com/tx/0xffdc8aa60cb26e720e8036eb1fc52884f3e991e501919719a843ca6524778212
2023-03-29 06:15:14,False,2.144e-10,6.851e-13,19767108303.0,0.1354,0xa5...51f0,https://bscscan.com/tx/0xa5de72bdc3e350670f21980dfdec8b9327640abee8e49bf4243f91282ae6d704
2023-03-29 06:09:56,False,2.157e-10,6.851e-13,79825985725.0,0.5469,0xc5...6fd1,https://bscscan.com/tx/0xbdb9d7e16ea21a37d78c049695631897f5393f764e6e18c49790c113bcd84238
2023-03-29 06:09:02,True,2.168e-10,6.886e-13,145218168.0,0.001,0x93...4f90,https://bscscan.com/tx/0x64eede394f8fd3fae042d78416600d18633ec2c5427a43f868649293e807bdc2
2023-03-29 06:05:24,True,2.166e-10,6.886e-13,3500000000.0,0.0241,0x2c...7396,https://bscscan.com/tx/0x9cdb1ad0572f3f1e4d35821864fd9bf130a82dcf57ffd7ef546f71db72765ff0
2023-03-29 06:00:54,True,2.156e-10,6.886e-13,7671026713.0,0.0528,0x66...501c,https://bscscan.com/tx/0x162a32b6e32fb93ec8e7d113c41f764b30e235ab8d3b2acbc353ce6f0f980939
2023-03-29 06:00:54,True,2.156e-10,6.886e-13,2752021688.0,0.0189,0x93...4f90,https://bscscan.com/tx/0x6f13a2dfe35c81791a9dccaf67883145916d5642639a39a7e52db8092651e803
2023-03-29 05:59:39,False,2.145e-10,6.852e-13,224940943004.0,1.54132,0xd0...d7b7,https://bscscan.com/tx/0x93dc356382dc69242357096f2116944c676f4daf0bd07a8d183b399689ce2a78
2023-03-29 05:56:33,True,2.157e-10,6.886e-13,2900000000.0,0.0199,0x83...d585,https://bscscan.com/tx/0x9779e6704db073047de588928cec889f06a81a7fecf4beb37d6f939cac308a79
2023-03-29 05:55:33,True,2.157e-10,6.886e-13,8736071369.0,0.0601,0x83...d585,https://bscscan.com/tx/0xc581db8a5bcfd6e6cca037ddebb3700e3c915ed4ecffa4669930630ba6d01a62
2023-03-29 05:48:39,True,2.166e-10,6.886e-13,138475396989.0,0.9536,0x99...06ec,https://bscscan.com/tx/0x4bb2ef3ed73f716eee25cad4c5a2ff2f16278114881ae47f89d825aace4a370f
2023-03-29 05:48:00,True,2.166e-10,6.886e-13,550000000.0,0.0037,0x68...ccdb,https://bscscan.com/tx/0xf1ae8532a216a20dd333261984ae2de1d3011e8b79a4153e8e5b8471c9a95125
2023-03-29 05:42:21,False,2.155e-10,6.852e-13,94678359300.0,0.6487,0x0d...be7d,https://bscscan.com/tx/0xe0516985ab73b4937570a3915babf1de507ee3bffff64147e36a559e69f39081
2023-03-29 05:40:12,False,2.156e-10,6.852e-13,9632294937.0,0.066,0x1e...cd38,https://bscscan.com/tx/0x0dde3e58021a5a36581b62dfb152d2d8f1124f935ada00983777efc1ccdc344d
2023-03-29 05:32:30,False,2.145e-10,6.852e-13,13134240000.0,0.09,0x6d...dc57,https://bscscan.com/tx/0x130f74c4d1f74f2ae4e34a91be3d04096f36fc3103e9ec13532b8fd62196e1c4
2023-03-29 05:30:54,False,2.156e-10,6.852e-13,8369595000.0,0.0573,0x41...256e,https://bscscan.com/tx/0x5040e11f456e424e00390ded30b9aae7e613e6256ae2670435fdc6135b679f96
2023-03-29 05:23:58,False,2.146e-10,6.852e-13,19482677121.0,0.1335,0x7c...c417,https://bscscan.com/tx/0x86ee974271057b9c0b1eae1d3a1654e169e21859808360844beb366599978948
2023-03-29 05:23:58,True,2.156e-10,6.886e-13,1225066000.0,0.0084,0x8b...d405,https://bscscan.com/tx/0x952918901e84a20c89fe840cf62e5ab46a09f6165c7e3739c6e9c350dbe52d8c
2023-03-29 05:23:40,True,2.167e-10,6.886e-13,23613693172.0,0.1626,0x41...b6d8,https://bscscan.com/tx/0xa703191dad49dac379d7578bb51fb9aaa46d34ef1770cd1ce733b0a91cf72814
2023-03-29 05:23:16,True,2.167e-10,6.886e-13,6704757565.0,0.0461,0xc8...1229,https://bscscan.com/tx/0xb469937f2d4b3affe8b37ddec7f1afc025680c528996a81557cecacca1ba8889
2023-03-29 05:23:01,False,2.156e-10,6.852e-13,90731741311.0,0.6217,0xdc...73fb,https://bscscan.com/tx/0xee18d6e9bd128e5a49d0c788def1fec53664a47fbf8af65dd0dc49e2c7ee52d4
2023-03-29 05:20:46,True,2.167e-10,6.886e-13,435605941.0,0.003,0x98...b99b,https://bscscan.com/tx/0x303859c90a952c745de57fd9c3c746f79f0add5d65ac6da717461264424912c8
2023-03-29 05:19:58,False,2.146e-10,6.852e-13,17038271719.0,0.1167,0xab...15f3,https://bscscan.com/tx/0x88c710107d128aa6d9146f8351c72d884ad7e51518e9c887bebec87abe31c05e
2023-03-29 05:04:34,True,2.167e-10,6.886e-13,61747410649.0,0.4252,0x81...0ccc,https://bscscan.com/tx/0x4b9824a73676a69e6a2a67bfcb5c34fcf6784b84a5e1cf797a4880bbe18d425d
2023-03-29 05:01:55,True,2.156e-10,6.886e-13,7098694531.0,0.0488,0x52...8b87,https://bscscan.com/tx/0xa70cddf6ad2a1edb2a73627feb6fae89f3e17c11dd81bc12ebe4d83759d114ea
