datetime,buy_order,price_USD,price_native,amount_token,total_native,maker,etherscan_url
2023-03-24 22:28:49,True,2.272e-10,7.127e-13,1052260000.0,0.0075,0x95...d2fc,https://bscscan.com/tx/0xc004e238d83a19b26bf47166cab5b4b28e188a475c1249db8e1bc828688b85f5
2023-03-24 22:27:01,False,2.26e-10,7.092e-13,18472428827.0,0.131,0x68...28d8,https://bscscan.com/tx/0x789bac802454e57471ab24082fa27099b6a5cd102764db4215c83105069a01b8
2023-03-24 22:25:28,True,2.272e-10,7.127e-13,144579106068.0,1.03053,0x3f...d21b,https://bscscan.com/tx/0x8b652f4022e0452cb7d38fe2da58255448ad409f94bb3086b732bd0f28b682d2
2023-03-24 22:24:19,False,2.262e-10,7.092e-13,161169323739.0,1.14304,0xa0...22dc,https://bscscan.com/tx/0xfb7303e0ffa81fbbdec198e41e29ebef8af95e35fe4a80deaaf11589221745ae
2023-03-24 22:21:55,False,2.262e-10,7.092e-13,5980815548.0,0.0424,0x41...7ab8,https://bscscan.com/tx/0x45707d8fa4123e0a7ac32ba800fd6ab81d6b25b6b8e65e02bd203d4dbc4c2614
2023-03-24 22:21:52,True,2.275e-10,7.127e-13,41000000000.0,0.2922,0xe6...3646,https://bscscan.com/tx/0x3c5eb24af01789f3e50e1501820d0895672b9fd111e435342433d377c4d43e93
2023-03-24 22:21:22,True,2.276e-10,7.127e-13,1815779499.0,0.0129,0x51...f632,https://bscscan.com/tx/0x69be0ed4dda2ec475583c347f2aa77c18a66de042987069fafca9962fc4b7c11
2023-03-24 22:20:10,False,2.265e-10,7.092e-13,39870933523.0,0.2827,0xb6...ee2a,https://bscscan.com/tx/0xcefdf8ca07f2ef33f20a10a66907e5d3105e97896818108de5cc39bcc2080ca9
2023-03-24 22:18:22,True,2.288e-10,7.127e-13,38094406578.0,0.2715,0x73...a271,https://bscscan.com/tx/0x9e4f71c9d45fa80f91b79455c0e99b14993d453adaaebe55f127d020545e72ac
2023-03-24 22:18:04,True,2.288e-10,7.127e-13,1543070000.0,0.011,0x51...4050,https://bscscan.com/tx/0x1ebb0cdbf13027669ab41ce7522b0ed903471348ae416c055df9772ba2bbc581
2023-03-24 22:17:25,False,2.277e-10,7.092e-13,200396224335.0,1.42134,0xa8...3715,https://bscscan.com/tx/0x2b79ebaddd1708ef7da19a16706a976a396a5b5a6c08d94b81facbe94f5c844e
2023-03-24 22:16:10,False,2.266e-10,7.093e-13,137545712949.0,0.9756,0x53...03fe,https://bscscan.com/tx/0xcdeb31ae8154213c605bc2043542e542abe927496d09b7decaecc8283d9d32a7
2023-03-24 22:14:37,False,2.266e-10,7.093e-13,88824549711.0,0.63,0xb9...6872,https://bscscan.com/tx/0x66e74875ad5ec9b717c74aaeee9c307bc5e7e9cfe89c084b1d7fe893b62f16df
2023-03-24 22:14:31,True,2.277e-10,7.129e-13,5750954739.0,0.041,0x5e...fcce,https://bscscan.com/tx/0x38a4d47e04d40332d581a39acfbfd7d02132282568b325fe94cffb3aacb0bd13
2023-03-24 22:14:19,True,2.289e-10,7.129e-13,6452308019.0,0.046,0x43...f867,https://bscscan.com/tx/0x5155a3c138291d6ffe85ba73b81dce1727097e66c1bc1dd7b0b7b0139833184c
2023-03-24 22:12:19,False,2.277e-10,7.093e-13,26762223114.0,0.1898,0xf4...94db,https://bscscan.com/tx/0x42e908cbc75d6dffbcd072d2079fdb5a611c5c1569a7f19d2eb1a66c86255d63
2023-03-24 22:12:13,True,2.289e-10,7.129e-13,106595339020.0,0.7599,0x3a...0456,https://bscscan.com/tx/0x27b783d6cc362270532623c47b1d2338a63b1c77d313aff9545669d26c570beb
2023-03-24 22:10:01,False,2.269e-10,7.093e-13,35996406221.0,0.2553,0xad...b7d2,https://bscscan.com/tx/0x3422c4ffffb84a0cf2f52fab8d924ed010560a0890d2a5dd2da35cb6e5fe76ec
2023-03-24 22:09:40,True,2.294e-10,7.129e-13,4348389105.0,0.031,0x63...6fff,https://bscscan.com/tx/0xef0fe7fd7519fff84a5c5e7c313f4d364f489febac8b801dd70200424d5c15f2
2023-03-24 22:08:58,False,2.282e-10,7.093e-13,34167329546.0,0.2423,0x4e...5cff,https://bscscan.com/tx/0xd95abef1308e7dd708355a8658e8299781581d86d6e8798b38e0625419422c2f
2023-03-24 22:08:37,False,2.282e-10,7.093e-13,6114304999.0,0.0433,0x95...ad5c,https://bscscan.com/tx/0xa527e731c7a7d55b2da388ef716e368e3d982f57cdc7d553e5250ff1eed7e08e
2023-03-24 22:06:52,True,2.293e-10,7.129e-13,5070060000.0,0.0361,0x5b...047b,https://bscscan.com/tx/0x6db954bac6adf1127fce7a75111a7a7cab126fb7608cc01c418a36bb8d865452
2023-03-24 22:05:46,True,2.282e-10,7.129e-13,6820000000.0,0.0486,0xfc...8b7c,https://bscscan.com/tx/0x51bcf655c63e98d6c34fa651183d33ce9adad283b1ef551a2708830bd5d2126d
2023-03-24 22:05:07,True,2.282e-10,7.129e-13,2234078017.0,0.0159,0xe3...dcba,https://bscscan.com/tx/0x39b7326999c5ef7c9fb467813aee0c6e5fc94bf3a5ac6282e4fbbd5399bbf768
2023-03-24 22:04:28,False,2.271e-10,7.093e-13,44017231995.0,0.3122,0x22...07d8,https://bscscan.com/tx/0x2b6b8670de1f1dc9e2f63118fce54f32f62784a43744d2437d8a2075d0bcf09f
2023-03-24 22:04:04,True,2.282e-10,7.129e-13,45000000000.0,0.3208,0x9b...3cc9,https://bscscan.com/tx/0xe091ab8ee127fa277fe23a802a0efe93a4a3c16192ba4991341d6f5942787965
2023-03-24 22:03:01,False,2.282e-10,7.093e-13,15886159289.0,0.1126,0x38...2acf,https://bscscan.com/tx/0xa7ef3bf2fc139999d9bfbe90e0f721bf906f66abb2d1873e6274228454d7f918
2023-03-24 21:57:46,True,2.294e-10,7.129e-13,16226991981.0,0.1156,0x1c...0230,https://bscscan.com/tx/0x74cde471c8ea508bf857bd963df38933376f9661ad3236244f3687b9cb0e0d66
2023-03-24 21:55:13,False,2.282e-10,7.093e-13,2970802779.0,0.021,0xcd...d463,https://bscscan.com/tx/0x0ecddff6751dcc86fd0e97b70bc9c3b38aa1fff02c8d8dec7f0eb9505cd8da3c
2023-03-24 21:53:43,False,2.282e-10,7.093e-13,12062141408.0,0.0855,0xfe...131d,https://bscscan.com/tx/0xed2ae4399ace3428733b696f21e08e30fcd9d371f07dfe303c7443b64b97cb1d
2023-03-24 21:53:13,True,2.294e-10,7.129e-13,1710520736.0,0.0121,0x7c...1ae9,https://bscscan.com/tx/0x53650b241d4885166abb56d1fb9fc1fee16e65e7ff022da0ca40427878c0d8b2
2023-03-24 21:51:43,False,2.282e-10,7.093e-13,198364409322.0,1.40718,0x31...9bd9,https://bscscan.com/tx/0xfb6452425e2d8bb0651a48f966edb3047b662ac611595628e69198e51f82eede
2023-03-24 21:51:31,False,2.282e-10,7.094e-13,298124245275.0,2.11509,0x08...ec44,https://bscscan.com/tx/0x7eb6038b3e3cd245abf70df04c8e3e9c91580783789f8a199a8b467706a5f565
2023-03-24 21:51:01,False,2.271e-10,7.095e-13,24171887868.0,0.1715,0x55...b523,https://bscscan.com/tx/0x9936235fc4d9cacf7e3ed0f9afdab8a3fd087a9eb86e6e07002f5e62ebc29ead
2023-03-24 21:50:28,True,2.294e-10,7.13e-13,7040055195.0,0.0502,0x6e...ac6d,https://bscscan.com/tx/0x6c62743025777e0aff889a9ebfff73f00824c1fe904ffdf4657e9d8a618f719b
2023-03-24 21:50:07,False,2.282e-10,7.095e-13,44395830001.0,0.315,0x18...e2c8,https://bscscan.com/tx/0x3c7d84ce1f95081ace9ba9305b32a30fc3c67a7205f3bd18d9d922c49eddea62
2023-03-24 21:49:22,False,2.283e-10,7.095e-13,210918515172.0,1.49661,0x85...91ad,https://bscscan.com/tx/0xee7e9a1923c759f1a607fc72f7fd254a4445c282c565375cf1a3cfb036a0627d
2023-03-24 21:48:43,True,2.283e-10,7.131e-13,2804422599.0,0.02,0x5b...695a,https://bscscan.com/tx/0x776c9b44a6481b5d32d539dc70476e703e5db1f847f36df3f3d156e632727e85
2023-03-24 21:47:37,True,2.283e-10,7.131e-13,1000000000.0,0.0071,0xe1...76f2,https://bscscan.com/tx/0x3b4a56f19c21831ee41f5e04c38baaadbb9bbdfa9335222b88ad9a28f7c3ba35
2023-03-24 21:44:58,False,2.271e-10,7.095e-13,4929202707.0,0.0349,0xe9...aef6,https://bscscan.com/tx/0x3dddced1b4512f0aac992fe3bd3ee0f0c81a861c8ce788dca12d1f6c09e0653d
2023-03-24 21:44:28,False,2.283e-10,7.096e-13,10201922191.0,0.0723,0x2c...3a1c,https://bscscan.com/tx/0x657df1ff116137628540cbfffdf800f1c93121a8a0b860865b8ccf5b34b8a9f0
2023-03-24 21:43:22,True,2.295e-10,7.131e-13,590097844.0,0.0042,0xec...0df6,https://bscscan.com/tx/0xf17ab84e91212791ea94ca34e287f10711dc9079f9e42ddb3fa33f56c21a84c9
2023-03-24 21:42:22,False,2.278e-10,7.096e-13,37789216337.0,0.2681,0xe6...6065,https://bscscan.com/tx/0x5fa0ffc8edeab00075e6bf78bd31af408e35316ae66ce5c0c3f1b9139f4975e3
2023-03-24 21:41:04,False,2.279e-10,7.096e-13,4847052571.0,0.0344,0xe5...aa86,https://bscscan.com/tx/0x488a2f9a5d8abcc78810787d376f1e08f6932742246ee3f53140d43fd078e8d3
2023-03-24 21:39:58,True,2.302e-10,7.131e-13,7710395622.0,0.0549,0x37...c317,https://bscscan.com/tx/0x24b1f537b7f2d778b2df5cef7ca6092629641a4c14097527a778aa941366e99f
2023-03-24 21:39:46,True,2.289e-10,7.131e-13,5042914856.0,0.0359,0x95...e881,https://bscscan.com/tx/0x29d7d46146f3a9310c6ff3bc121ad8a91ce8b446ab8e4861bfd8ad4f3faceba9
2023-03-24 21:38:10,True,2.291e-10,7.131e-13,3000000000.0,0.0214,0x8a...6cc9,https://bscscan.com/tx/0x1e1616fc8cead188168b081104e211cabddd415229400ce9b487a205ca6dc165
2023-03-24 21:37:40,True,2.302e-10,7.131e-13,11253740747.0,0.0802,0x2b...4ed3,https://bscscan.com/tx/0x13a59ef359187de77e2734b2928f5edf8f4163af04ff593e8c0e3c37349864a5
2023-03-24 21:37:37,False,2.291e-10,7.096e-13,45497459379.0,0.3228,0xef...a6c6,https://bscscan.com/tx/0x02774b88f72795c77b5bb8d77e5b3c63ca70fe44c144a599812b55e54b9770b5
2023-03-24 21:34:37,False,2.291e-10,7.096e-13,5161068905.0,0.0366,0xcd...d463,https://bscscan.com/tx/0xfc60d65908bba0bb43d4aa7d66a18c84656da9005386481183a2b9c81f0e6ae9
2023-03-24 21:32:04,False,2.29e-10,7.096e-13,2868416272.0,0.0203,0x62...8c63,https://bscscan.com/tx/0x57abc9a19b05d3d4798f2e0dc4645f0331d4fe226b179bc48272c51f08a4a211
2023-03-24 21:31:31,True,2.302e-10,7.131e-13,3549213052.0,0.0253,0x98...43de,https://bscscan.com/tx/0x9da148ba3ad05dacc381a822d7d0c470071ad40af6c7d8e9ee8cb3f7b0cc5737
2023-03-24 21:27:43,True,2.302e-10,7.131e-13,2795915663.0,0.0199,0x75...3afa,https://bscscan.com/tx/0xae75c067628978a21cfa2cb749f5ca830d56693ec868f050705b1fe5a21e7c66
2023-03-24 21:26:49,True,2.29e-10,7.131e-13,4374759603.0,0.0312,0x73...c2db,https://bscscan.com/tx/0x3d38499f53a113914ea97600c08ab7a6a70eb69d0cebf88d15b97c8226fe4778
2023-03-24 21:25:49,False,2.279e-10,7.096e-13,34260763549.0,0.2431,0x22...2ff7,https://bscscan.com/tx/0x29aee63047f7c58c76ca8c19d8e33cbb148181a91033bcbd1a2290c94047bb04
2023-03-24 21:25:25,True,2.302e-10,7.131e-13,4206444255.0,0.03,0x44...bf1c,https://bscscan.com/tx/0x752828c67e56bcbd1a8334d21bc6b530fbec95726bd68959ad6630277b6f5d0f
2023-03-24 21:22:49,False,2.29e-10,7.096e-13,6660629861.0,0.0472,0xb4...6d92,https://bscscan.com/tx/0xfa4430b353fb8e17ae0475195fee7fe94344bf14c1cbf2721bdddd82abb581e5
2023-03-24 21:18:55,True,2.288e-10,7.131e-13,1482570000.0,0.0105,0xfb...9365,https://bscscan.com/tx/0xa9bd10b92bda69feed9a7baee43cdced679042f7f9c6dac6f9e04db988cc92a8
2023-03-24 21:18:49,True,2.288e-10,7.131e-13,3002000000.0,0.0214,0xf2...c5c2,https://bscscan.com/tx/0xe04c4b68c5feb1118c2b70b76883532adc197098a3b8262d9d48ecc3d19e0537
2023-03-24 21:17:25,True,2.299e-10,7.131e-13,809224275.0,0.0057,0x15...4042,https://bscscan.com/tx/0x10851de5a8b380b22622c6f880ce34ef36c27bcc9f3f9ada56d289131311335b
2023-03-24 21:11:58,False,2.288e-10,7.097e-13,856758717338.0,6.08096,0x78...83de,https://bscscan.com/tx/0xa86daeea0d46e9e36fa5b7bd4cc5c68956fd6d18f92c925bdc161163fa45eaf3
2023-03-24 21:11:49,True,2.289e-10,7.134e-13,10000000000.0,0.0713,0x85...f219,https://bscscan.com/tx/0xa41de9cd37cbafbbba6a24214daa39aed0e2494e1fb9843a36d598628bd7c6fd
2023-03-24 21:11:18,True,2.289e-10,7.134e-13,868728000.0,0.0062,0xaa...27ef,https://bscscan.com/tx/0x19a69ac06a7842f3988e998084c868ff41059ee4b1a40dca726cf16f6d2a6886
2023-03-24 21:11:12,False,2.277e-10,7.098e-13,3992929098.0,0.0283,0x57...2097,https://bscscan.com/tx/0x14f616e00a30d2204452d1b397d1aa9f53e52a82fbce67baa88024b1aacd1e3e
2023-03-24 21:08:33,True,2.3e-10,7.134e-13,10067032936.0,0.0718,0xd6...0480,https://bscscan.com/tx/0x5855c32d6a8891df1a65fc91cd3e0d5784e584adef78ecf68a2774c56cb40a3b
2023-03-24 21:07:18,True,2.289e-10,7.134e-13,1401631758.0,0.01,0x97...1822,https://bscscan.com/tx/0x908df478309ffd43ce05f248ab318ddbdc787cd4f9a6eb655ce337c40df6d085
2023-03-24 21:04:03,True,2.3e-10,7.134e-13,1611189492.0,0.0115,0xa5...3daf,https://bscscan.com/tx/0x71887be91486085f0d2c4a68c42e8ac49f191c90578ef8a004542e748719f9db
2023-03-24 21:03:06,False,2.289e-10,7.098e-13,37598493330.0,0.2669,0x0c...ffba,https://bscscan.com/tx/0x29b60c9e4417ede928ad7fae380b0a5f0fe7a53d9d6c5e94946f3d20f42435d2
2023-03-24 21:02:45,True,2.288e-10,7.134e-13,1184735014.0,0.0084,0xbe...ee10,https://bscscan.com/tx/0x25080c0f6b36e38b5862a15ce582a3314210d017bf26892a42f107c69cfbb0e8
2023-03-24 21:01:21,True,2.288e-10,7.134e-13,263389417697.0,1.87908,0x56...ed68,https://bscscan.com/tx/0xca8708416c697f6f5fa58d254678d7d1f58f9dd903e56cd46b240022e78ce0db
2023-03-24 20:58:06,False,2.29e-10,7.098e-13,3291760890.0,0.0233,0x28...f90d,https://bscscan.com/tx/0x2a49463dfc6c9c2923b4161f97953dfd216f8fb01e7a153825ed3a32c41ac781
2023-03-24 20:57:09,False,2.289e-10,7.098e-13,34388321340.0,0.2441,0x9e...e5f6,https://bscscan.com/tx/0xc4d64c8cf1eae5f9ca3136b118a683b9aebd7297fd8cea18f63bdc928f88a24d
2023-03-24 20:56:48,False,2.289e-10,7.098e-13,8462599111.0,0.06,0xc5...15ec,https://bscscan.com/tx/0x862f5f016c62ea14fb4b1f8dc99cab6952b419ac6f9800033c9c20ce3c97ab0b
2023-03-24 20:56:33,False,2.278e-10,7.098e-13,4500000000.0,0.0319,0x02...3b24,https://bscscan.com/tx/0x9e02148f10867526eb6a4fc563d6ebfa8b3b7ca3462a2e6c3bf5327bfb95ec66
2023-03-24 20:55:06,False,2.289e-10,7.098e-13,10609935552.0,0.0753,0xdd...6f48,https://bscscan.com/tx/0xdee4fac74d2ff966d537132d569c75abeb0593ad7a1a7af1a6698e844edd8f42
2023-03-24 20:54:30,False,2.278e-10,7.098e-13,99149071652.0,0.7038,0x39...87aa,https://bscscan.com/tx/0x45e47eca4423eb1e88726c130f70e987fb8649b6b7007a4f7bb4f4f139e28dee
2023-03-24 20:53:27,False,2.289e-10,7.098e-13,50392512834.0,0.3577,0xa2...ab73,https://bscscan.com/tx/0xe0bed283f3e89230964796efeaf5b5021bbd7cdbecab8414385ef6a2c7a42f1e
2023-03-24 20:51:12,True,2.289e-10,7.134e-13,25500572643.0,0.1819,0xd7...7f19,https://bscscan.com/tx/0xaa82b3498cf259415ae04279cae9eb9dcb2baf38b0746a513bd133449c895139
2023-03-24 20:50:33,False,2.289e-10,7.098e-13,2083484965.0,0.0147,0xee...5cdd,https://bscscan.com/tx/0xa47501c5f4ef90fead82143cc8c3aca982a0c6b131ed903a7e4606fea1640e0f
2023-03-24 20:49:12,False,2.289e-10,7.098e-13,18414388649.0,0.1307,0x4d...206e,https://bscscan.com/tx/0x239342ace3388342b7290663e2d5a84423e129ead01d3f6c0c3a2e6848535d5e
2023-03-24 20:47:54,False,2.277e-10,7.098e-13,21873071887.0,0.1552,0x62...fc77,https://bscscan.com/tx/0x3233da57e71466e1ad954163167c37b60268f22f7a7292e55c2e55a5ca33f671
2023-03-24 20:46:33,True,2.289e-10,7.134e-13,64502311648.0,0.4601,0xab...a56b,https://bscscan.com/tx/0x6bc3a949c5cba7330897604337c14e699246558afc785e144369639f918aa2e6
2023-03-24 20:44:42,True,2.289e-10,7.134e-13,21025192965.0,0.15,0xec...c7c8,https://bscscan.com/tx/0x71485be744d48dd5f32bf90179bd0ebba0c994cad983b7ecb7a53264c727a51c
2023-03-24 20:44:33,True,2.289e-10,7.134e-13,8834001.0,6.302e-06,0x3c...44f8,https://bscscan.com/tx/0x7ca5787697f008584383f0d9b1330401d999351be30bfd0258c641029b468d56
2023-03-24 20:41:51,True,2.288e-10,7.134e-13,4407500143.0,0.0314,0x51...d740,https://bscscan.com/tx/0xeef9aaef33d176e0f70bf9e5ae40b2f919e45d24e8af62433fb3ab894d390137
2023-03-24 20:39:51,True,2.289e-10,7.134e-13,21025428586.0,0.15,0x8b...9be9,https://bscscan.com/tx/0xceac7d5c22949ac75b701d5d80737fd054d3d3a76fc0ce1cf9f0e151659586d7
2023-03-24 20:39:30,False,2.277e-10,7.098e-13,18900000000.0,0.1341,0x80...bd08,https://bscscan.com/tx/0x70fb98e5b342fb50672835503496e098cb4e0e41f2d464ba55fed3bc6d672ab7
2023-03-24 20:38:27,True,2.289e-10,7.134e-13,2147100000.0,0.0153,0x84...0280,https://bscscan.com/tx/0x99a353a6420d4f9d643e21474fbc6cb929a967496b5661d4482263be5f3e62d1
2023-03-24 20:36:54,False,2.289e-10,7.098e-13,31168681566.0,0.2212,0xf5...a570,https://bscscan.com/tx/0xfc3d5fe84fda69a6a39671ef293b210f9517a6c1cde92b17cccc66e698d5373c
2023-03-24 20:36:36,True,2.3e-10,7.134e-13,13765000000.0,0.0982,0xe1...aac0,https://bscscan.com/tx/0x264f0279417b3a0b00fe9741f5e4826228676dc5233e0a9ea5115bd898452ec6
2023-03-24 20:32:33,False,2.277e-10,7.098e-13,33218286032.0,0.2358,0x6f...f190,https://bscscan.com/tx/0x92ffb298c40f7552e8d376cb124d982de444dea9372c7ee3f41290c44a7ddae5
2023-03-24 20:32:10,True,2.3e-10,7.134e-13,1680000000.0,0.0119,0x84...0280,https://bscscan.com/tx/0xe8cd63b2bcb50cfb02b38507d6c9c46372ead8d301b8ea924cfe043ca3d3d65f
2023-03-24 20:32:07,True,2.3e-10,7.134e-13,156300424435.0,1.11507,0x15...4042,https://bscscan.com/tx/0x96a6bebfce2e6d8d0a1e712fcae57e4b78dee62ba2ae404584590c0b2315ba22
2023-03-24 20:31:24,True,2.3e-10,7.133e-13,6372283519.0,0.0454,0xc0...2ab0,https://bscscan.com/tx/0xff6518c286ae7094b57e542475c580589836c1d2556329977c2b44526872f9e3
2023-03-24 20:31:15,False,2.289e-10,7.098e-13,99054276910.0,0.7031,0x2c...6e49,https://bscscan.com/tx/0x6a28df348eced6b19159b4624c64de9a233b439c715b5da190208242463e3610
2023-03-24 20:27:37,False,2.289e-10,7.098e-13,129403619344.0,0.9186,0xd9...4121,https://bscscan.com/tx/0x658caa37264e142b910740a641f6c98eb85b8011e3abc97ac45c8def13bc06d1
2023-03-24 20:26:42,True,2.289e-10,7.134e-13,1443229230.0,0.0103,0xad...34b6,https://bscscan.com/tx/0x029ed4aa3b746eef365ffecea7efabac52ea54e46bda9de5f8cf904ee49dcb0f
2023-03-24 20:26:20,False,2.278e-10,7.098e-13,4736700532.0,0.0336,0xc3...6f1b,https://bscscan.com/tx/0x94a393b331c66bad926bfaa9bc1b410ff2902d07a6dc93de3d63789da21d74fe
2023-03-24 20:25:51,False,2.274e-10,7.098e-13,9000000000.0,0.0638,0x85...c1c5,https://bscscan.com/tx/0x84c7f32ea5c0403923e203870e21705e4158ff4da12f75df9dd32b9de0d3b936
2023-03-24 20:25:38,True,2.297e-10,7.134e-13,36695000000.0,0.2618,0x12...b56c,https://bscscan.com/tx/0x9c9f23b3a3d8d1ef35a212f9ee4e6979d58d5d49647db4a11bcaecc730f84622
2023-03-24 20:24:49,True,2.297e-10,7.134e-13,2751531348.0,0.0196,0x6f...99da,https://bscscan.com/tx/0xb6a98173bb44f5d41ed25e7fcf222e3190533726f156881bfbaf9ae57a79b2aa
2023-03-24 20:23:46,True,2.297e-10,7.133e-13,406511891954.0,2.9,0xe6...5982,https://bscscan.com/tx/0xb3f31750f6b614784337f46b8e285ead27ecb20440d55c715e9a781178cfa195
2023-03-24 20:22:19,False,2.285e-10,7.097e-13,4397994714.0,0.0312,0x2a...b0fa,https://bscscan.com/tx/0xdbcddb90c512c139dcefb87cdb2cf1a985527fd7cb4d6903a0cfdba7cea634be
2023-03-24 20:21:54,False,2.272e-10,7.097e-13,11700000000.0,0.083,0x29...d075,https://bscscan.com/tx/0xbb4f14e6ef04a2d549c9c63810c2c413abc5bba75a1c42bddc7e698a96b8286a
2023-03-24 20:20:14,False,2.284e-10,7.097e-13,63000000000.0,0.4471,0x85...c1c5,https://bscscan.com/tx/0x216e5b351e2b9f9a29acbbdeefcb75da96396e309eb43163b451f36d6eab0a57
2023-03-24 20:19:52,False,2.273e-10,7.097e-13,16548875793.0,0.1174,0xd3...5e23,https://bscscan.com/tx/0x3dcadbd30f55698b5b7d4478c550c6692a806bd789204a91911dfedd3cc15c53
2023-03-24 20:18:46,True,2.285e-10,7.133e-13,3799850000.0,0.0271,0x5f...f990,https://bscscan.com/tx/0x88699eb3a165e30d766d2dd48f97089647afe51deedccc946c30a8be1821ccad
2023-03-24 20:15:16,False,2.283e-10,7.097e-13,7018494061.0,0.0498,0xfb...e36c,https://bscscan.com/tx/0x59e04d74354285743a26fc5822d51078d13e7637d228f76d8f8643f7f92a5bef
2023-03-24 20:13:25,False,2.273e-10,7.098e-13,77782504618.0,0.5521,0x5f...3151,https://bscscan.com/tx/0x27f1c405c8c300e21629340e8764f2a19cb0bd0474048c6ebecd058278299cd1
2023-03-24 20:11:16,False,2.284e-10,7.098e-13,22081048329.0,0.1567,0xfa...eb2b,https://bscscan.com/tx/0x5b5839930d269a96fbd00ae5568b1f67e1eeac3d5bc05abd8a68ba9b3245b64a
2023-03-24 20:09:49,True,2.284e-10,7.133e-13,1598167523.0,0.0114,0x15...4042,https://bscscan.com/tx/0x1dbcb1d905b378a86ee607ea6e14963e591934ea6eab01bbac504c6495d77a5a
2023-03-24 20:08:07,True,2.296e-10,7.133e-13,4351081252.0,0.031,0xb4...b200,https://bscscan.com/tx/0x5c1bb4b5835982419751dcc1a4348c31f4f7eb4032e5aa392ecbe762855bc042
2023-03-24 20:06:37,False,2.284e-10,7.098e-13,4174385285.0,0.0296,0xae...f971,https://bscscan.com/tx/0xf47dfae4ee1720212f27201f002998cd3b53009b3d8cc532deddcfb67c05e0d8
2023-03-24 20:05:10,True,2.292e-10,7.133e-13,29200000000.0,0.2083,0xf6...e24d,https://bscscan.com/tx/0xa553444a9efadc069fd725a04d7a1c90542a7116410be9b99e8e212d3a016fe1
2023-03-24 20:01:13,False,2.27e-10,7.098e-13,243102570190.0,1.72567,0xf4...175c,https://bscscan.com/tx/0x1d8d709a51583db22e32eb1d394ec65b7aada84a94861f1cbcb190b1e9b2d3fe
2023-03-24 20:00:52,False,2.27e-10,7.098e-13,55735773290.0,0.3956,0x08...fa46,https://bscscan.com/tx/0xbc1e7a55ccc9d9a4cb25b6c8f8f9a9f87fe668743111dd2248f1922bbf6a7cbb
2023-03-24 19:58:25,False,2.27e-10,7.099e-13,103697478359.0,0.7361,0x03...3709,https://bscscan.com/tx/0xef91587abf0c20563c6aa796d543d9a4c01ab0f0d8224255683c2f7351693c23
2023-03-24 19:58:10,False,2.281e-10,7.099e-13,8607780069.0,0.0611,0xb8...c69e,https://bscscan.com/tx/0x49b008f530621edf797c676ad6f7791fed8f5afcaf37b994a615323bec2e60f4
2023-03-24 19:56:07,False,2.27e-10,7.099e-13,9900000000.0,0.0702,0x2a...dd67,https://bscscan.com/tx/0xd7446881f5d31c358be4d305bb8da3a8ff755ce941850eed14a289319a2c331f
2023-03-24 19:53:58,True,2.287e-10,7.135e-13,7936940791.0,0.0566,0x02...0a8f,https://bscscan.com/tx/0x52ef92fbfa51c9a94107790cbc6e77218d4f59bb80ec5da059fcfaab7a4a633b
2023-03-24 19:52:31,False,2.275e-10,7.099e-13,9005824115.0,0.0639,0x03...3709,https://bscscan.com/tx/0x4b2afed4b2d5b66cd942c8e30824432a48fc18062fdeeece5c910cf166bb7aca
2023-03-24 19:52:10,False,2.276e-10,7.099e-13,223229249847.0,1.58488,0x76...4b63,https://bscscan.com/tx/0x2c93c7acff779b820705b46d9e3e1b14c7781d322a4556910207d9536066123e
2023-03-24 19:49:46,False,2.275e-10,7.1e-13,8285869082.0,0.0588,0x4d...e378,https://bscscan.com/tx/0xbbd719247de2fe44a4b72649af8de6231e5f1373dac9b9d06236d3583a3b5651
2023-03-24 19:46:37,False,2.263e-10,7.1e-13,7038083123.0,0.0499,0x07...2988,https://bscscan.com/tx/0x9534f57cf80a70d2d738cbc1625be29952003ab46ab7a9594e886735cc1b8d4b
2023-03-24 19:45:49,True,2.287e-10,7.135e-13,13172997921.0,0.094,0xc7...1b5e,https://bscscan.com/tx/0x01b622c5d6dc9bce23470d73fc2e4ae4fa5d30427222f8893cb947bee1e9ae53
2023-03-24 19:43:37,True,2.275e-10,7.135e-13,15138164485.0,0.108,0xef...4039,https://bscscan.com/tx/0xff1b38e07bd50744f9a8879c373ba96e36b3eab4f42dfbf39d2d2d4a18fafb83
2023-03-24 19:40:37,False,2.263e-10,7.1e-13,4659658810.0,0.033,0x96...069c,https://bscscan.com/tx/0x2392033bb087207857d79dbac58b6112f5aa02e40fc35080ca6951ebada35a6f
2023-03-24 19:40:01,True,2.286e-10,7.135e-13,2186625288.0,0.0156,0xe6...f703,https://bscscan.com/tx/0xb09a79fd11ac4ac92b11d5d90a62f4bafa8d639597c2b09da0bd8e4cc9a9b51a
2023-03-24 19:39:25,True,2.286e-10,7.135e-13,3419034842.0,0.0244,0x40...bfa6,https://bscscan.com/tx/0x7bc67bd0b5dd155688742507b9c164bcebb52fa689f675ffed124ef3da47fa46
2023-03-24 19:39:16,True,2.274e-10,7.135e-13,90868205801.0,0.6484,0x83...d28e,https://bscscan.com/tx/0xc1ad9cdac11420f16f355fdd6ae87672151d0cf079d440ecb9aaf523d5876809
2023-03-24 19:37:16,True,2.286e-10,7.135e-13,11860554553.0,0.0846,0x5a...7c1c,https://bscscan.com/tx/0x5f42fa2a7eb84a356393a4c48f82b8367760298e02134d7ed3c8d874f0adf8e9
2023-03-24 19:37:13,False,2.274e-10,7.099e-13,9253603142.0,0.0657,0x0d...e3c4,https://bscscan.com/tx/0x1d0688d64edf9c8864f03a8fdfd9aeff88121231a28081ae75cccbf929a06f8e
2023-03-24 19:36:58,False,2.263e-10,7.099e-13,9900000000.0,0.0702,0x91...9b98,https://bscscan.com/tx/0x0dd095e792c65954286faaaed0178a2746def4253facfae48599b05f3998a0d2
2023-03-24 19:36:55,False,2.263e-10,7.099e-13,45975342627.0,0.3264,0x8b...7aee,https://bscscan.com/tx/0x4dbcceec7fe8a762c6ccda443f8a7d2d51b7f16e8da9207a00163eb71d232889
2023-03-24 19:33:49,False,2.263e-10,7.099e-13,9000000000.0,0.0639,0xb2...0b40,https://bscscan.com/tx/0x6451df49f9bb49bcc76e165376a367bfccf2ecadea3ea61b82b147c4572478fa
2023-03-24 19:33:28,True,2.285e-10,7.135e-13,7007080011.0,0.05,0xce...828d,https://bscscan.com/tx/0x456ed3ef1e6e3e7f5886db2a37046bdea9949e36d0c3e8b0653d4edf6a24c006
2023-03-24 19:32:58,False,2.262e-10,7.1e-13,18507133292.0,0.1314,0x0d...e3c4,https://bscscan.com/tx/0xe9f04104fdcccd4104bd1dd81f313c3325a7e453f7a38214acec604af50738a9
2023-03-24 19:32:37,True,2.285e-10,7.135e-13,1000000000.0,0.0071,0xc1...14c6,https://bscscan.com/tx/0xb2f3ef5586ab1baebabacaecb8878a157eae41a4e18110759937e213df9b559e
2023-03-24 19:31:37,False,2.262e-10,7.1e-13,103894481840.0,0.7376,0xc4...6d6a,https://bscscan.com/tx/0x5e9e3b0a7330f49c310f156974d80c8ba73e946434ab8e9dff7dc11552f2e9b2
2023-03-24 19:31:31,True,2.274e-10,7.135e-13,10000000000.0,0.0713,0xc1...14c6,https://bscscan.com/tx/0x3e38a69cea74a2991edf572612a29c91293efeed88f6cf80dc53cd113b1423ff
2023-03-24 19:30:40,True,2.274e-10,7.135e-13,10000000000.0,0.0713,0xc1...14c6,https://bscscan.com/tx/0x91f4f3d0fa702c90eeb018e4f4f325ecefe6a8ad8bb080ccf37d03d82d56dc26
2023-03-24 19:30:28,False,2.274e-10,7.1e-13,21189776658.0,0.1504,0x60...b8fa,https://bscscan.com/tx/0x8d1027955e9c9dd85b9973e4f7e0bda14870bf22dd7e9fdbda4ccba881093c7d
2023-03-24 19:29:52,False,2.274e-10,7.1e-13,43017049307.0,0.3054,0x44...ff0f,https://bscscan.com/tx/0xa173e2edc4c6a51ba3d36e02ff16d45401c2f30ba1c4883aed6409913a6bc978
2023-03-24 19:26:55,True,2.274e-10,7.136e-13,4117008986.0,0.0293,0x9a...6a00,https://bscscan.com/tx/0x0bd58c27f61dfad4e0e673b123227ee2beec59423bcca366fa2154b4ad88133d
2023-03-24 19:25:55,True,2.274e-10,7.135e-13,280281213167.0,2.0,0xef...b34b,https://bscscan.com/tx/0xf9d3b46b0c6541560f8362c2d4292a630270fbbcf4dc2eed46bb4e1c6e17ef8f
2023-03-24 19:21:19,True,2.286e-10,7.134e-13,621517827300.0,4.43408,0x0b...c6a2,https://bscscan.com/tx/0x6b3898dd1ddef20da4b7119e73405b0cc8e22de8d127bf50cc3f9e3ede2f4a68
2023-03-24 19:19:58,False,2.274e-10,7.097e-13,84457994894.0,0.5994,0x04...7eef,https://bscscan.com/tx/0xd05866e8cd9aa51293d38de4c7a4480eaa0a9e7575bee2e2b920aba9b43dd509
2023-03-24 19:17:51,False,2.264e-10,7.097e-13,10784529084.0,0.0765,0x2b...5624,https://bscscan.com/tx/0x2059f15420b4308771e9eab0d362b72ea3760432127661479b26a2290066fde0
2023-03-24 19:13:44,True,2.285e-10,7.133e-13,1091983436.0,0.0077,0xec...fcc5,https://bscscan.com/tx/0x5c226b608848d3264d146c8b894db6755fdf622d5434b5352db60b734599ba42
2023-03-24 19:13:19,False,2.273e-10,7.097e-13,4500000000.0,0.0319,0x3c...0e5a,https://bscscan.com/tx/0xe033416fd54bc79ec382eb04a4e60e807f0822d9b6a3088a3677fb9a2a6188a2
2023-03-24 19:12:36,False,2.258e-10,7.098e-13,18035042862.0,0.128,0xca...4f16,https://bscscan.com/tx/0x57e3fbcd2a5e245115b286cf5c8a64a915565d770d6a31b2c0ab27cd69b20e8d
2023-03-24 19:11:48,True,2.282e-10,7.133e-13,5446809883.0,0.0388,0xb8...bc3c,https://bscscan.com/tx/0xfb50652dd4ce66e022985aafc8f98d39740e4ebf42cac5ab7ff8dd47622a4501
2023-03-24 19:10:27,False,2.258e-10,7.098e-13,9052967295.0,0.0642,0x60...b8fa,https://bscscan.com/tx/0x0e1bc755110818fcd2b84a895bf08f338dbc45ae429fe508a02b0f51435a754d
2023-03-24 19:08:51,True,2.265e-10,7.133e-13,774516009.0,0.0055,0xd2...2897,https://bscscan.com/tx/0xe221c2919ddde81321112ffbe41e71297ce73d001bb7e7b2f4f2b52708861ea6
2023-03-24 19:08:27,False,2.252e-10,7.098e-13,4422714993.0,0.0313,0x07...2694,https://bscscan.com/tx/0x8fca151d7a53fadc160586f293cb5f2e5c2159e01cf80f4980980ee5a3d116bc
2023-03-24 19:07:45,False,2.264e-10,7.098e-13,10416140587.0,0.0739,0x47...7629,https://bscscan.com/tx/0x99d67c456c4f362a540982363806bcdca6731a9d0e900551253db9212b1f84be
2023-03-24 19:07:06,True,2.273e-10,7.133e-13,23473422505.0,0.1674,0x38...cfbd,https://bscscan.com/tx/0x7d39163a9046cca99c4095773502f57878351d43053fd64db78ae9370d29acc3
2023-03-24 19:06:06,True,2.26e-10,7.133e-13,33384141219.0,0.2381,0x9c...f02a,https://bscscan.com/tx/0x12647e3ae0986e1c91729e53723812a6d1965ddff13674cf0d23052fdb9d6cad
2023-03-24 19:04:51,True,2.26e-10,7.133e-13,26828305324.0,0.1913,0xf2...f488,https://bscscan.com/tx/0x9a0289cd4ecf8a3c62d5dcce9aa1a6583d7af95fd6e86f773aca02b787649317
2023-03-24 19:02:45,True,2.26e-10,7.133e-13,8831640001.0,0.063,0x63...a5bb,https://bscscan.com/tx/0xa9b718bb85ad35cfef4632646832eed7e049ce478244ee9726efb75450116ab0
2023-03-24 19:01:03,True,2.272e-10,7.133e-13,48800000000.0,0.3481,0x7a...1122,https://bscscan.com/tx/0x14354217fda88a7b86ab8b2d530e72778cd4ddbc895fa81548d7b1b27dacba2a
2023-03-24 18:56:44,False,2.251e-10,7.097e-13,2847183531.0,0.0202,0xaf...ff11,https://bscscan.com/tx/0xe8feca28c0d52dfe6ab5784fa7600c1e224428a759b7b2ba9bf342cf6358a9ca
2023-03-24 18:55:59,True,2.273e-10,7.133e-13,3329671142.0,0.0237,0xb5...e98f,https://bscscan.com/tx/0x5da1a6e4d6df4f48fc93542d42ee1a3593ace2e24f2f0a8cdefe4995b580c4e5
2023-03-24 18:55:23,False,2.25e-10,7.097e-13,10147366284.0,0.072,0x57...c684,https://bscscan.com/tx/0xb693d50cb5edb464b9c0243517c308a3b7b3578c8d043c4a2332d102abdfd9c9
2023-03-24 18:55:17,False,2.25e-10,7.098e-13,248140845872.0,1.76132,0xa2...f111,https://bscscan.com/tx/0x8f148f2683ddc2047ee6524f4cec99c0b10645ffa7bba30db077f3a5ea79e328
2023-03-24 18:54:56,True,2.272e-10,7.133e-13,55052886564.0,0.3927,0x06...780b,https://bscscan.com/tx/0x2d46309d12fac7e4c2fadfb3e3d87bd5591d99d62a8e848d6f38a15374aa3b69
2023-03-24 18:54:32,True,2.261e-10,7.133e-13,1051317201.0,0.0075,0x46...3914,https://bscscan.com/tx/0xfc16a009d91130b1fe0b1f6b1d64d9d196a15fbf01164e7f332dbc1a4847525e
2023-03-24 18:52:05,True,2.273e-10,7.133e-13,18958500000.0,0.1352,0xc6...6e69,https://bscscan.com/tx/0xdc1cf7014d0da2c1dd6dd2fa807ea6a9cef329300c90fa15d4e0d56bdfc4c930
2023-03-24 18:51:29,False,2.251e-10,7.098e-13,15081494050.0,0.107,0x35...8845,https://bscscan.com/tx/0xd8c80d76a7964e5b8bd31cf5d58290bfcc94155937d088a1eeab23c49aca4674
2023-03-24 18:50:47,True,2.274e-10,7.133e-13,15031084079.0,0.1072,0x2d...9142,https://bscscan.com/tx/0x6f9d9a125d912ac06dd14bb1bbe594519e7922066c708b4261b2634cc600995d
2023-03-24 18:48:59,True,2.281e-10,7.133e-13,4345480000.0,0.031,0xe9...8385,https://bscscan.com/tx/0xcb4db4437ec566cc1e80a498c61853269ba9575d2e4d788d25cd76fdee2f210a
2023-03-24 18:48:14,False,2.271e-10,7.098e-13,83788462821.0,0.5947,0x74...631f,https://bscscan.com/tx/0xed014f187894f9e0c03025199f194c2473901b2410565c6bb2ba7d6f1ea16510
2023-03-24 18:47:53,True,2.281e-10,7.134e-13,819386177.0,0.0058,0xe3...53c5,https://bscscan.com/tx/0x4c4fb988a24a0ecff3cd6aaeb8c6bf0d02e8900b86c1454ff229a4b751ac7cec
2023-03-24 18:43:32,False,2.26e-10,7.098e-13,90016385847.0,0.6389,0x8c...092b,https://bscscan.com/tx/0xfcddb628562db1118ba0db96347c8064c01ac8e9d357f43ffa6492560f89f87e
2023-03-24 18:43:23,True,2.284e-10,7.134e-13,5000000000.0,0.0356,0x39...0f73,https://bscscan.com/tx/0xf8169f74240d0fb1cdb09a17653ceafda3e5afa0d98021c08fe629cecbe8199d
2023-03-24 18:41:03,True,2.275e-10,7.134e-13,5402786991.0,0.0385,0x7d...3dc7,https://bscscan.com/tx/0x118e47120ea92172f6a3199090c20ebb5cead6e255272e4b681a61d89763d91e
2023-03-24 18:40:24,False,2.276e-10,7.098e-13,2558450593.0,0.0181,0xfc...d954,https://bscscan.com/tx/0xb098c957c9cf287dc9f15d1196026bb30dd9ce8b5b175b418dc0ef9666d682b5
2023-03-24 18:39:29,True,2.276e-10,7.134e-13,4485346141.0,0.032,0x7f...7cb0,https://bscscan.com/tx/0x27883104b29b36828c66d80fc2c5a5b7d8ea564293cb7acccb265e6474d9610a
2023-03-24 18:35:23,True,2.274e-10,7.134e-13,38118593044.0,0.2719,0x4f...d9a7,https://bscscan.com/tx/0xa35f7b7372f1db0d733d4116ea129f98bcc5f7edcb6945c83b98df8ff5ba91ba
2023-03-24 18:34:29,False,2.263e-10,7.098e-13,39017200343.0,0.2769,0x73...805a,https://bscscan.com/tx/0xf935a66d1c5276ef21ae87c5a8ece5b698d98e11fa0f6abcdf3cbc283f1b8882
2023-03-24 18:34:23,False,2.263e-10,7.098e-13,18461106763.0,0.131,0x3c...d611,https://bscscan.com/tx/0x0050eff95480ddf9a2f72ba4c8b2dd7a1c037bdf7bf2b815273b8747648e8a98
2023-03-24 18:33:53,False,2.263e-10,7.098e-13,21188114326.0,0.1504,0xf9...6e0d,https://bscscan.com/tx/0x46dfe5376d5b4bc503247f07421c031c7608cc417c7a60b8297d6fb3f9ff1fa7
2023-03-24 18:32:47,False,2.274e-10,7.098e-13,2512364198.0,0.0178,0x6e...28bd,https://bscscan.com/tx/0x9c806d0b06d79af3322af29fdd1cbd8f8888af61e5ce355c67afe18cdec939d9
2023-03-24 18:32:41,False,2.274e-10,7.099e-13,180000126105.0,1.27784,0x18...8646,https://bscscan.com/tx/0x46ec38dcc6d54a14fb91b92ac3ec011d5adf2b28551fac3aa08240ccd64e2850
2023-03-24 18:32:08,False,2.263e-10,7.099e-13,3589999618.0,0.0254,0xc2...7007,https://bscscan.com/tx/0xc87f051f45aeff70aaa20d6ce21c1c60379003726408800180aa6a9d1c344c36
2023-03-24 18:31:53,True,2.273e-10,7.134e-13,37074342296.0,0.2645,0x04...1255,https://bscscan.com/tx/0xd7d3284119e1fa21ad26e653877c556de73041d98c06f4da3162041d987066c0
2023-03-24 18:31:29,False,2.262e-10,7.101e-13,1455822168521.0,10.3386,0xab...3c42,https://bscscan.com/tx/0xc836790540b2670a001a29f9ccb3128b91d38804438ede2e6a246ad896612650
2023-03-24 18:28:32,True,2.286e-10,7.139e-13,4902311804.0,0.035,0x08...0c68,https://bscscan.com/tx/0x0af693bc58eb45f8c65644910ee86c65c2f572cab7bd2fed205544a400323392
2023-03-24 18:27:45,False,2.275e-10,7.104e-13,450626473191.0,3.20149,0x18...8646,https://bscscan.com/tx/0x9b3ed34e85ff9978f9783122e0b7400639dcb0df2db824aadc8b861993a0e3e2
2023-03-24 18:26:48,True,2.286e-10,7.14e-13,1279806258.0,0.0091,0xbe...cf73,https://bscscan.com/tx/0x37086433adaff27074adff66e4d7672304f80bfc644c6d6e993f91cd52e58565
2023-03-24 18:26:30,False,2.275e-10,7.105e-13,9057139459.0,0.0643,0x36...f200,https://bscscan.com/tx/0xf4cc9486f3d9c65df8e6937dd98c7ae0cd6366e20dffd15dc802eda88e5a37bb
2023-03-24 18:25:57,False,2.263e-10,7.105e-13,10924548000.0,0.0776,0xa4...314b,https://bscscan.com/tx/0xc1fd65b41465892d21ae3c2f339d71f41fc2699118e366c314f81d7aff874818
2023-03-24 18:25:21,False,2.274e-10,7.105e-13,20006335901.0,0.1421,0x7f...e829,https://bscscan.com/tx/0xc5ea00f12ef5bfdb0b51ca5188b14a29768efa94affb0ad2fcb087ec05e1df7b
2023-03-24 18:23:27,False,2.281e-10,7.105e-13,360000000000.0,2.55813,0x4a...54cb,https://bscscan.com/tx/0x90e04a1c4a33f9f9a0e533eb91993ced292b521300d9c6ebaf64e16edcc494f6
2023-03-24 18:23:15,False,2.281e-10,7.106e-13,22503569613.0,0.1599,0x0f...3477,https://bscscan.com/tx/0x8c538e1bb90d2363d7f5fda25c2957ba838ed53700a613c337cf848370b9becf
2023-03-24 18:21:21,False,2.281e-10,7.106e-13,900000000.0,0.0064,0x73...2653,https://bscscan.com/tx/0x1b5fb33c3f7331bcb771cf8c492721e3d72e400537e8521e2ebd6945cec954c8
2023-03-24 18:20:57,True,2.293e-10,7.142e-13,1232567283.0,0.0088,0xbb...211f,https://bscscan.com/tx/0x106321200cb63a2a368e278daca4e5887707a17a7c5ba9f06447038f4c1c1c3f
2023-03-24 18:18:39,False,2.27e-10,7.106e-13,4950000000.0,0.0351,0x35...bf10,https://bscscan.com/tx/0x4c312dc3c9c8339938cb60fea7d87a9b7ab5508e476f439a7c4701f989b7bd2a
2023-03-24 18:15:03,True,2.296e-10,7.142e-13,14499200001.0,0.1035,0x85...afdc,https://bscscan.com/tx/0xe3e084a668599a57a020be2e94ac06e1effbecff297b0b631432137de87531a6
2023-03-24 18:14:24,False,2.284e-10,7.106e-13,58640943062.0,0.4167,0x48...4529,https://bscscan.com/tx/0x6cc32ebd564b3a5743deaadb0f86363915b9ae8ed8b22697dc8efc7bbca73c8e
2023-03-24 18:11:06,False,2.273e-10,7.106e-13,41848448515.0,0.2974,0xdc...cb44,https://bscscan.com/tx/0x24c66b940f297989a5440be763e667107553e3e0b199e24c202b880e858c58e2
2023-03-24 18:10:57,False,2.273e-10,7.106e-13,25009136560.0,0.1777,0xd1...daf9,https://bscscan.com/tx/0x832060837c8da0fc8fed8b879f4e6d5438812262275f6611a023b02464240b08
2023-03-24 18:10:33,False,2.285e-10,7.106e-13,2775467870.0,0.0197,0x68...3c68,https://bscscan.com/tx/0x63847b4658ddc68274c22c64c73f965b4d983bab4b2d4e8a154577297ded473b
2023-03-24 18:10:18,False,2.285e-10,7.106e-13,975467870.0,0.0069,0x68...3c68,https://bscscan.com/tx/0x9a3770d74ca647b3e59cc490c19dceaff839c9a2facb3037cf1fc2f893333c61
2023-03-24 18:08:48,True,2.285e-10,7.142e-13,39985822027.0,0.2856,0x89...81c2,https://bscscan.com/tx/0x0fd952a194b635e4fd475e2c0f204ec11faa78d9f3b1fab54f07f6631ca9960f
2023-03-24 18:07:24,False,2.285e-10,7.106e-13,15340909091.0,0.109,0x31...e02d,https://bscscan.com/tx/0xa5fd234ac86afa4036683e578e5415c76331cf1c17e017f61b676f3bd082f047
2023-03-24 18:03:54,True,2.296e-10,7.142e-13,21000000000.0,0.1499,0x0f...3bf5,https://bscscan.com/tx/0x6654ba6790fa8a9870a146223dec26f498f8fb7d3b886e64d85c3c37f64956c5
2023-03-24 18:03:39,False,2.274e-10,7.106e-13,20790819013.0,0.1477,0x3f...79d8,https://bscscan.com/tx/0x1ce3dbc16eeaed085b9eb58ebb67213c0a14728224b10793da7ae563e95d27d3
2023-03-24 18:02:54,False,2.286e-10,7.107e-13,334837745281.0,2.37982,0xf9...9614,https://bscscan.com/tx/0x759b680648bf7bc75309264f31a87ac4602a598d357a0eb8938dee6f2988c545
2023-03-24 18:02:24,False,2.286e-10,7.107e-13,22817175117.0,0.1621,0x44...908a,https://bscscan.com/tx/0x92d080a5353f42dd73a46ca32d1ef011551cb1fd9b0a631a14039bbe01c5bad7
2023-03-24 18:01:42,True,2.297e-10,7.143e-13,258986000001.0,1.85,0x1d...2104,https://bscscan.com/tx/0x3d0d9b69a276aa685080d2af854f454fd754e14171e34a9042b2e77ea66fbe53
2023-03-24 17:59:48,False,2.287e-10,7.107e-13,269560635258.0,1.91592,0xc9...c164,https://bscscan.com/tx/0x694171ea51b88baad33bd1a7d35fbc4406cbb3ae71c6c70c1cc39b1874d88997
2023-03-24 17:54:36,False,2.275e-10,7.108e-13,9000000000.0,0.0639,0x8b...6ad1,https://bscscan.com/tx/0x27a8bb29b6d0c33fae06495b75b6f9cef9cb1b66195d419eb6400bb0ab92c5c8
2023-03-24 17:54:09,False,2.286e-10,7.108e-13,11025673898.0,0.0783,0x16...2e8d,https://bscscan.com/tx/0x76d5c5dad8492f136fc0e4b553c611e8b2bd539905b2bd2b3da6ab64c00d233f
2023-03-24 17:53:48,False,2.286e-10,7.108e-13,84889930597.0,0.6034,0xad...b7d2,https://bscscan.com/tx/0xc893a8c3c5daf928a83734787cb63a2c202bd75dc557ded2b37b31955f48aa1a
2023-03-24 17:51:33,True,2.298e-10,7.143e-13,97984355.0,7e-05,0xa5...1d70,https://bscscan.com/tx/0x228ad35258d626bc639a8c2323e83787666e9e0a5c2417f0aa81e7729b12f32d
2023-03-24 17:51:21,True,2.298e-10,7.143e-13,4619260000.0,0.033,0x56...1f4e,https://bscscan.com/tx/0x1a4dc78931bff2e06eb8f6a40c63bb8c01493dc753a7a2e37c9d669594e097a3
2023-03-24 17:50:03,True,2.297e-10,7.143e-13,8109248854.0,0.0579,0x02...0a8f,https://bscscan.com/tx/0x09ed607eb09dd4e01f9f30f57c2f2e47d029583a400881b6da8c971df7af89bb
2023-03-24 17:48:42,False,2.286e-10,7.108e-13,10028659082.0,0.0712,0x4f...a710,https://bscscan.com/tx/0x3f4822f86df66f9b53d09e18fe6348c9003e3017aba89445bf9fd529f7d851a8
2023-03-24 17:48:24,False,2.286e-10,7.108e-13,24583228099.0,0.1747,0xcb...b85e,https://bscscan.com/tx/0x4c3b182ceea4d4e25c6b6ce278e64088c09dbb57172e79a8823257cb2a935b08
2023-03-24 17:47:33,False,2.274e-10,7.108e-13,78851755374.0,0.5605,0x30...6739,https://bscscan.com/tx/0x2945b9740532a6b043ce21db81387332338fc898533b2ebb6bca545dd0333a1d
2023-03-24 17:47:09,True,2.284e-10,7.144e-13,5169702277.0,0.0369,0x06...5466,https://bscscan.com/tx/0x5beef239e44734069d7c12efaa077e940a71987d88991b1ad9a59708a284f199
2023-03-24 17:46:54,False,2.274e-10,7.108e-13,62240824002.0,0.4424,0x2a...c614,https://bscscan.com/tx/0xcee400d4bc5724f9c95b352b1af342ba05f5cfd2c9d7ef317087e559bc5836e9
2023-03-24 17:46:24,False,2.286e-10,7.108e-13,29110198498.0,0.2069,0xcd...2e8f,https://bscscan.com/tx/0xd0ce3ab3fb1835d59de571d9775d4e9f87107535390348d6e2a8d6c406c5941f
2023-03-24 17:46:09,True,2.297e-10,7.144e-13,6174049724.0,0.0441,0xa5...1d70,https://bscscan.com/tx/0xb1fa9cac3c436108430dd43df451085d0c3cde7b6fcdb1bd7ffc53fa1f5d5c15
2023-03-24 17:45:36,False,2.286e-10,7.108e-13,6580334533.0,0.0467,0x88...7536,https://bscscan.com/tx/0x4ceb14657a6797d7824080b8608c4c5fed1d1886dcaccccf164f49d13c16581f
2023-03-24 17:44:21,False,2.274e-10,7.108e-13,13893120775.0,0.0987,0x06...5466,https://bscscan.com/tx/0x119abcc688f81f4ca6ae3b613f295d49479635cb3ac697dfd57ed5e7ff760784
2023-03-24 17:41:57,False,2.287e-10,7.109e-13,89604565054.0,0.637,0x7c...f5fc,https://bscscan.com/tx/0xef5826bfc09ae51506f071c9ed4ddb2a0b614faf001cc00b895f3a30cfde249a
2023-03-24 17:39:51,True,2.299e-10,7.144e-13,558228274784.0,3.988,0x7a...63cc,https://bscscan.com/tx/0x6f5002a000b0a6f51cba96e264a1a2391808b9b56ce8d5bfd79bc9e2d0d88838
2023-03-24 17:38:12,True,2.287e-10,7.143e-13,68806334155.0,0.4914,0xcb...067b,https://bscscan.com/tx/0x5342c6d8684b5196bdb21d93bdd413b36a8c15fc5e1ae6be4e9c0f24e588b241
2023-03-24 17:37:27,True,2.286e-10,7.142e-13,1536402267.0,0.0109,0xfb...45f2,https://bscscan.com/tx/0x9da7c2ec5e52cfac9ac0fb4e9a3cd5ef62d5e5dce6f867593a50dea7cc2ac951
2023-03-24 17:36:33,False,2.287e-10,7.107e-13,208530949820.0,1.48215,0x69...fbd2,https://bscscan.com/tx/0xfad9185e11ab600c9eeec0d21d5576a2cbc4989757f176956e14053f528d8185
2023-03-24 17:36:06,True,2.287e-10,7.143e-13,15398479984.0,0.11,0x60...d507,https://bscscan.com/tx/0x02a83668913fca9bd9ccdbe657f8d93498e41cc398bc81701cc8b424ce3979c7
2023-03-24 17:35:15,False,2.275e-10,7.107e-13,32438621969.0,0.2305,0xb5...37fa,https://bscscan.com/tx/0x2335cbcbfe121982232f3427a56dd595e42aff2b6febe229fa0c53f265d325ce
2023-03-24 17:33:45,True,2.287e-10,7.143e-13,15123123129.0,0.108,0x0b...226c,https://bscscan.com/tx/0xca2db5452c42859aa62d83d2cb583ced978922e5b31ab33eb93162131f3e6d08
2023-03-24 17:33:33,True,2.287e-10,7.143e-13,11076275809.0,0.0791,0xa1...41f3,https://bscscan.com/tx/0x011aa6114782f50655a91e4db1423c034f9b7095913c1063c179c75a61984ef0
2023-03-24 17:30:30,False,2.287e-10,7.107e-13,16950549099.0,0.1204,0x8a...4890,https://bscscan.com/tx/0x3eb111ecdf862a2c62f7ff29b1add5b1d608354edba28c434af7b736b3d72dd8
2023-03-24 17:28:42,False,2.287e-10,7.107e-13,7233895646.0,0.0514,0x2d...cc5b,https://bscscan.com/tx/0x240459477c5c48b6a0cfc3269c244de139e9870d7426d86995e4f4ce1d4d54d8
2023-03-24 17:28:06,False,2.275e-10,7.107e-13,12522949105.0,0.089,0xae...f971,https://bscscan.com/tx/0x2680055b8d802d388db04545b8bb961e74ddf58355dfb43dd49fb2f708a52f5d
2023-03-24 17:27:30,False,2.288e-10,7.108e-13,5565755127.0,0.0395,0xae...f971,https://bscscan.com/tx/0x75639201034d3c94b0982abbc8e7c5bf7e19cda01c5c44d3259a2d49b907f6d3
2023-03-24 17:27:21,True,2.299e-10,7.143e-13,4199514123.0,0.03,0x38...7b4b,https://bscscan.com/tx/0xa8997c87999d5595c2f229caf09b66bddc00b26cfff04caa744a3d3733e5064d
2023-03-24 17:24:00,True,2.299e-10,7.143e-13,4720643319.0,0.0337,0x75...aa5b,https://bscscan.com/tx/0xf1e36690fbc6c322875391f1935b78e65a5b246e3715a821d4a2c61bdbfbf066
2023-03-24 17:23:51,True,2.299e-10,7.143e-13,20331909565.0,0.1452,0x70...90ac,https://bscscan.com/tx/0x0a57aa3bc3580ca87edd3f866a171e5cf69d0b827e477ef9526df701a9a5a233
2023-03-24 17:23:36,True,2.299e-10,7.143e-13,8399144323.0,0.06,0xa4...3db9,https://bscscan.com/tx/0xf0980b35f9efd43eec3492fe5df247e2dbf162788de85463b2ea3429314f6403
2023-03-24 17:18:07,True,2.298e-10,7.143e-13,6000000000.0,0.0428,0xc4...e0e1,https://bscscan.com/tx/0x2a9ca45300868fa944523fa8d35d53c7f3efe8999aed25dfea52ac3756bceadf
2023-03-24 17:16:46,False,2.275e-10,7.108e-13,237237653059.0,1.68634,0x1b...1b5d,https://bscscan.com/tx/0xf6e53a6091d58d2b0c0bd1c7145a218ba54ad92e7b1f151a086446242192ac9c
2023-03-24 17:13:13,False,2.275e-10,7.108e-13,30383326730.0,0.2159,0x24...5f09,https://bscscan.com/tx/0x2baf0efa6fe1500640f26fc42048e0f20d27eeec70dd6ea37f8104d2ea42426c
2023-03-24 17:12:46,False,2.275e-10,7.108e-13,4550339876.0,0.0323,0x0f...2f74,https://bscscan.com/tx/0x1289820279c5389432c069de7bfad2f972a3e6848c29ab8eb434d83a93a1e242
2023-03-24 17:12:07,True,2.287e-10,7.144e-13,6876451766.0,0.0491,0x8b...17b6,https://bscscan.com/tx/0x9a0d74e5dd24bfe8007789e7a6a8b346399dd851a37c348b59530995b6651f69
2023-03-24 17:11:07,True,2.298e-10,7.144e-13,20995603437.0,0.15,0x00...5b10,https://bscscan.com/tx/0xa7c8d057ba6959f899f015720534639345257c81f6cde052ff888c2f0b0ecad7
2023-03-24 17:10:31,True,2.298e-10,7.144e-13,419914048.0,0.003,0xbf...99a9,https://bscscan.com/tx/0xbaed020e1134cc1e393b0cb89e7161a2b4c6ec2974179500a9a1a1056d341fca
2023-03-24 17:10:28,True,2.298e-10,7.144e-13,279942742.0,0.002,0x50...b448,https://bscscan.com/tx/0x3629b8907f2a5e94a8639b57655a255a65b76824ab3d68d33161a74be8352445
2023-03-24 17:07:55,False,2.276e-10,7.108e-13,47991995916.0,0.3411,0xbe...25ec,https://bscscan.com/tx/0xbb40f916111466e69be4159874a614037e5ad471595a87706e102bfb7e42ab0b
2023-03-24 17:06:55,False,2.287e-10,7.108e-13,6574956037.0,0.0467,0x22...2ed1,https://bscscan.com/tx/0x7d7a41982f6053fae27db7c618e60639aea9bd0ca78a0fc1f2ac795a23ec381e
2023-03-24 17:06:10,True,2.298e-10,7.144e-13,181965000099.0,1.29999,0xa5...5123,https://bscscan.com/tx/0x3275cfad3b66290138fb44a649a11a700a1b2e03f0d2e4972159ff4aea2bbf2c
2023-03-24 17:04:52,False,2.287e-10,7.108e-13,21887910000.0,0.1555,0x7f...f130,https://bscscan.com/tx/0xcf940415f447c80e5e552a6359c735e0681b477589871dad70d0903ad1fb5fee
2023-03-24 17:04:43,False,2.275e-10,7.108e-13,13862412090.0,0.0985,0x98...97db,https://bscscan.com/tx/0x1de50185c03fad5a9cdcaee9fae4c7726d6e9b7cc629a26f4db416cbae892a1e
2023-03-24 17:03:43,False,2.274e-10,7.108e-13,12342897253.0,0.0877,0xcd...339d,https://bscscan.com/tx/0x9a7d7d5d32ddb6177f57b85b24d85c19a7e9946ef2b7c1baa404c7f32513db04
2023-03-24 17:03:22,False,2.287e-10,7.11e-13,1476332387081.0,10.4978,0x1f...c63b,https://bscscan.com/tx/0x410dcee96011e26323a3202c956571e81165a7cd5e72be71e6e63b0b593c6844
2023-03-24 17:03:04,False,2.276e-10,7.113e-13,18002190800.0,0.128,0xb0...1282,https://bscscan.com/tx/0x47e9a50e2309b50d8ca49db3402ab31a7a1ac7ad8eb4e88de91790055948e91f
2023-03-24 17:02:16,False,2.289e-10,7.113e-13,7496975057.0,0.0533,0x08...d5e6,https://bscscan.com/tx/0x2732a39171db3cca3cb795b24f2cc9b566d601b4863959107a7fb55665d1d036
2023-03-24 17:02:07,True,2.3e-10,7.148e-13,8393047953.0,0.06,0xa4...3db9,https://bscscan.com/tx/0x5e39e88821401ef386cafb883755ff5a7d6bb5b51e6aa7c05036451d26243e4e
2023-03-24 16:56:55,False,2.285e-10,7.113e-13,1838249139.0,0.013,0x62...5da3,https://bscscan.com/tx/0x520587f4c6f11ef3a6d405feb2bde925dec5f299c9dc583a04687ae6c1249154
2023-03-24 16:55:31,False,2.274e-10,7.113e-13,45000000000.0,0.32,0x5a...33fc,https://bscscan.com/tx/0x3c5081c95e835dde659591afb1a1603855f581d3deb5bfa46b2f959b4f1577e5
2023-03-24 16:55:10,False,2.285e-10,7.113e-13,138494239211.0,0.9851,0x81...94e6,https://bscscan.com/tx/0xbee0e021581509b3ee4b4333a98da78e8ca918a6adc2154895e9d4147fa65fa4
2023-03-24 16:54:10,True,2.297e-10,7.149e-13,18974079175.0,0.1356,0x15...4042,https://bscscan.com/tx/0xd78b0adfce615fb9103dc792cc91cfec901a36bc8ffdf75d2c07e1887ceddc42
2023-03-24 16:54:01,False,2.286e-10,7.113e-13,123857631120.0,0.8811,0x56...df5d,https://bscscan.com/tx/0x75aa1cbb278ee78a43848325f5b0f3bafef1c4196d516ec5f2b1f221dff2133f
2023-03-24 16:53:49,False,2.286e-10,7.113e-13,4502576948.0,0.032,0x9e...d669,https://bscscan.com/tx/0xccf4f519d1f4bc24c7adc62e291910e2ee26466d98380c226713f35d834db004
2023-03-24 16:53:34,True,2.286e-10,7.149e-13,4882333656.0,0.0349,0x10...ee80,https://bscscan.com/tx/0xcb198ef7d0c58cbaffba23354b1417f528029e7829ea8903310a4b0fa99e339a
2023-03-24 16:49:31,True,2.298e-10,7.149e-13,137382578230.0,0.9822,0x56...df5d,https://bscscan.com/tx/0xa8b27a730fda7cf053da76b88954df974a0bd1b28a1147d84d8fa67206a8f1c1
2023-03-24 16:47:24,False,2.286e-10,7.113e-13,13701941491.0,0.0974,0xf9...5d58,https://bscscan.com/tx/0xbd2bca76e74a412203bf2e69d692844669117c02027bf18f7eb10ea66759eb0c
2023-03-24 16:47:06,False,2.274e-10,7.113e-13,1450387077.0,0.0103,0x03...9011,https://bscscan.com/tx/0x45a7c8dbe3379a06fb1a6c645137dd2e9ee183f2b0b3edb522bf41e701bed80c
2023-03-24 16:44:42,False,2.275e-10,7.113e-13,45038165303.0,0.3203,0x5e...7bd1,https://bscscan.com/tx/0xab9b36c7ea6219e5cb82c9c711a7455be8716a4fe698f2cdcea5abd2bade132d
2023-03-24 16:43:30,True,2.286e-10,7.149e-13,11189700000.0,0.08,0x1d...4786,https://bscscan.com/tx/0x018514c297db38f9e0fe4573c1dac0a2f26c7783c208dba6a90ffeebe73f60c0
2023-03-24 16:43:21,True,2.286e-10,7.149e-13,6000000000.0,0.0429,0xba...6c8b,https://bscscan.com/tx/0x29635b334836eb71e47154576304096afaffca3ec4a18122f9c07d787f96b155
2023-03-24 16:42:21,True,2.297e-10,7.149e-13,670426046.0,0.0047,0xdc...c6dd,https://bscscan.com/tx/0x26287ddb0df3ee3a913a3712d74283ee8d755e822eba8b0bc88ffa10287c66a2
2023-03-24 16:42:12,True,2.297e-10,7.149e-13,9000000000.0,0.0643,0xba...6c8b,https://bscscan.com/tx/0x3c5bb57a940350d1fdd73e008f40142dffb5c2ce66fc1e8d3367422dbb6e8528
2023-03-24 16:41:36,False,2.286e-10,7.114e-13,271786224949.0,1.93351,0xf1...49cd,https://bscscan.com/tx/0x2f5bc4ca24cd94093fc9a7ed53ab121632ea99ae647481615d4062752c3d0751
2023-03-24 16:40:36,True,2.286e-10,7.15e-13,9000000000.0,0.0643,0xf2...9b65,https://bscscan.com/tx/0xb6ac044a389e796366b451f565c158745961c44426d979c3ff317f9641f47c74
2023-03-24 16:40:33,False,2.275e-10,7.114e-13,212399811500.0,1.51118,0xf3...96a7,https://bscscan.com/tx/0xba02f936c89599f64ae3da09858ed2f8e58f0d3699723e6bebe4c01f06470083
2023-03-24 16:40:18,True,2.286e-10,7.15e-13,12500000000.0,0.0893,0x37...a14c,https://bscscan.com/tx/0x27e22e76a065f24a92ed53ba0344b31c65565e00aaf61e805790df7dbe9c06fb
2023-03-24 16:39:48,False,2.286e-10,7.115e-13,140090831175.0,0.9967,0x7d...5b57,https://bscscan.com/tx/0xc167e6f39ffc4facdfe4b89d797f1c56274d7198f0181f50df3da36ccaffa9d0
2023-03-24 16:39:45,False,2.286e-10,7.115e-13,4199999999.0,0.0298,0xc2...2e7b,https://bscscan.com/tx/0xcc0b30d4959c092bcd0781d11bddb88a0daa2a9cf2d67088f7238e19b5055812
2023-03-24 16:39:27,True,2.297e-10,7.151e-13,927910922.0,0.0066,0xea...d9a1,https://bscscan.com/tx/0x564f52a9213e1d9a32bc0759e728c9b3247ad7101e397399a8d361f068603530
2023-03-24 16:38:21,False,2.275e-10,7.115e-13,34575200653.0,0.246,0xdc...582d,https://bscscan.com/tx/0x315a56f5300eb30eaef04c31c0b3b091d7d3d14e23d5dc4589ae8f68ea7e6816
2023-03-24 16:36:36,True,2.286e-10,7.151e-13,2796673396.0,0.02,0xc9...c7d8,https://bscscan.com/tx/0x33370c9cb2e96b4816a5028e429fc9cf45be519f5682a06e20e0f31dfa70371c
2023-03-24 16:35:03,True,2.285e-10,7.151e-13,10000000000.0,0.0715,0x8f...3e12,https://bscscan.com/tx/0x7974c550a71df14dbbd6cc1bdffaa40272e30dd2c66223d5027e15447abf13d7
2023-03-24 16:34:36,True,2.286e-10,7.151e-13,9993030001.0,0.0714,0x0d...64d8,https://bscscan.com/tx/0xc4ded61b78cf96bbc773e2828e4d7d19868e6e1396b326bdb25b7b41cd781a85
2023-03-24 16:32:48,True,2.288e-10,7.151e-13,4500000000.0,0.0321,0x18...7d70,https://bscscan.com/tx/0x94d0d7625df830fa41f036211e0e378efc0c6cdefc9f48567373c2e4960cfd38
2023-03-24 16:31:54,False,2.288e-10,7.116e-13,303265056026.0,2.15804,0x24...a5eb,https://bscscan.com/tx/0x112c5beded1ee6789a0a7310e0e44194c764201d61c4d0858ba42cc0c944cb79
2023-03-24 16:31:21,False,2.289e-10,7.116e-13,3800152071.0,0.027,0x82...b8f4,https://bscscan.com/tx/0xf2de76ef987d53a79f1969fec2d67b7c3b38deaea5ae98eb067f76b1bc4c4666
2023-03-24 16:31:00,True,2.3e-10,7.152e-13,10000000000.0,0.0715,0x8f...3e12,https://bscscan.com/tx/0x44b37c0c2ebb5ee03d522f3ac38c9406aa35bdb5278f01f6921008c929131d3e
2023-03-24 16:30:06,False,2.276e-10,7.116e-13,5664112748.0,0.0403,0x67...c216,https://bscscan.com/tx/0xce1ebbfd4153d137aa260f3300427c775836266d32d8283856db7541932ad32d
2023-03-24 16:29:48,True,2.299e-10,7.152e-13,10000000000.0,0.0715,0x8f...3e12,https://bscscan.com/tx/0x0a67095d2a647e9bc9d6be24600bc0a5b2fdbebbc353a71c6a55387f83b6e20c
2023-03-24 16:28:48,True,2.299e-10,7.152e-13,35399511412.0,0.2531,0x03...3ffe,https://bscscan.com/tx/0xa59c7458ef628d09064784aa32650fd039fb9350325ed189af4215b03741f1c6
2023-03-24 16:28:39,True,2.299e-10,7.152e-13,10340812564.0,0.0739,0xf6...74b7,https://bscscan.com/tx/0x598e2b34856fad21920215cba6c3f619bac2a61448028e3ebe51c84a606fa58c
2023-03-24 16:21:42,True,2.286e-10,7.151e-13,325884510456.0,2.33057,0xf8...62a9,https://bscscan.com/tx/0xf20fa949b0853bc940e6430f1cf115a0083282c4b8e01126d9ca0710d729fde6
2023-03-24 16:20:30,True,2.298e-10,7.151e-13,10000000000.0,0.0715,0x8f...3e12,https://bscscan.com/tx/0x5113da4a73cec8e1d47d94f5a9536656512fdbbe973cf6ee9d9987ad63d38756
2023-03-24 16:19:51,True,2.287e-10,7.15e-13,4500000000.0,0.0321,0x32...628b,https://bscscan.com/tx/0xd3e818321807664ec67075d660e96bd91074df856678d0441792e35d4493df8d
2023-03-24 16:19:00,True,2.298e-10,7.15e-13,45000000000.0,0.3217,0xe1...5fad,https://bscscan.com/tx/0xb5a31a381346015e6a6b2696889b0c80066a5a19f811c404abc29efd91a65519
2023-03-24 16:18:48,True,2.298e-10,7.15e-13,10000000000.0,0.0715,0x8f...3e12,https://bscscan.com/tx/0x9ed53f421cd7f2502f63a480d95f46fdd7c0c915e3f36e2232d4666ee9e830e1
2023-03-24 16:18:18,True,2.298e-10,7.15e-13,50000000.0,3.575e-05,0x2b...e195,https://bscscan.com/tx/0xfdfc9e8a253cf7c66efa057c8002847eadb99fd0398aebe1c04fc8f4c83bf760
2023-03-24 16:18:06,False,2.276e-10,7.115e-13,9977868892.0,0.0709,0xa7...97e0,https://bscscan.com/tx/0x996168d75622d26a2fd9f3529db0495228fa223e66944fc5cd98cb5fb1317c3e
2023-03-24 16:17:57,False,2.288e-10,7.115e-13,30942953254.0,0.2201,0x43...277d,https://bscscan.com/tx/0x8b2333c214823422986e89a0e06d0ac56b1bf31e89fc3fc1831a5caf6f20166a
2023-03-24 16:17:36,True,2.288e-10,7.15e-13,22300000000.0,0.1594,0x42...4c11,https://bscscan.com/tx/0x1483cca6de70d22fec60c5203882669f8c673149dbdc4aac0db3216b13513e29
2023-03-24 16:17:15,True,2.288e-10,7.15e-13,6293779070.0,0.045,0x64...18cb,https://bscscan.com/tx/0x3504fae0f06607391b22e8d6dc3149a7b50cee69cb0fdb83a48367bb6af912b2
2023-03-24 16:16:30,True,2.3e-10,7.15e-13,10000000000.0,0.0715,0x8f...3e12,https://bscscan.com/tx/0x7e1962a7fcd7406b19d291950931610a40ace4518b495350166bbafc24334775
2023-03-24 16:16:12,False,2.288e-10,7.115e-13,122585655600.0,0.8722,0xd8...0dc7,https://bscscan.com/tx/0x936ad8991dd05cf49decd938081ec857ccd1fc9ebed56c330538625c44833f67
2023-03-24 16:13:36,False,2.287e-10,7.115e-13,9901811868.0,0.0704,0x36...a814,https://bscscan.com/tx/0xbad685f0017b35bf2b64f32d0ac3883a8781e0f3e497493aac8594db857918ab
2023-03-24 16:11:42,False,2.292e-10,7.115e-13,1014548252.0,0.0072,0xf2...99ce,https://bscscan.com/tx/0x61ce180a7478b40ddeae46b658c1b31e86e29f7fdd8f78c2111af0e9db93a6f0
2023-03-24 16:10:33,False,2.281e-10,7.115e-13,27035916920.0,0.1923,0x6e...6cc1,https://bscscan.com/tx/0xd14f603f820b2149860350b16ee43d8dc3b4be33d0922778fe64da4b05624258
2023-03-24 16:08:39,True,2.297e-10,7.151e-13,69308224286.0,0.4956,0xcb...067b,https://bscscan.com/tx/0xcad3ad1d9679395f90f4b99c7795a87bbbe6d9eb9dfff68a3bafdedd8e1ea97b
2023-03-24 16:08:36,False,2.286e-10,7.115e-13,10018259848.0,0.0712,0x90...2b8c,https://bscscan.com/tx/0x5350989ae9f0611c32606237f7a76f7f139de757e8210edb3e0c2222287e7e33
2023-03-24 16:06:31,True,2.311e-10,7.151e-13,3632195150.0,0.0259,0x49...c09d,https://bscscan.com/tx/0xfd5796a22903cd9ed4ab3a02727cc242b4383f55f437c4fb2d30d43fc5037327
2023-03-24 16:06:25,False,2.3e-10,7.115e-13,21014186807.0,0.1495,0x4c...ed48,https://bscscan.com/tx/0x527ad13639e5a6d8b1244abd1b88b073fc69d74894ee94baedfdffffff5e0de6
2023-03-24 16:06:04,True,2.3e-10,7.151e-13,1700000000.0,0.0121,0x86...8f38,https://bscscan.com/tx/0x97b853cddb1ea09ba5100da1c047a6ba1a5eb11d7f833da53221ca24e7d4e2d7
2023-03-24 16:05:04,True,2.3e-10,7.151e-13,72217884242.0,0.5164,0x34...c6e3,https://bscscan.com/tx/0x1db653c094edea9485f15352a6e294a6d994d763d7bbbd989db5a2673d747e34
2023-03-24 16:04:43,False,2.288e-10,7.115e-13,8240104152.0,0.0586,0x62...59a5,https://bscscan.com/tx/0xf6637ad6c6e93d69e97b723953766cc34d859b71444145f774f385dd6ee86de1
2023-03-24 15:59:52,True,2.315e-10,7.15e-13,20811810373.0,0.1488,0xf6...608d,https://bscscan.com/tx/0xd0b52a3e2d630648a20979dac0bfd59af03e75b89bd07d7398226c72803e3ba2
2023-03-24 15:59:28,False,2.291e-10,7.115e-13,1305360084.0,0.0092,0x56...df3f,https://bscscan.com/tx/0xb3e46724bc9784a35823eba84afedf8e775050f31b94c3325af0b3d0ec2cc6b1
2023-03-24 15:58:46,False,2.292e-10,7.115e-13,2453309824.0,0.0174,0xd8...be6c,https://bscscan.com/tx/0xc93c70f97266c8efe0a3c5bedb7ba39d700c2702bb05a504587d19dfbeb7dd44
2023-03-24 15:58:31,False,2.292e-10,7.115e-13,3492964870.0,0.0248,0x9f...374c,https://bscscan.com/tx/0xb99ed1dcda2d872c7fa3b20e25f6e4c5b166b9620fc4aaf58f2eb2229490f5ae
2023-03-24 15:53:31,False,2.293e-10,7.115e-13,47839230000.0,0.3403,0xd6...28eb,https://bscscan.com/tx/0x1164d7437e9a54a0a51778f592be88f15e8a889d031e55aabb2cf0ec61c70b58
2023-03-24 15:49:19,False,2.303e-10,7.115e-13,7392170177.0,0.0526,0xb6...f237,https://bscscan.com/tx/0x4162d49aaae8f1136ab0d565d4814f590d0e2a1f6c8bed7b0a5e95ec76dc73c8
2023-03-24 15:49:10,True,2.315e-10,7.151e-13,18753061000.0,0.1341,0xf9...78fc,https://bscscan.com/tx/0xf66de7764ce4cd28556d49b5fff7005d8b59f102031557209c0787e97e326fb7
2023-03-24 15:47:25,True,2.314e-10,7.15e-13,35155074005.0,0.2513,0xa3...6607,https://bscscan.com/tx/0x146db57bc13ce5a4c82fd20210e7a20b4ac4b273768fe27631c1e1ebd18b50b7
2023-03-24 15:47:22,False,2.302e-10,7.115e-13,3679416414.0,0.0261,0x13...94a4,https://bscscan.com/tx/0xc9514d5c763ff81648f8769b32ffddd171e87dd866a2d31a3877d475758c4f99
2023-03-24 15:47:07,False,2.302e-10,7.115e-13,54003993486.0,0.3842,0xb6...2287,https://bscscan.com/tx/0xd3c7c92885d12048cbc9dd065d99d3d052c544db766ba32cd0445a4b6bb1ae8b
2023-03-24 15:44:52,False,2.304e-10,7.115e-13,212798238915.0,1.51422,0xee...331e,https://bscscan.com/tx/0xa16b1fc53132f7a7840715b03f13d5ac8f0513ab25fc84f7236b2c2e0a1c1377
2023-03-24 15:44:25,False,2.304e-10,7.116e-13,457203425859.0,3.25382,0x41...5678,https://bscscan.com/tx/0x2660e024b31c473eab07b02baa581efd12aa9fa76e1ccc053ccd4c7307fd7568
2023-03-24 15:44:13,True,2.316e-10,7.153e-13,27875713531.0,0.1994,0x48...55c1,https://bscscan.com/tx/0xf99356b948701a3bae63558e028cc400fa0be7eb36774569a535a57406030e3e
2023-03-24 15:41:43,True,2.305e-10,7.153e-13,698994207.0,0.005,0x1a...ef59,https://bscscan.com/tx/0x1aaee94fa3da380f04b4d2e16fc95a542792c7e64f61199fff02fa784908a1a4
2023-03-24 15:33:08,False,2.308e-10,7.117e-13,35764222493.0,0.2545,0x09...cce7,https://bscscan.com/tx/0xae59a81d93431930030105af0b1d5829d4014d0de59dd886ecca877b48a8915a
2023-03-24 15:30:41,False,2.296e-10,7.117e-13,5400000000.0,0.0384,0x9b...85a3,https://bscscan.com/tx/0x9c15daa1e4b8c2e21c8e182c12c0ab21c03f431126ab6496585cd83eb298788d
2023-03-24 15:29:17,True,2.319e-10,7.153e-13,10402861.0,7.441e-06,0x7e...829b,https://bscscan.com/tx/0x04ea0ee5d41ba3490dd23f10e212de7e609e9638a8bb247e7f158c907c2acc74
2023-03-24 15:28:14,True,2.307e-10,7.153e-13,4211558216.0,0.0301,0x4d...9804,https://bscscan.com/tx/0x1d2c8637cf82deb961f54726883bf2ded9d5842162911e9df2a7652f970b1904
2023-03-24 15:26:32,True,2.307e-10,7.153e-13,8667370000.0,0.062,0x92...963b,https://bscscan.com/tx/0x9f443971dc9e66b90b99e660573ec66da25f87423c413d9433f71dbc39316e92
2023-03-24 15:24:50,True,2.307e-10,7.153e-13,13562491267.0,0.097,0xb0...16a1,https://bscscan.com/tx/0x3b0bf13104a0eff6535bba02a1df62804abab9b1614d9dbbcc5ec178534e4463
2023-03-24 15:23:59,False,2.307e-10,7.117e-13,110440253996.0,0.786,0x7f...6667,https://bscscan.com/tx/0x05dcd93428565156542473ec47853da3321b070077b4a58d4b5039e8dc4c993a
2023-03-24 15:22:23,False,2.307e-10,7.117e-13,43267706200.0,0.3079,0x27...ee14,https://bscscan.com/tx/0x448a21126360cf76d0f3ef22206d3ffd4f8e9e83e2d685fde299746611e441f7
2023-03-24 15:21:47,True,2.307e-10,7.153e-13,15540158216.0,0.1111,0x35...fa42,https://bscscan.com/tx/0xe64a6dd1bf1b392714e6a27722e912dc31fcbd733fa3e48d0d7c1fbaa9f8d3a4
2023-03-24 15:21:35,False,2.295e-10,7.117e-13,62881638471.0,0.4475,0xed...c6d2,https://bscscan.com/tx/0x99955fffa79dcca8bd546c66d952558af54300e968d63065f8bb3dab765bef82
2023-03-24 15:18:47,True,2.308e-10,7.153e-13,86300215093.0,0.6173,0x93...3b41,https://bscscan.com/tx/0x224692933645d307bde6477b165576186dbdd78a24dabf112f4506c0961f4b73
2023-03-24 15:18:35,True,2.308e-10,7.153e-13,27007753913.0,0.1932,0x3d...dd13,https://bscscan.com/tx/0x5756f2aa8998902bf903852f385c295f2cb12e18c8fdb7cb0baf0ddb2dc2d2ba
2023-03-24 15:16:20,False,2.307e-10,7.117e-13,4114275208.0,0.0292,0xcd...339d,https://bscscan.com/tx/0xd408036168a8390fa84130d4974bf417d11bb0e6d68002eab28900e93fa725d2
2023-03-24 15:13:50,True,2.297e-10,7.153e-13,1730510000.0,0.0123,0x0b...6039,https://bscscan.com/tx/0xdd66257eb71aab7863a2e59083efa53b6838d2a8c2fd429d104cb357fa816434
2023-03-24 15:12:29,True,2.297e-10,7.153e-13,601116001.0,0.0043,0xd9...6f83,https://bscscan.com/tx/0x640ec3898488e598d0e048d28ba0fca79cf649468d8b5903e281d386121c7340
2023-03-24 15:12:11,True,2.297e-10,7.153e-13,50244021433.0,0.3594,0x93...3b41,https://bscscan.com/tx/0x98ce17fb5a119422750a970517d6abb7ad175175ca8b0b14a4ba92f1e5f7e698
2023-03-24 15:10:41,False,2.297e-10,7.118e-13,404554559589.0,2.87971,0xda...84de,https://bscscan.com/tx/0x5e6a6ac4a71f650956c5799f03d0b51ff3bac36941a3c30f45ebdeda1c090749
2023-03-24 15:08:50,True,2.308e-10,7.154e-13,11357058688.0,0.0812,0xf6...8c49,https://bscscan.com/tx/0x1bd9eeb9e1ea630cb79c07f97ff1285b850318276dc41a5cb4d067dee0f24493
2023-03-24 15:08:26,False,2.285e-10,7.118e-13,116709144730.0,0.8308,0xb3...0f71,https://bscscan.com/tx/0x5b839cb984dd745474216793c22069a7a0da1ada465c3d2c32e3374e5b72102a
2023-03-24 15:06:59,True,2.308e-10,7.154e-13,141296313654.0,1.01093,0x93...3b41,https://bscscan.com/tx/0x65d494b33c9ae04e5a1c878476ee7a1baa265106fab717dfd0ad3f8d70421bea
2023-03-24 15:05:32,False,2.284e-10,7.119e-13,207000000000.0,1.47365,0x8a...2c18,https://bscscan.com/tx/0xc79dd3814040184ae7f5d42431bb55daa45033c233f916fff434b56fcdd6f633
2023-03-24 15:03:14,True,2.309e-10,7.155e-13,559040856.0,0.004,0xb3...0781,https://bscscan.com/tx/0x13bd0011396ef5cc2359e4c7c7cc4ce4a1c4e12d29c9a1436752cd7862661ca9
2023-03-24 15:03:05,False,2.286e-10,7.119e-13,9000000000.0,0.064,0x8a...2c18,https://bscscan.com/tx/0xc78d90d30adb966f79e2ac1bcd5ab7aab3af4426912c8b57a0d1e89b9fe56725
2023-03-24 14:59:44,False,2.297e-10,7.119e-13,30934792345.0,0.2202,0xba...c2cd,https://bscscan.com/tx/0x15214d0483efab900f31d7616090e08b8796fab027e6ce69e37a1136053a9479
2023-03-24 14:57:26,False,2.29e-10,7.119e-13,31043686451.0,0.221,0x75...bcfe,https://bscscan.com/tx/0xf08b9b26d2c491be0dfd007911c404291c36b0be33f2f86a5e4b8cebaec6e6fc
2023-03-24 14:56:44,True,2.313e-10,7.155e-13,4621329803.0,0.033,0xf3...f116,https://bscscan.com/tx/0xb420e31f601ea4b68fe1bbe87c042b01739f38f7eee02048db323869e1ef968a
2023-03-24 14:52:58,False,2.299e-10,7.119e-13,10038344724.0,0.0714,0x94...d977,https://bscscan.com/tx/0x05424659f23abc1888c68573546c33f5b34896c377b2c327c185526564982370
2023-03-24 14:52:16,True,2.31e-10,7.155e-13,447217000.0,0.0032,0xd9...ad8a,https://bscscan.com/tx/0xb23a7a5b78a17b38b920b92cefb719ec9ffb70d05551382ddead65705a173463
2023-03-24 14:50:12,True,2.31e-10,7.155e-13,863475983.0,0.0061,0x9e...6bf9,https://bscscan.com/tx/0xb20990b0f207224671c1f4ec9365810af6266e638f55e76e68396acbedd731ce
2023-03-24 14:50:00,True,2.298e-10,7.155e-13,10000000.0,7.155e-06,0x1b...0fd2,https://bscscan.com/tx/0xf8d8d664e4833f7d284debbefb379d20b0ea002b40ff5a256870dfb800c72c39
2023-03-24 14:49:28,True,2.31e-10,7.155e-13,5000000000.0,0.0357,0x91...e941,https://bscscan.com/tx/0x83cd432c5dc517505f9373732cfd1f0d59a4a2944cc5998c081413377f6f83b6
2023-03-24 14:47:39,True,2.299e-10,7.155e-13,21469613810.0,0.1536,0xf3...f116,https://bscscan.com/tx/0x7a756c4fdd0a897bba14dc6cde25daf1aaf22364f753d9b5dd746b694eaf35d9
2023-03-24 14:47:19,True,2.3e-10,7.155e-13,11100752490.0,0.0794,0xe7...90e6,https://bscscan.com/tx/0x488ee5af570121315ffd955a460d801064037c53a7e931c838d664ba0c5bc96e
2023-03-24 14:42:40,False,2.3e-10,7.119e-13,2528043319.0,0.018,0x2e...60e3,https://bscscan.com/tx/0x49c343eb81cac410800dba48001f63020139ea1761a4c355940749b5cc1ea954
2023-03-24 14:39:49,False,2.289e-10,7.119e-13,27296906983.0,0.1943,0x5d...b98c,https://bscscan.com/tx/0xb6e9f31ea0907c40e836e48098931be7e428fac1f36736f95882ed5182200919
2023-03-24 14:39:40,True,2.3e-10,7.155e-13,41927217429.0,0.3,0x80...bc12,https://bscscan.com/tx/0x1e2f0937aa5f5249012443c69d018d5ffedba8a4dbd64187dea3f2817dd4e45a
2023-03-24 14:37:26,False,2.3e-10,7.119e-13,17341158310.0,0.1234,0xed...a94c,https://bscscan.com/tx/0xe5f270327035f5831f71473047ba3e46675b4cf45dd5a036838100d0db6427e2
2023-03-24 14:36:17,False,2.3e-10,7.119e-13,25200000000.0,0.1794,0x27...6d3e,https://bscscan.com/tx/0xb71ff24b06a7577d82bfb61b24b8ceaa4191d74d8244fccb811fc70dc3b86346
2023-03-24 14:35:29,False,2.3e-10,7.119e-13,10509500878.0,0.0748,0xb1...80c4,https://bscscan.com/tx/0xa51d3611c79cd0c33ba4a228de2ffc6761cf27c999bfe0bd852b2c1e8cf04ff8
2023-03-24 14:35:26,True,2.312e-10,7.155e-13,1096000000.0,0.0078,0x99...6658,https://bscscan.com/tx/0xc7721445902f47223ace12db8fc0b4e9b5801bb70f7830d5f647f9173e7716e2
2023-03-24 14:34:14,True,2.3e-10,7.155e-13,59853600000.0,0.4282,0x1f...4f4f,https://bscscan.com/tx/0xda2fbc4edd2cace845571a9b91984065cf1cc38d9df2a0e32d903fe41ada3623
2023-03-24 14:28:23,True,2.301e-10,7.155e-13,3493982131.0,0.025,0xef...7114,https://bscscan.com/tx/0xf530216b49d2af9fd85264955bd144a4aa8198756b2dcb291e98b8adbf46d74f
2023-03-24 14:22:38,True,2.305e-10,7.155e-13,3416784444.0,0.0244,0x47...3c2b,https://bscscan.com/tx/0x020627d60b8993e136fa68ea4de5e70e5e1ed1a60b76460aac06d1869792bff3
2023-03-24 14:21:14,True,2.319e-10,7.155e-13,60000000000.0,0.4293,0x80...bd51,https://bscscan.com/tx/0xae061c8ade6df17668d87bd5a89578970484b9b076cb347176d4952fd4e2afa4
2023-03-24 14:19:29,False,2.309e-10,7.119e-13,232227490546.0,1.65336,0x99...c67c,https://bscscan.com/tx/0xcdd512b496f5d872159bf5634fad72fe0ac26a9110cec34cd257a23afd8a738f
2023-03-24 14:19:11,True,2.308e-10,7.155e-13,12577446858.0,0.09,0xa4...3db9,https://bscscan.com/tx/0x5e8b373a394a7937c6530094844460782004a0a0605dbd1578d8fb0b056fe984
2023-03-24 14:18:14,True,2.31e-10,7.155e-13,13266906325.0,0.0949,0x4b...5451,https://bscscan.com/tx/0x7488850f209a731e9edba4549db9cfe8aa1438f6c4edc8d9f9819e9fd843d373
2023-03-24 14:17:53,True,2.322e-10,7.155e-13,8385052406.0,0.06,0x81...0e29,https://bscscan.com/tx/0xfd0d5443e8a07cf8daabb8d59a4304edc8780b540e437d911236cfb234fc14b0
2023-03-24 14:11:14,False,2.298e-10,7.119e-13,58515236187.0,0.4166,0xa2...88a9,https://bscscan.com/tx/0x591f6e66617403b6a3beb94feeddf81b1c3655e8ea11f1a2d3eec367d608162a
2023-03-24 14:06:59,True,2.309e-10,7.155e-13,31029758051.0,0.222,0x5c...bba9,https://bscscan.com/tx/0x9b988677c3dba1b539fb68232671f32868bfb168d96d2061f9c8603630890cd8
2023-03-24 14:01:11,False,2.301e-10,7.119e-13,6936913049.0,0.0493,0xb1...b734,https://bscscan.com/tx/0x76ec864924eeaae2de5b0b52307fcd0eab80fe09b83815a93ca62c07f98f7c51
2023-03-24 13:57:47,True,2.313e-10,7.155e-13,34865822322.0,0.2494,0x83...021d,https://bscscan.com/tx/0x807b311754ae8539e8718cec7c19552de35a8b3de88f8816974d57e0a37f9a7f
2023-03-24 13:53:14,True,2.312e-10,7.155e-13,3091829024.0,0.0221,0x1f...8b59,https://bscscan.com/tx/0x8bec13b2cc6d5400b4112b714d0c1b4cb202e12bede3dbaa2058d1ed82574698
2023-03-24 13:47:47,False,2.311e-10,7.12e-13,205737776522.0,1.46488,0x58...2234,https://bscscan.com/tx/0x3bd04af064f8643eaa0e7f535be8dd2fba35f2378d20929e774eb92e19cdacb8
2023-03-24 13:44:56,False,2.311e-10,7.12e-13,17080290144.0,0.1216,0x74...2fe1,https://bscscan.com/tx/0x55fd118f85b1217593a4a6efbe8f99c767bcba7ae14fa13a56798b62e102b8e5
2023-03-24 13:42:26,False,2.299e-10,7.12e-13,24478285638.0,0.1743,0xd6...4f96,https://bscscan.com/tx/0x20fc66373ba374a329c10e1e2c59a56dd4d459760ddb93b078e6df784d35f739
2023-03-24 13:40:20,False,2.31e-10,7.12e-13,45522316957.0,0.3241,0x69...c367,https://bscscan.com/tx/0x00baddbde4ae70e77c14d979d905746276447ae2a467c8b947e1bf755afbf0dd
2023-03-24 13:32:23,False,2.308e-10,7.12e-13,12583609076.0,0.0896,0x0d...0024,https://bscscan.com/tx/0xab8484f32610ec67e63fac839ab79e693711b9414a2bff0adfd0957db743bd84
2023-03-24 13:32:23,False,2.308e-10,7.12e-13,7872927507.0,0.056,0xa9...11cb,https://bscscan.com/tx/0x0b2c7b967a69b63ebda0dbccb19b50b17a044354ad0abf078329473dabae7092
2023-03-24 13:25:17,True,2.307e-10,7.156e-13,4500000000.0,0.0322,0x51...6ef4,https://bscscan.com/tx/0xec5a5d73c0dd50db372047f7b2e828c31d63fbc83a9abfbc57158a551bc83269
2023-03-24 13:22:47,True,2.319e-10,7.156e-13,15622941954.0,0.1118,0xeb...2e5e,https://bscscan.com/tx/0x7ef4fef42297a017eb0858d44f000d3df2bd768698e74b330bae82be1392d85e
2023-03-24 13:20:44,False,2.295e-10,7.12e-13,1890233391.0,0.0134,0x56...a0c8,https://bscscan.com/tx/0xfee21eeccb6c10e5ee4982943d0dd5812716275ca8db84c8b13d9924cade9f99
2023-03-24 13:19:23,False,2.289e-10,7.121e-13,540000000000.0,3.84567,0x3e...474f,https://bscscan.com/tx/0x20965d686e1f14d8099338835d621ea76352172faa09c5b83ae6954e8b5b328d
2023-03-24 13:18:11,False,2.286e-10,7.122e-13,1191455857.0,0.0084,0x1b...b1ed,https://bscscan.com/tx/0x69a5e5328c29365025f3cc943f32ee47598b3d8912408e70c66f0a4be050cf25
2023-03-24 13:17:26,True,2.309e-10,7.158e-13,3344320001.0,0.0239,0x93...5fd2,https://bscscan.com/tx/0x9e2f6743e200c7673f438a784b1d8361314450f06147f6c3e860ac3f9ab826c3
2023-03-24 13:16:56,False,2.285e-10,7.122e-13,3682743749.0,0.0262,0x86...5ced,https://bscscan.com/tx/0x4eacb0af83db67cd02ec705635599722e82592ee611192ff517ade98d0fecc30
2023-03-24 13:16:08,False,2.285e-10,7.122e-13,62468686419.0,0.4449,0x37...552d,https://bscscan.com/tx/0x655c0380beb0fad44e512f7d467b9d8cd6314ff5482feebee49a14746e180c82
2023-03-24 13:15:50,True,2.307e-10,7.158e-13,5000000000.0,0.0357,0x51...6ef4,https://bscscan.com/tx/0x514d7a6a7008ce59184b8f560f81e56ffce70aa5b74298d31352eb09f4cd90fd
2023-03-24 13:14:38,False,2.295e-10,7.122e-13,16605733566.0,0.1182,0x3b...5bc6,https://bscscan.com/tx/0x1de7553447e028c4305c648a66ed4bf204bd464340d3255f00aec98a27140f81
2023-03-24 13:13:17,True,2.295e-10,7.158e-13,3911656535.0,0.028,0xf3...7231,https://bscscan.com/tx/0x904278831d940c8d56c9a9ea12071d60eae8c2663e516e4fefc52d6c35c47741
2023-03-24 13:10:26,True,2.307e-10,7.158e-13,21651400001.0,0.1549,0xb1...53f3,https://bscscan.com/tx/0x8bcea16bff7fe11a360e605b6eb17220e79264341f3c55e6a442d157b7b4a37c
2023-03-24 13:07:11,True,2.305e-10,7.158e-13,279393906.0,0.002,0x89...064e,https://bscscan.com/tx/0xbf918dc0622c81c7c35b99e735168187d1af7b872cc7f93b6b254d1b2f794cbb
2023-03-24 13:02:44,True,2.292e-10,7.158e-13,60493028027.0,0.433,0x8b...f2e8,https://bscscan.com/tx/0xa064b77602ea763477fe421065864478215a0f16b5dd4826c159691d1bbdc11b
2023-03-24 13:01:53,True,2.306e-10,7.158e-13,25146200000.0,0.18,0x1d...8faf,https://bscscan.com/tx/0x20cadaa7674938844b48bf642f9352f2231e2a4fe5be3a8777c5b1e40f04a1c8
2023-03-24 13:00:59,False,2.284e-10,7.122e-13,72761533367.0,0.5182,0x6a...7ef7,https://bscscan.com/tx/0x315bcb82364ec98d98e11f67d1620ac1969efa7ed2112bd9ea10ddc9dae7226d
2023-03-24 12:56:53,True,2.296e-10,7.158e-13,139697771.0,0.001,0x71...e8fe,https://bscscan.com/tx/0xbf363ad5c0aca0e6628d1f9950329af2d313076094e8862dd5247f2207ff6fe0
2023-03-24 12:45:09,True,2.319e-10,7.158e-13,419093364.0,0.003,0x71...e8fe,https://bscscan.com/tx/0xb14819878ad09a50beefc5937ded3bd75d87e8f3ebeceaa984734188d710e206
2023-03-24 12:43:57,False,2.308e-10,7.122e-13,51634198791.0,0.3677,0x56...74b8,https://bscscan.com/tx/0x762e7cacbff27124fe4aecda66fd7813f5639f6c3e1d950bd3f0537af90663ec
2023-03-24 12:42:54,False,2.297e-10,7.123e-13,458147065236.0,3.26358,0x71...9f1f,https://bscscan.com/tx/0xadf96e05f1cc0585f84fb3fd0a9408acaac479819977ad213650cb9fb2028e2b
2023-03-24 12:41:18,False,2.297e-10,7.124e-13,25141664705.0,0.1791,0x09...e760,https://bscscan.com/tx/0x0091ce7afb068e783f4f6720c2762ff89cef33e1f072ed57aa50c40fd1d54d0d
2023-03-24 12:40:57,False,2.297e-10,7.124e-13,7817097234.0,0.0556,0x44...2505,https://bscscan.com/tx/0x745661612caa0259abbda17725dec4ecf4a6ad0d498faffbba42beac72623843
2023-03-24 12:39:48,False,2.308e-10,7.124e-13,61147714253.0,0.4356,0x9b...3c49,https://bscscan.com/tx/0xd142fc1bcbe96397de6ab2b6375fc14c51f0672be584c8d52e790029fe84b498
2023-03-24 12:38:12,False,2.308e-10,7.124e-13,22208799148.0,0.1582,0x68...3318,https://bscscan.com/tx/0xa530f06312feee37edc93f60810ffcdb5a3824c17ce349d472112d608fe62263
2023-03-24 12:36:15,False,2.307e-10,7.124e-13,27991476441.0,0.1994,0x01...0200,https://bscscan.com/tx/0xf1b60b9e776e1d67f4afcbcc1010de610996f1c7de2db531f4d998f915d18c32
2023-03-24 12:35:12,False,2.307e-10,7.124e-13,90827748432.0,0.6471,0x37...9a31,https://bscscan.com/tx/0x51778cdbfa231ea302543a4ad8572c338b33e9c6faf26cde4eb608e831cc4062
2023-03-24 12:34:21,False,2.307e-10,7.124e-13,25500265852.0,0.1816,0xbc...5fbc,https://bscscan.com/tx/0x9fff47e1a3cd3b944b4115e956cc75fe4534ac4cd76af154dff6d9501d67eb9e
2023-03-24 12:32:54,True,2.319e-10,7.16e-13,20602977767.0,0.1475,0x8d...ab7a,https://bscscan.com/tx/0xdbc8ae2dfe4653f01de1eb2cca730e79368c3a538ea596d3a3a2ded15b5a76eb
2023-03-24 12:31:27,True,2.319e-10,7.16e-13,12368300000.0,0.0885,0xeb...967b,https://bscscan.com/tx/0x7c188f06951f611681ad11202a3d2779f186ae22b58f14d4cc63759fdcd24b25
2023-03-24 12:31:06,False,2.307e-10,7.124e-13,13390570184.0,0.0954,0x05...a4ad,https://bscscan.com/tx/0xe56a2c21eb8ea89dead3e149e1cbe051c21c87645296e28b6ca7a14c3edbdfee
2023-03-24 12:30:09,False,2.296e-10,7.124e-13,18642126981.0,0.1328,0xb6...4ad7,https://bscscan.com/tx/0x2218ce91a794e47f08499ae0e43ba47191d0aa298d06a47abdca1954fa67940d
2023-03-24 12:27:33,False,2.296e-10,7.124e-13,5510522658.0,0.0392,0x05...a4ad,https://bscscan.com/tx/0x5b55c52c63cc6fccfa918c50684a09a1524e6db6b95df594de5c30e94481e12e
2023-03-24 12:27:06,False,2.307e-10,7.124e-13,3357800159.0,0.0239,0xc4...2a01,https://bscscan.com/tx/0x99cf1f182a217a7c4ee80fb8cc436f44e5e73828cd97b8c4afdcfe21e5dac7e9
2023-03-24 12:25:48,False,2.307e-10,7.125e-13,180000012326.0,1.28255,0xdd...6a4e,https://bscscan.com/tx/0x405a92f912e1dfc263f2410396eb558408e5c94321ede28e4d2932fd5356ccdd
2023-03-24 12:19:27,True,2.319e-10,7.161e-13,4189170559.0,0.03,0xba...0de6,https://bscscan.com/tx/0x237555233ee30b3f30d3f49d7da15ed85f61fd0713a6b1ac4c0fa7b691b93313
2023-03-24 12:18:57,False,2.307e-10,7.125e-13,57851001789.0,0.4122,0xdd...6a4e,https://bscscan.com/tx/0xa87f50abc8ef4313c3721464dca8acc580d8f273f96b98865d2b1948091659aa
2023-03-24 12:16:45,True,2.318e-10,7.161e-13,7248659387.0,0.0519,0xe1...3270,https://bscscan.com/tx/0x715fd02bd18242b51a30598fa74ab994363179233523ad26e44d6f8fa4484f0d
2023-03-24 12:14:42,False,2.295e-10,7.125e-13,2619186987.0,0.0186,0x66...f861,https://bscscan.com/tx/0x7031a269997b568ea7a7072e02c9e0e9d55fa146c8e86457706795b82c954932
2023-03-24 12:14:12,True,2.318e-10,7.161e-13,31788600000.0,0.2276,0x1d...c27d,https://bscscan.com/tx/0xf6d6a18b0fbf555211e22edf61755f8c55967706e49a6bb6a33e2ad44bf5126e
2023-03-24 12:11:54,False,2.307e-10,7.125e-13,13904570314.0,0.099,0x0e...d78a,https://bscscan.com/tx/0x1f994abe13d19599827525a2e67dc29764d2f20eb98c79a9e18dea820a4476bd
2023-03-24 12:11:36,False,2.306e-10,7.125e-13,2562740369.0,0.0182,0x1e...5942,https://bscscan.com/tx/0x293c4fdb83f149bcb961c1d450d5fe26c6764fdf9f77b7e6a9e87189702e0135
2023-03-24 12:10:54,True,2.318e-10,7.161e-13,21664037778.0,0.1551,0xb4...f8eb,https://bscscan.com/tx/0x863784eb57e3cbd73a744abea85093eb0b5020446c78385224245efc41f91b13
2023-03-24 12:10:51,True,2.318e-10,7.161e-13,3651030000.0,0.0261,0x4e...abc7,https://bscscan.com/tx/0x4bbb589d7c10f83a8bb06e67fb7b222e65bead3162caeee12fb641021b9cc7b7
2023-03-24 12:10:24,True,2.318e-10,7.161e-13,85393783830.0,0.6115,0x1d...c20f,https://bscscan.com/tx/0xc3dae065aa361218fc7280437ff2d3e1cf0a3c7ec70611a214e9faa3f94379aa
2023-03-24 12:08:30,True,2.318e-10,7.161e-13,1000000000.0,0.0071,0x3d...26bd,https://bscscan.com/tx/0x5f50362cb068165e8e35405f5de54bb503d48e3c7b26dde497d6951f62e8db35
2023-03-24 12:08:12,True,2.306e-10,7.161e-13,2142176200.0,0.0153,0xcb...4c95,https://bscscan.com/tx/0x01db89362289642d051447d7054ca6c42f7eb52d7448c03cdf3179238af04df2
2023-03-24 12:02:03,True,2.305e-10,7.161e-13,21500000000.0,0.1539,0x46...65af,https://bscscan.com/tx/0xcd30abaf97dfb45eed4fd6b464bcbc421f57292819c5aa1e6c1ec59b320df3a0
2023-03-24 12:00:54,True,2.316e-10,7.161e-13,3540780000.0,0.0253,0x73...7a1c,https://bscscan.com/tx/0x4bdca2ff2f41381e366fd89c9e8405a264810100b99f5478727cac786715c12e
2023-03-24 11:58:48,False,2.305e-10,7.125e-13,72181800000.0,0.5143,0x5c...a1dd,https://bscscan.com/tx/0x5d82ef9000c18d9264bc4260a5bb3dadff42f7418609dba5c2e2f2d16423a037
2023-03-24 11:57:51,False,2.293e-10,7.125e-13,57700296137.0,0.4111,0xe1...1815,https://bscscan.com/tx/0xf5a86d78c6370f545ad0c6448232abf7c14393c373ef6c49d265e1f69a8ff744
2023-03-24 11:57:36,True,2.316e-10,7.161e-13,15441221714.0,0.1105,0x5d...1387,https://bscscan.com/tx/0xc544361fe096e4cb6f08a839bcf164c2f224928a4ad1af6a9be86337bf8ac52a
2023-03-24 11:56:30,True,2.316e-10,7.161e-13,38176469587.0,0.2733,0x4b...5451,https://bscscan.com/tx/0x08fb77c8f28835ec416479df9824423514348643bf0473977a86f4f563a31785
2023-03-24 11:56:09,True,2.316e-10,7.161e-13,23624226.0,1.691e-05,0xe1...3270,https://bscscan.com/tx/0x136827f4cbad07e218b5ae2dd0f47b37f7b46b16800e6a8103ea64020b20c002
2023-03-24 11:54:03,False,2.304e-10,7.125e-13,20677424164.0,0.1473,0x81...4d5b,https://bscscan.com/tx/0xea8dc1b7b2ef0fb7aac40faa0c32abc2062c61edd7ca5c97136462904e10aa49
2023-03-24 11:53:57,False,2.293e-10,7.125e-13,2697867714.0,0.0192,0x13...7de3,https://bscscan.com/tx/0x3745e9a8784dbfcbee293e4d2392be07dbfc376964eee9586924577188e42821
2023-03-24 11:53:18,False,2.304e-10,7.125e-13,25531831645.0,0.1819,0xbf...7229,https://bscscan.com/tx/0xef8c593f78452b914e7f1abae32125f270521b9c75fa125833fd7c5d55503dbc
2023-03-24 11:52:00,False,2.305e-10,7.125e-13,12311215436.0,0.0877,0xd2...00e3,https://bscscan.com/tx/0x7b645e7b460f0830b5e8210ef6b4ff93cfaed7192c154e26e0c0e1f1b716eeb6
2023-03-24 11:50:06,True,2.304e-10,7.161e-13,396738576.0,0.0028,0x7e...829b,https://bscscan.com/tx/0x487f4d0b219871f166025608119587bce5fbfc577751e1b78eeef6f34cc0400d
2023-03-24 11:46:14,True,2.315e-10,7.161e-13,5000000000.0,0.0358,0xc7...48c3,https://bscscan.com/tx/0xe792fbd7698fe7d4eff61d67426199a15a73d786282f1693cc9bb79240991295
2023-03-24 11:39:24,True,2.315e-10,7.161e-13,84888700001.0,0.6079,0x93...5fd2,https://bscscan.com/tx/0x633bbcb228c428a45bd7454bbea4907bb6e96e4e61df44a06534a940c2b71b47
2023-03-24 11:37:42,False,2.291e-10,7.125e-13,12985608279.0,0.0925,0x64...2e4f,https://bscscan.com/tx/0x8d8fb8c3f885f59400fe880d0ae7e586d51a3917147c6bea9d36a8af5365b0fe
2023-03-24 11:36:09,False,2.303e-10,7.125e-13,16337503600.0,0.1164,0xe5...77d0,https://bscscan.com/tx/0x573b8345723e7618750c7b20382e7682743e305f537dd061b37993039e6565d1
2023-03-24 11:35:48,True,2.303e-10,7.161e-13,10473076949.0,0.075,0x86...7ebd,https://bscscan.com/tx/0xe2dd64c5936ed9be5ca9f0adcd848712be29d72f4dd1ff791df9daacf06d6633
2023-03-24 11:31:48,True,2.313e-10,7.161e-13,2317261731.0,0.0165,0xea...2a2f,https://bscscan.com/tx/0x8b1a851bb19c0c14013b89454764f8c44fa3c30ecfb256423bcf3c453ea89725
2023-03-24 11:29:24,False,2.301e-10,7.125e-13,20989423858.0,0.1495,0x94...0c64,https://bscscan.com/tx/0x03887421da998948c84a38cfd960e2fdd25faedc60abd68e5432894e0b260a31
2023-03-24 11:28:33,False,2.29e-10,7.125e-13,45524930583.0,0.3243,0xbc...64a0,https://bscscan.com/tx/0x263df18ad815a16b1db620c3e2fbd11e306b8c3161090f700510e735f5b531cc
2023-03-24 11:27:06,True,2.313e-10,7.161e-13,2513474639.0,0.018,0xdf...e268,https://bscscan.com/tx/0xd32761a34e3bc1ec4f92718e56a982db74a0b5e716bd85805a17c95ab1979cff
2023-03-24 11:26:18,False,2.301e-10,7.126e-13,450226236154.0,3.20847,0x2a...6dc3,https://bscscan.com/tx/0xe95d174d73523d56b3033c04f8863c4581dc138a3a6ebdf77f680e72e3087bc3
2023-03-24 11:23:39,False,2.302e-10,7.127e-13,63202247191.0,0.4504,0xd9...3f5c,https://bscscan.com/tx/0x02620e88d125f4cb32563cec643130354e8cc6d81fb2cd3ef5e206cb0c05885c
2023-03-24 11:22:12,True,2.303e-10,7.163e-13,2792121687.0,0.02,0x2d...cc5b,https://bscscan.com/tx/0xc47aa839ba784b0d605eafffbc4cb5aca2f7ec54e8de62e7f56b05de7f3b9f7c
2023-03-24 11:20:12,False,2.303e-10,7.127e-13,8335826451.0,0.0594,0x94...628e,https://bscscan.com/tx/0x1f4164735bcaa04d0d1cf56e8efc751e58cc53010397de8d7843c3af6a4a4586
2023-03-24 11:19:48,True,2.314e-10,7.163e-13,2792114881.0,0.02,0x8f...a14a,https://bscscan.com/tx/0xea36fb6a7524adab559182e5678c03831e64aa5076abd82a6f8667617ec8b85f
2023-03-24 11:15:15,True,2.314e-10,7.162e-13,17519361392.0,0.1254,0xcc...31e0,https://bscscan.com/tx/0x6e254937d86f8a3a565eee8ea7a6391d219c44311b03c48b4755a84f9201ac04
2023-03-24 11:14:36,True,2.314e-10,7.162e-13,141655830.0,0.001,0xb0...95da,https://bscscan.com/tx/0xa2baff574db780fab7cf3518c50bfa9b6a70bffd00fd374a8511b4dd9b4037cd
2023-03-24 11:13:15,True,2.302e-10,7.162e-13,83765701302.0,0.6,0xbf...cc30,https://bscscan.com/tx/0x1bed99144c6fd3d442d28ecea047c28dea666fecafc94a6ed6585d53b1919b0e
2023-03-24 11:11:27,True,2.314e-10,7.162e-13,14399800461.0,0.1031,0x6e...ac6d,https://bscscan.com/tx/0xd158323b46fb8e892a344d34662d92b6bb8f95b5517599d58f0fed7e3ccbcaf8
2023-03-24 11:10:57,True,2.314e-10,7.162e-13,866725000.0,0.0062,0x4c...8e35,https://bscscan.com/tx/0xf22693fdd1d99b70d0e1f350a18a690fc875cd1a35525e45e1d0b5dfb5a1c0b4
2023-03-24 11:09:45,False,2.292e-10,7.127e-13,80770872519.0,0.5756,0xbb...bc70,https://bscscan.com/tx/0x8080b248633af78078e7c954ef7dacdc96348bf20004ae949d8d2ca996bc3385
2023-03-24 11:09:27,True,2.315e-10,7.162e-13,3701779184.0,0.0265,0x06...29d9,https://bscscan.com/tx/0x5be9bed370d2cdce61582873d157e7bb4c33a388d515de448cc36786867faa83
2023-03-24 11:05:09,False,2.291e-10,7.127e-13,24935515318.0,0.1777,0x1a...58f5,https://bscscan.com/tx/0xa36b16c960bb364827713c5b2f8c390d15e36c0cc25e4916af509db715c9c71c
2023-03-24 11:03:48,False,2.303e-10,7.127e-13,97562024283.0,0.6953,0x4b...bab1,https://bscscan.com/tx/0xdba3c9a5c010f0e5ab08befeec58ac02a15b0b5e6f89dcee1fcc8a3c2b700bff
2023-03-24 11:00:51,False,2.304e-10,7.127e-13,90886892784.0,0.6478,0x93...5fd2,https://bscscan.com/tx/0xc0133bf21ddd85a7fba66f4a084e1dfa598ca2d0ebb55ce67fdc2cc9dfc95eb4
2023-03-24 11:00:03,True,2.315e-10,7.163e-13,51352819161.0,0.3678,0x61...4394,https://bscscan.com/tx/0x4b97707f23431b6e780c3955fc1ded8ec9d4e3510aa2091ea79a4d56985cca50
2023-03-24 10:59:12,False,2.303e-10,7.127e-13,1678597867.0,0.0119,0xb8...bb4d,https://bscscan.com/tx/0x4a626e0db1018df24a95ea9e2e76058437d9cff287827bfa2bc5330d12f5d274
2023-03-24 10:58:24,False,2.292e-10,7.127e-13,3115057654.0,0.0222,0x8f...800c,https://bscscan.com/tx/0x15d06a4e009289bd129b9125dc56ba509144533239781e052e413590228d96cb
2023-03-24 10:58:18,True,2.315e-10,7.163e-13,488593187.0,0.0035,0x2a...189e,https://bscscan.com/tx/0xa882679333038cd4bc060e6456f083a7d7304892a458a22161b2c342bf6e7691
2023-03-24 10:58:18,True,2.315e-10,7.163e-13,47936485394.0,0.3433,0x7c...8d5e,https://bscscan.com/tx/0xfccc700e6549a29dbd23c19d60bbda5e7a1de29616f54d8bb3392babb2603d30
2023-03-24 10:55:15,False,2.304e-10,7.127e-13,16572521867.0,0.1181,0x39...23cb,https://bscscan.com/tx/0xd5499b88dae77682c38f5231a256914697d209cc2dfa72a7a0ce2497b6af7c22
2023-03-24 10:53:36,False,2.289e-10,7.127e-13,59081850000.0,0.4211,0x3f...4801,https://bscscan.com/tx/0x5d8914397204d6f0f995590b7e4e63519452a00eaa03232db71b6bd9069e97ec
2023-03-24 10:52:27,True,2.312e-10,7.163e-13,14247025293.0,0.102,0x71...3e87,https://bscscan.com/tx/0x2665a4b6fd83e97c5ab280534125b85de20cc78ad2344e6053aa99d1177b97bf
2023-03-24 10:51:27,True,2.311e-10,7.163e-13,900000000.0,0.0064,0x09...bf1e,https://bscscan.com/tx/0xa7df5f6e87f5d82d6c13a9b62e94ca2a4312dfa4b1f6fd341ea13ca2eda5841a
2023-03-24 10:51:09,False,2.288e-10,7.127e-13,54197030495.0,0.3863,0xb1...6e94,https://bscscan.com/tx/0x0b341e7c6602df13ffd6d0b642116ddc5f56b608ad5f291bf434e360fed924f9
2023-03-24 10:50:12,False,2.296e-10,7.127e-13,6229483832.0,0.0444,0xe6...aad8,https://bscscan.com/tx/0xb82df0d2dc49f6bd352dd9b29bd426eed57269805416da232f500b6759e5a516
2023-03-24 10:40:44,True,2.312e-10,7.163e-13,4816390671.0,0.0345,0x73...7dc9,https://bscscan.com/tx/0x84a68c83317985be4a52a75fc705d23013ff9957804f523ef81618bf39460a2f
2023-03-24 10:40:35,True,2.324e-10,7.163e-13,5882830001.0,0.0421,0xe5...d21d,https://bscscan.com/tx/0x308cc925c94619c1e4ec7dfc28f3401110e87bac301edac06008269060b50fe2
2023-03-24 10:40:08,False,2.3e-10,7.127e-13,13533096410.0,0.0964,0xf5...f11f,https://bscscan.com/tx/0x247f30e144f869a662b201838328367a919b79d0a054822db89e1cd330267c39
2023-03-24 10:38:11,False,2.311e-10,7.127e-13,6398661305.0,0.0456,0xbf...8799,https://bscscan.com/tx/0x596ad395584e55dcab35a08fb0eee7ae5aca351b79739e0bce00b0d85ae27107
2023-03-24 10:36:08,False,2.311e-10,7.128e-13,126950344844.0,0.9049,0x5a...f5d2,https://bscscan.com/tx/0xb7ce030ce2824ac5ab0d88793ecacae74e7d3acf2629b36ad991955eb8265108
2023-03-24 10:32:20,True,2.311e-10,7.164e-13,3374395030.0,0.0241,0xca...49c9,https://bscscan.com/tx/0x90bc483dcd191f99cd7e5d2e9a53ec2a932540b1c5b315707a2e3f95b093d0bb
2023-03-24 10:31:53,True,2.311e-10,7.164e-13,3200749376.0,0.0229,0x93...ce16,https://bscscan.com/tx/0x8cce06fa6d8984d064a17ed50a70d29d5c83ad2c6f95b3eed081bebbd136f05f
2023-03-24 10:30:56,False,2.302e-10,7.133e-13,3615415947607.0,25.7923,0x2f...c0be,https://bscscan.com/tx/0x30db1813c52e9f01d9dec32d3339ebf74c03599edad0d760a54b852b2c2062e5
2023-03-24 10:25:49,False,2.313e-10,7.139e-13,35291002839.0,0.2519,0x1a...1e53,https://bscscan.com/tx/0x8d5579967ef34588d0637f0a8c0bba4b226a55383a90ba9c49d96960a9e309c3
2023-03-24 10:25:11,True,2.324e-10,7.175e-13,20416500001.0,0.1465,0x4d...60a7,https://bscscan.com/tx/0x1d48e4a4fc095c39e23a48525cf1449e2e4a5fc8cfa92b7688b2285daa4dc841
2023-03-24 10:23:49,False,2.314e-10,7.139e-13,9235166467.0,0.0659,0x12...f5bb,https://bscscan.com/tx/0x316dfc7c950ebaae0ca43e72f314d0cfcb413f36835a59d1e760f65ed174e8c4
2023-03-24 10:23:37,True,2.314e-10,7.175e-13,40855102819.0,0.2931,0x9b...4c26,https://bscscan.com/tx/0xdce2c2d2b0b90e4c9692dfa8de1521cc3832447a14734a38974385f1d29a9172
2023-03-24 10:22:37,False,2.314e-10,7.139e-13,3284998912.0,0.0234,0x07...51ce,https://bscscan.com/tx/0x903e9de69c8ad47ad1e9f3dff129d186bfb04134c91fcdc8e0d6de721e6cbc12
2023-03-24 10:21:40,True,2.314e-10,7.175e-13,1533008389.0,0.011,0x7d...db0f,https://bscscan.com/tx/0xb9e249d83b7933c9153b0c6fa66644059c79d36b54e6f44cda62d5c11853fe85
2023-03-24 10:21:28,True,2.326e-10,7.175e-13,4459666676.0,0.032,0x0a...b929,https://bscscan.com/tx/0xcfeacd3358eb88b86f920ff888af5a3e9c371b4e9dc171beb215402caacb9569
2023-03-24 10:19:10,True,2.326e-10,7.175e-13,3500000000.0,0.0251,0xcd...720a,https://bscscan.com/tx/0xac66fd0ed439433c9664b329b9948a2e8806e91035ba58a7c2366a35d3013b82
2023-03-24 10:18:58,True,2.314e-10,7.175e-13,2650000000.0,0.019,0xa3...db13,https://bscscan.com/tx/0x1df904d8f625ea47f53d03e994f651f35c96f58cd1db148a4c58f4d40a8f141c
2023-03-24 10:16:55,False,2.303e-10,7.139e-13,41348441693.0,0.2952,0x05...e8ca,https://bscscan.com/tx/0x9ead95e3fd2d59bf8966931218ad5bbd4f8bb12ef06433cc9c5f91109ad78b8d
2023-03-24 10:16:37,True,2.326e-10,7.175e-13,116505146488.0,0.8359,0x9b...4c26,https://bscscan.com/tx/0x56542ebc5ea1fddfcb3d35850078023a008dec31905f68f8c4da1475ddeaf129
2023-03-24 10:16:19,True,2.326e-10,7.175e-13,10441094877.0,0.0749,0xae...f971,https://bscscan.com/tx/0xb095df7160b28741a5e9ceead3fcc2c56a4805123c31bb71ec1252db940c57f5
2023-03-24 10:14:37,True,2.315e-10,7.175e-13,1069069000.0,0.0076,0xd0...26fd,https://bscscan.com/tx/0xb12547f00524a9f923a87d96ce89536fff487586640f6bdd213de9013bbac8cb
2023-03-24 10:12:43,True,2.313e-10,7.175e-13,19000000000.0,0.1363,0x0e...3d37,https://bscscan.com/tx/0x3865590b95d95696bceb3367ce199ce48d54a4e59536cf3c90ae0a34a7bdd05a
2023-03-24 10:12:13,True,2.326e-10,7.175e-13,432052036.0,0.0031,0x8b...6506,https://bscscan.com/tx/0x07840d1eb7664468967f76eafcb5d5dce6124d90e9b96d5a8b91f25ec41baead
2023-03-24 10:11:04,False,2.314e-10,7.139e-13,12137957587.0,0.0866,0x5d...708d,https://bscscan.com/tx/0x9c66675499e093a64847c3d07139649ec7930cc475431a862f496721df663de3
2023-03-24 10:10:25,False,2.314e-10,7.139e-13,13221363301.0,0.0943,0xfe...0cdc,https://bscscan.com/tx/0xed70f03ecf98696a08d594484d1feb54482ca5c41cc76e9ae567f5972dd938f7
2023-03-24 10:07:55,False,2.303e-10,7.14e-13,945000000000.0,6.74805,0x38...d088,https://bscscan.com/tx/0x2cdbc1e82447153470291ab5c5f8637830cbd1cacc50ea9c74cfdb56de1a6b9d
2023-03-24 10:03:28,True,2.326e-10,7.177e-13,206580725211.0,1.4828,0xe5...5e3e,https://bscscan.com/tx/0x8a012dec9a5f0d50be97af11e3de7d25feb47fab4c19559c45b4c9eb22489bba
2023-03-24 10:03:28,True,2.326e-10,7.177e-13,15581800000.0,0.1118,0xc4...30d0,https://bscscan.com/tx/0x5e92cf3fe258857d7ae38058d870602b306b403ea975863ea0683eca15d6e1b6
2023-03-24 10:02:58,False,2.314e-10,7.141e-13,3593220939.0,0.0256,0xa5...8804,https://bscscan.com/tx/0x8ddb2900b2ac2826f57ffdbc3b554b1b6c6221d0856c2283fb9ffeb1f36959e9
2023-03-24 10:02:55,False,2.314e-10,7.141e-13,3177000062.0,0.0226,0x3e...a6d5,https://bscscan.com/tx/0x100a478074ccc4040b7b55fea417f481cfd1fc9cef2086ca426d38fd7bc1264d
2023-03-24 10:02:52,True,2.326e-10,7.177e-13,4929408043.0,0.0353,0x57...2097,https://bscscan.com/tx/0xc615b3c29174cf8f32c92b88424c51cdb01c2eeb779ad7dd2f796e7e7519582b
2023-03-24 10:00:49,True,2.328e-10,7.177e-13,21461170348.0,0.154,0xbb...bc30,https://bscscan.com/tx/0xd3fbf9e62e956fe1acf54a75806b2458632bb2ba345f773e7052267727e55376
2023-03-24 09:59:22,True,2.327e-10,7.177e-13,19838690375.0,0.1423,0x95...1abd,https://bscscan.com/tx/0x7925cd0b2fb9c3477b27f14ca27ada1e537a756e0f9a4e5b835f2e5c9f396b9d
2023-03-24 09:59:07,True,2.315e-10,7.177e-13,90565116320.0,0.65,0xeb...2e5e,https://bscscan.com/tx/0x2f1bee16805a136d89e2b9fce07f8ed83fc64371a5c701b613a9f4afdbdaf529
2023-03-24 09:57:07,True,2.326e-10,7.176e-13,69072188888.0,0.4957,0x11...82a5,https://bscscan.com/tx/0x946723f4f5b1bdc5d376581a94e74b1e29bb093782bd2248b57f1da506448ae3
2023-03-24 09:56:55,True,2.326e-10,7.176e-13,4065351672.0,0.0291,0xcb...6e8e,https://bscscan.com/tx/0x6aa80f3947f95b4cd6cc0490eabb51c9aec4ecf9052000c0ba5eb02f111529e2
2023-03-24 09:54:55,False,2.303e-10,7.14e-13,5551334275.0,0.0396,0x63...f253,https://bscscan.com/tx/0x9a8448ad7a505ca3dd611775afe3ac671067b6c752d0c905f74a11296ff3034a
2023-03-24 09:53:43,False,2.315e-10,7.141e-13,160933905174.0,1.14926,0x74...4296,https://bscscan.com/tx/0x1e8e195e820bc050326363bf15987dfbf9c5fd80b31bebfc3fc3bf1da43e2f96
2023-03-24 09:53:04,True,2.327e-10,7.177e-13,850000000.0,0.0061,0xea...5882,https://bscscan.com/tx/0x2a899d97904ddca8eb6d5b2930d53ea0b3f4b014951bcb701cfdcda8761f0933
2023-03-24 09:49:40,False,2.316e-10,7.141e-13,77407096318.0,0.5528,0x4b...b273,https://bscscan.com/tx/0x5622027d45b5542f184468b7a54b55eb1746123ed0cfd3e9f8a195702ba0515c
2023-03-24 09:48:55,False,2.316e-10,7.141e-13,8415549514.0,0.0601,0xb8...a8b6,https://bscscan.com/tx/0x70d5504ed980a675560f3ac647de2a6d75db80e796e93622d88374711985bd0a
2023-03-24 09:48:16,True,2.317e-10,7.177e-13,11200000000.0,0.0803,0xea...5882,https://bscscan.com/tx/0xb2bea540e5f5242280cb64a020c3154471b3fb197df25b01b59458cfef809ee3
2023-03-24 09:47:40,False,2.306e-10,7.141e-13,10566957381.0,0.0754,0x0e...154d,https://bscscan.com/tx/0x6d55e6a48fd502029c26d28c027c0b49c776c6ed97c3a2b986850da0d5b52249
2023-03-24 09:47:04,False,2.318e-10,7.143e-13,1030407223419.0,7.36056,0x1a...ecb0,https://bscscan.com/tx/0xa1d551a0bc175a890cbc8a33dac5c31034d87a815d11ad8aa4be27908b785cd9
2023-03-24 09:45:01,False,2.319e-10,7.144e-13,2086020946.0,0.0149,0x62...31af,https://bscscan.com/tx/0x55808802f4e6c63893c46f1ca295efb287c0d9ef20efdd9e0c1be93719784c6b
2023-03-24 09:44:44,False,2.319e-10,7.144e-13,1589704551.0,0.0113,0xa4...c3b7,https://bscscan.com/tx/0x8ef308d7a4cd30de2f50e3379602ea29ec3ade41d2e0f3b23e25bc2ad0c4814f
2023-03-24 09:43:41,True,2.33e-10,7.18e-13,121947384594.0,0.8756,0xa2...e8e9,https://bscscan.com/tx/0x2dfaf2014d44c17790c2da63c45fc423a7c12a4f1ab71496da8592ee165842c7
2023-03-24 09:43:08,True,2.319e-10,7.18e-13,239981172.0,0.0017,0xcc...7237,https://bscscan.com/tx/0x2fdcdeb6297c668fe19dd90932a1d1cf922012c9fbcceb798b32123a800fa715
2023-03-24 09:39:23,False,2.317e-10,7.144e-13,61432180885.0,0.4389,0x82...54ed,https://bscscan.com/tx/0x57e648cd2c1066ef03eec69991b8f4daba4bec34c2e606ce78877c7332814847
2023-03-24 09:39:17,True,2.328e-10,7.18e-13,2050000000.0,0.0147,0xc0...b524,https://bscscan.com/tx/0x1e8ba0afb9641c4ea65a1b70baa0965b1ee15a9c31ef43f42245f00c002aa234
2023-03-24 09:36:17,False,2.305e-10,7.144e-13,5163120568.0,0.0368,0x95...1c11,https://bscscan.com/tx/0xa0537d112d3c1482456ba222e2455faec4c028d21e4afe9557ab327af343f6fd
2023-03-24 09:33:05,True,2.33e-10,7.18e-13,2780376678.0,0.0199,0x00...2daa,https://bscscan.com/tx/0xf6fd86e1cc2ced2b826265c8bfea4e70f018cf0de4372cab8fd88c4b26ff9781
2023-03-24 09:31:53,True,2.331e-10,7.18e-13,3400000000.0,0.0244,0xcf...0e01,https://bscscan.com/tx/0xcbe118f91085242ce11c92ce4afbc0ffc5c993fa0bbd3bba928bbea71059460c
2023-03-24 09:30:59,False,2.308e-10,7.144e-13,22161511720.0,0.1583,0x75...ddbd,https://bscscan.com/tx/0x815d8b396d75cbf9d08a6e0b01493dc97019d28f7fae7b50b90fe1d0b8ca1b47
2023-03-24 09:30:59,False,2.308e-10,7.144e-13,19148055169.0,0.1368,0x9f...85fd,https://bscscan.com/tx/0x933689027212fe1bf5f5f8c591e61194bc56814454233491b8b1a12458fcd6c8
2023-03-24 09:30:26,False,2.319e-10,7.145e-13,205923294472.0,1.47137,0x0e...9c63,https://bscscan.com/tx/0xefc14d25bf6c352bf605770dff609ca29024e74025b5b7aed9f4a3487ee187de
2023-03-24 09:29:56,False,2.319e-10,7.145e-13,13743681027.0,0.0982,0x85...dd24,https://bscscan.com/tx/0xa20637ae4a6cdfa167f6551b60fa0489d332f1a95c62607cff245333278d48b7
2023-03-24 09:25:11,False,2.31e-10,7.145e-13,41536053485.0,0.2968,0x44...8a52,https://bscscan.com/tx/0xccfe5568f5c4f4bf5c6347397d12142bcfd90b97410aa507cdcef1cd38508477
2023-03-24 09:24:08,False,2.322e-10,7.145e-13,3584767828.0,0.0256,0xa5...7e88,https://bscscan.com/tx/0x31acb6ed3b3d8ba728e64253eb010493fa154b07b92f08873d73b11ea18bcef5
2023-03-24 09:18:35,False,2.323e-10,7.145e-13,128477837686.0,0.9181,0x37...ae0e,https://bscscan.com/tx/0xf7192881b76b382df30af15c52536c19e9f5863b9435a51d1c37a29543e0039e
2023-03-24 09:15:35,True,2.335e-10,7.181e-13,22110293422.0,0.1588,0x15...38aa,https://bscscan.com/tx/0x11c73a1f82b97c74105e8f53f48e04b7c4c093c3d3a7a1872c465525de843028
2023-03-24 09:15:08,False,2.323e-10,7.146e-13,1664456987.0,0.0118,0xdb...a80a,https://bscscan.com/tx/0x4847d035e2bcd2a74c70696017bc86ec378cc2ce1efe229ab53e4a898deba844
2023-03-24 09:12:35,False,2.323e-10,7.146e-13,24733196306.0,0.1767,0x07...147e,https://bscscan.com/tx/0x8e9d9b4e83d57fac46b23ff412273cdba6e1ae248f86149c19e1d8d0f9852214
2023-03-24 09:06:53,False,2.33e-10,7.146e-13,15811327793.0,0.1129,0xf4...3a66,https://bscscan.com/tx/0x9ec5fedcc022bd80c6ed27a360be1030c8c0318e6e4f4e8a84b9b81831d0c942
2023-03-24 09:05:38,False,2.33e-10,7.146e-13,5310000000.0,0.0379,0xe6...cf70,https://bscscan.com/tx/0x0a0c804bbc3610f1e93bd912c3c21e37b28d564c17cd386400f9ec3b496296e3
2023-03-24 08:59:47,True,2.333e-10,7.182e-13,4613052871.0,0.0331,0x14...0a06,https://bscscan.com/tx/0x96439f2d59546d0416def613dfb12b0df9738d8ed444a3357014a4ffaea14917
2023-03-24 08:56:53,True,2.345e-10,7.182e-13,7009521925.0,0.0503,0xf0...b241,https://bscscan.com/tx/0xfe39cda55dfcc17be297f94acd7fcb9bea95c25f3cd4cd8a2ebb7854c4b1bee6
2023-03-24 08:41:38,True,2.345e-10,7.182e-13,24000000000.0,0.1723,0x6a...c009,https://bscscan.com/tx/0x3673a6676ce6cd27da3187c0cacdce3eda09b3805b757189313e64b88e68cab5
2023-03-24 08:33:08,False,2.336e-10,7.146e-13,148327958829.0,1.06,0x0d...7a43,https://bscscan.com/tx/0x478e6cb7e81a6cdaf8c7cd14a1062acee3f3b26730fa38847a9243f82f28fd9a
2023-03-24 08:31:44,False,2.337e-10,7.147e-13,275940000001.0,1.97215,0x0e...0ce7,https://bscscan.com/tx/0xece85da9f7913eca5cd4192f54d696c8e91e8343de2a50cb6a5e5f04243d488e
2023-03-24 08:31:23,True,2.337e-10,7.183e-13,6960570895.0,0.05,0x6f...ff3a,https://bscscan.com/tx/0x3240facc1c1e06fc709959e84b40b58e2d564a272983d8508319d510be7387a0
2023-03-24 08:31:05,True,2.337e-10,7.183e-13,3787568843.0,0.0272,0x9b...a5b4,https://bscscan.com/tx/0xb9848833c5f94d3502075d41162142e7c8a5cb152eded88fdae09553c0b139af
2023-03-24 08:30:26,True,2.348e-10,7.183e-13,985210100.0,0.007,0x6a...fb07,https://bscscan.com/tx/0xcf3af7db781515445437fe6219aeeb76d3c4a62a507262df17029bc0996eeb65
2023-03-24 08:29:59,True,2.348e-10,7.183e-13,59282500000.0,0.4258,0xb0...176c,https://bscscan.com/tx/0x8f5ab7c8c23b588e67a001aec12fbc78dfa530d81358879294e1508de1b24ea1
2023-03-24 08:28:32,True,2.348e-10,7.183e-13,41765057921.0,0.3,0x6f...ff3a,https://bscscan.com/tx/0x672759f87a04ba7b8e8d8483ddeeece1f73bd7c3c94c90fac0c526384b241c3d
2023-03-24 08:22:11,False,2.326e-10,7.147e-13,49361695511.0,0.3528,0xe0...b07b,https://bscscan.com/tx/0x15a08b3ff530989544fc0de7550478ea6fc5228685885df4f2b7c64000532f2d
2023-03-24 08:20:56,True,2.349e-10,7.182e-13,338617000000.0,2.43215,0xb0...176c,https://bscscan.com/tx/0x9d3a1c89646e281f64a698f7fcc8c31e649d97ea7af7e6322a88d93f0787829c
2023-03-24 08:20:44,False,2.326e-10,7.146e-13,16981617936.0,0.1213,0x36...de93,https://bscscan.com/tx/0x290d78f3d632613b21b85137123f35bdbdb513eab56f6e2485361d8edf45f310
2023-03-24 08:19:41,True,2.337e-10,7.182e-13,11138800000.0,0.08,0x0e...3078,https://bscscan.com/tx/0x88af7c85a48777bd7b6d4c8e962022e51bca5fe8bc05e2ea89034a1be52ca2e2
2023-03-24 08:19:35,True,2.337e-10,7.182e-13,919856362.0,0.0066,0xe0...b07b,https://bscscan.com/tx/0x4bdb51859729d1134fbe382a8a61d7d6cc757b5ebecd15e1c173f03745efac81
2023-03-24 08:17:05,False,2.323e-10,7.146e-13,56762163062.0,0.4056,0xbd...56c2,https://bscscan.com/tx/0xc3ceb8b07ee3c248e6466e4fc777847ab5cd6b13a95f4f6d44b3dada6e74c553
2023-03-24 08:12:56,True,2.346e-10,7.182e-13,23844053884.0,0.1712,0xf0...8d04,https://bscscan.com/tx/0x3f4cdfbcb7bd2f501ab386fe6e64c120e0fe6e4f2b87ae042e66f8899798a80b
2023-03-24 08:12:53,False,2.334e-10,7.146e-13,1799955000.0,0.0128,0x9e...ee31,https://bscscan.com/tx/0xb7c8ebe77c7bcce73f220292ba3c54cab2a250878cf59263f33f0bb2687bd5a8
2023-03-24 08:12:50,False,2.334e-10,7.146e-13,5152711916.0,0.0368,0x9e...e0ee,https://bscscan.com/tx/0x05815070c680a13ba68f5d048bbde2a752e1717cf5c6e5833c49b50ee5af63c9
2023-03-24 08:10:14,True,2.345e-10,7.182e-13,10000000000.0,0.0718,0xb6...b0ff,https://bscscan.com/tx/0xbef03fdfada5f2114d24cb08a12d31a707b798bd8acab9101d3130ddf5b9b60d
2023-03-24 08:06:44,True,2.334e-10,7.181e-13,126000000000.0,0.9049,0xeb...9f95,https://bscscan.com/tx/0x1ec9d0d87b466360b76f29404e7c566783980b54c46ecbb6629fa8b67b6e4bc9
2023-03-24 08:05:53,True,2.345e-10,7.181e-13,1669979253.0,0.0119,0x41...d39e,https://bscscan.com/tx/0xf4e41d7669e3204c1c6a885f62414aee714d6cf7ad116680899cf6ef0c181534
2023-03-24 08:05:29,True,2.345e-10,7.181e-13,5873807799.0,0.0421,0x97...6a65,https://bscscan.com/tx/0xfbdf83ab5b9a67cb5f85bdc4ef125501836a9dd809aef6e3f17d8e7658f5ca7c
2023-03-24 08:04:59,True,2.346e-10,7.181e-13,1700000000.0,0.0122,0x27...d6cb,https://bscscan.com/tx/0xa46de0cea150e68e717b39bbbeef8b173a2bcbd6286c6d7db6a03619469f7233
2023-03-24 08:04:47,True,2.346e-10,7.181e-13,5569692607.0,0.04,0x0f...2f74,https://bscscan.com/tx/0x7b08c0e94e8510b95a5283e46fdcbe88de556611794e2c52ba079db1cd7dd522
2023-03-24 08:00:14,True,2.347e-10,7.181e-13,4631612949.0,0.0332,0x41...68aa,https://bscscan.com/tx/0xe2d8915d7b97bcb07b7ec609cbb249bf221a98fed8a211b68434bf308579f567
2023-03-24 07:59:11,True,2.336e-10,7.181e-13,10787600001.0,0.0774,0xe6...cd17,https://bscscan.com/tx/0xf3ffda914709f782ed14e97a1c1572f0eaa06593057e206682b574d4ba5e89a4
2023-03-24 07:58:14,True,2.347e-10,7.181e-13,41773416642.0,0.3,0xc4...f097,https://bscscan.com/tx/0xc1fddfc1f6757b7dc595ab075e5df3f63e6b955fb033e660370f5d9da596926e
2023-03-24 07:56:35,True,2.336e-10,7.181e-13,27849372769.0,0.2,0x90...612b,https://bscscan.com/tx/0x4cd7a9a9d551983fe09e3a1635210650d41a0dfb7b05a5a3d09ce2bbaf0ce89a
2023-03-24 07:50:53,True,2.347e-10,7.181e-13,41774702002.0,0.3,0x90...612b,https://bscscan.com/tx/0xcb16d4101e0e462eba282bef5564696bd30f5526540c8273caec556d50c8cb2a
2023-03-24 07:49:41,True,2.347e-10,7.181e-13,69626217761.0,0.5,0x90...612b,https://bscscan.com/tx/0x377891ec1bbd50c25ef4f2f97054cf04a41123779e47dfb99eda7d293eb4df07
2023-03-24 07:44:23,True,2.348e-10,7.18e-13,69628360206.0,0.5,0x90...612b,https://bscscan.com/tx/0xf2bef9a0b066a1484824f8bad263c39c4ba7c2f0da8c6522bd9fb9f8ef80165a
2023-03-24 07:41:29,False,2.334e-10,7.145e-13,151999999999.0,1.08608,0x5e...23c3,https://bscscan.com/tx/0x1432cee557aacb86ebfcc4c1ad6cf82dc134a53a92ad60ccfec56f60bcc6c95c
2023-03-24 07:40:56,False,2.322e-10,7.145e-13,6041637609.0,0.0431,0x26...09ce,https://bscscan.com/tx/0x97a2f72f8f7601692866beb8dfa231ae7b09fbd709be5705a1212d863e9d967b
2023-03-24 07:39:40,True,2.347e-10,7.181e-13,7915205485.0,0.0568,0x7f...5a1c,https://bscscan.com/tx/0xf331182f6282afaecb4ccab0018653646b1ee5e11c64dbacc17931c671009b4b
2023-03-24 07:30:44,False,2.333e-10,7.145e-13,2886550946.0,0.0206,0x01...c816,https://bscscan.com/tx/0xa700a76c04abddc6ee9cb42dda41be0b72a91f7f77de82253f05dec013bc3680
2023-03-24 07:20:53,False,2.322e-10,7.145e-13,8785665826.0,0.0627,0xa7...39a4,https://bscscan.com/tx/0xbb653e16bc57101bc70f6432a1fbdfbb58bc5934c5aacfb42031bb4ab7569a08
2023-03-24 07:18:23,False,2.333e-10,7.145e-13,4510074182.0,0.0322,0x5e...1d14,https://bscscan.com/tx/0x9e2e95167b312847078a2dd6a6ee547c4254a66e0dcd48260ffc47bbbd124da7
2023-03-24 07:12:18,True,2.333e-10,7.181e-13,2776273104.0,0.0199,0x3d...4cb8,https://bscscan.com/tx/0xabbda47dd785db2108d7257dee4c676befb7a68124c048f2087b7dee46f3d512
2023-03-24 07:10:33,True,2.332e-10,7.181e-13,8818400000.0,0.0633,0x3b...7a99,https://bscscan.com/tx/0xf24ae8553719ea0fc77bdb71ac8fbf67b7dc1ae0d253faaa44906a9f179a591a
2023-03-24 07:03:12,True,2.34e-10,7.181e-13,11198428193.0,0.0804,0x0a...037e,https://bscscan.com/tx/0x89d254d2ea9fd331118ac99b24413472dd519f565458a5cbd06305e0c89553a5
2023-03-24 06:47:30,False,2.342e-10,7.145e-13,1940146626.0,0.0138,0x78...94bd,https://bscscan.com/tx/0x76bb08298392cc16c9ca4ac7bdd18586ff382280c8cbcf1082e29b484e68b4aa
2023-03-24 06:43:22,True,2.354e-10,7.181e-13,75892489360.0,0.545,0x6f...de19,https://bscscan.com/tx/0xfd213ef88cfc091da36e4c50f6236c4aba992052ae4dc9025bef589fdb662dda
2023-03-24 06:41:52,True,2.354e-10,7.181e-13,4586917530.0,0.0329,0xa5...c552,https://bscscan.com/tx/0xda97e6f7890496244f0893731fc9b628c95b93ef0927a248efd2bd983333489a
2023-03-24 06:41:28,False,2.342e-10,7.145e-13,8100000000.0,0.0578,0x4d...7194,https://bscscan.com/tx/0x0b99777280707ee5ba413115d01d99ede7137c188bb14abcaa54c86509b2db12
2023-03-24 06:41:22,True,2.354e-10,7.181e-13,9823590797.0,0.0705,0xd8...3d20,https://bscscan.com/tx/0xe288d8bd9688c9fbe74d81516801c85161133a0df05cb3ae343b4e8e891fa931
