datetime,buy_order,price_USD,price_native,amount_token,total_native,maker,etherscan_url
2023-03-21 09:37:58,False,2.523e-10,7.631e-13,18536283641.0,0.1414,0xc0...eeb0,https://bscscan.com/tx/0x3bcc8eaad453262fd87dc9a9e7f03fcabba1de13404c5b281b0ea528d9922bee
2023-03-21 09:37:22,True,2.536e-10,7.669e-13,130386622.0,0.001,0xf3...2084,https://bscscan.com/tx/0x60f4519bfb8bbc45e8d91cf17e69f04ae9310abfb7dcf191dc3882b2a0f1cd95
2023-03-21 09:35:52,True,2.536e-10,7.669e-13,4200000000.0,0.0322,0xaa...1b2d,https://bscscan.com/tx/0x3e34bd285f8a0a7aeef43ce5dc6d52a858e137edcbcb3a4cfd9cfc278b917d1b
2023-03-21 09:34:40,False,2.51e-10,7.631e-13,129800442859.0,0.9905,0xb6...4ab8,https://bscscan.com/tx/0x3f73f7d9c7ced98ad7413b1f62c6f2839546d7ea3bf98fef6a5372b45f721119
2023-03-21 09:34:19,True,2.535e-10,7.669e-13,35593801985.0,0.273,0xab...42cf,https://bscscan.com/tx/0x0026cd25872eacf94d4b75ab26c23c5e7e091231044b8f994140be49dd87b546
2023-03-21 09:33:22,True,2.535e-10,7.669e-13,14739116830.0,0.113,0xc3...7ea1,https://bscscan.com/tx/0xc79b0a99aa329de5226af39c7e01c166540602da43f30b0622de7d3dde82323f
2023-03-21 09:30:08,False,2.502e-10,7.631e-13,2767380323.0,0.0211,0x1e...367b,https://bscscan.com/tx/0xe36b0b51e92d248946c830a1a8569431b6580b4cfc4989ee492e3fb337dbdaa4
2023-03-21 09:29:50,True,2.527e-10,7.669e-13,1500000000.0,0.0115,0x5a...abcb,https://bscscan.com/tx/0x94c553d2b1006e916fda9ebbe4283d05531cd01b744c2d4e870eab34a874ba70
2023-03-21 09:29:32,False,2.513e-10,7.631e-13,3643519800.0,0.0278,0xf1...b4a6,https://bscscan.com/tx/0xdfcc7b61eee7a8cee185944b8192934e8cff1be768f4e2ea153db42fd38a197e
2023-03-21 09:29:17,False,2.501e-10,7.632e-13,438764209975.0,3.34875,0x38...1d6c,https://bscscan.com/tx/0xb154f066c4836af023bf3ca2c778a9169bada2f311c8b5b660e57cd0ae5b08b2
2023-03-21 09:28:53,True,2.527e-10,7.671e-13,130355814.0,0.001,0x63...7d7a,https://bscscan.com/tx/0x69a2ebe7266f9539124ab84175972f00387bf4f173ae32c93faf189c3cb4cbf9
2023-03-21 09:28:47,False,2.514e-10,7.633e-13,3858218259.0,0.0294,0x40...0d64,https://bscscan.com/tx/0xb6ed2c7c065cc6ca5ef1911aa8e223ac90e336e6d84907bf9c7cf57f96d7906c
2023-03-21 09:26:35,True,2.525e-10,7.671e-13,782053000.0,0.006,0xee...5d4c,https://bscscan.com/tx/0xab955eba7ecafd4109148012043feb377378162e19faa164219e053324c600d3
2023-03-21 09:26:11,False,2.5e-10,7.633e-13,198762443863.0,1.51723,0xb9...3907,https://bscscan.com/tx/0xe7826c5dd27086f125f1aa1f722366429851d6067ebbf8dcf9395078721c0c22
2023-03-21 09:26:11,False,2.5e-10,7.633e-13,25125112237.0,0.1918,0xb9...3907,https://bscscan.com/tx/0xbadaa76f2d0f751936acd44ecae94b6d700eaf7d7af2b54ded04ea8934f88717
2023-03-21 09:23:29,False,2.513e-10,7.633e-13,28562162313.0,0.218,0x33...db5f,https://bscscan.com/tx/0xef8f62479cb58fcfa6f0bafe3c8042ae0cfa88e0ed0eb7974d69c9a0c715c068
2023-03-21 09:22:08,False,2.513e-10,7.633e-13,59452236039.0,0.4538,0xb9...3907,https://bscscan.com/tx/0x4a7a22a71385b5a936571392b3888df0d6a40a6fb8da057ecdc73f596036ef7c
2023-03-21 09:22:05,False,2.513e-10,7.634e-13,196362777585.0,1.49912,0xb9...3907,https://bscscan.com/tx/0x28a2e68f6670443df9aba5257cd991edade5cdfa7cadb196fd3d1d565b723b1b
2023-03-21 09:21:20,False,2.514e-10,7.635e-13,387002876005.0,2.95494,0xb9...3907,https://bscscan.com/tx/0x3f15853a78facd334a284b01c415f1940f89b97286651dc33de6fcc5f322558a
2023-03-21 09:21:20,False,2.514e-10,7.636e-13,19365201530.0,0.1478,0xb9...3907,https://bscscan.com/tx/0x20254431e8c8d6b96782fd29a360b95ed77be29abf872c0ebb970ce2e6b55254
2023-03-21 09:21:17,False,2.514e-10,7.636e-13,183962837674.0,1.40484,0xb9...3907,https://bscscan.com/tx/0x757a3a04db302543ccb32d3d5ad5db55be8dd699f4722614c27e58acb43152b5
2023-03-21 09:21:11,False,2.514e-10,7.637e-13,206412306046.0,1.57641,0xb9...3907,https://bscscan.com/tx/0x70d297199f340e7ea0d61560e64c18f616224466743d21ea874da758b3e2def7
2023-03-21 09:21:08,False,2.514e-10,7.638e-13,304436877789.0,2.32531,0xb9...3907,https://bscscan.com/tx/0x70b6a9e168a4e13e8c81560c7569a9e02210cd01e2c47b980002561f7185e538
2023-03-21 09:14:11,False,2.501e-10,7.638e-13,90000000000.0,0.6874,0x21...9486,https://bscscan.com/tx/0x856a4e25524863e02fd1c29d5cd957b0f46fd21214d5733f03c9b240a536246d
2023-03-21 09:12:26,False,2.501e-10,7.638e-13,3534368301.0,0.027,0xa8...00e7,https://bscscan.com/tx/0x0760b9e48d029e0a0752a9144e0ec8f4ba3dd01c8ec240048fc967b05e7876f6
2023-03-21 09:11:17,True,2.526e-10,7.677e-13,22440883640.0,0.1722,0xb5...a1e3,https://bscscan.com/tx/0xe89293888168fc4a06a3964b5d7172b33b65615b9e7756a35d4fc6e4e7643fb5
2023-03-21 09:08:38,True,2.512e-10,7.677e-13,46892606404.0,0.36,0x9b...73a2,https://bscscan.com/tx/0xec77357b63aa484cc1b36eb69128ca75933760c64cf7e9d36388d4f884fc98f7
2023-03-21 09:08:23,True,2.524e-10,7.676e-13,23446666688.0,0.18,0xe3...d40c,https://bscscan.com/tx/0xe4713dcb3019154c9226728953f67f8aee089a16d67a3d2cfa6ebf8187a36e30
2023-03-21 09:06:44,False,2.498e-10,7.638e-13,29700181464.0,0.2268,0x3e...d32c,https://bscscan.com/tx/0x022c4e3c496c174e4d642e3e657bdcc636f95998b740b0a99683198d0c8e0756
2023-03-21 09:02:05,True,2.53e-10,7.677e-13,1302580001.0,0.01,0xe1...d509,https://bscscan.com/tx/0xdc17a3b1f5619fb4334d9439d8a090481781e31306c4ec674a1d94088c086da8
2023-03-21 08:55:35,True,2.516e-10,7.677e-13,17989700000.0,0.1381,0xb6...b0ff,https://bscscan.com/tx/0x8d91950ec58d63304d4649948e66f9d3577e0f9d11c51867863c5ad764212c5c
2023-03-21 08:55:26,True,2.516e-10,7.676e-13,70400000000.0,0.5404,0xeb...9f95,https://bscscan.com/tx/0x0ec7215949ab0c4d6fdb9ee37674373a8435baaaab5bed456f3e4ed1e19ef04b
2023-03-21 08:55:02,False,2.516e-10,7.638e-13,6610912165.0,0.0505,0x29...8ace,https://bscscan.com/tx/0x0b742fc74fa00ac5d6a5fc0fb636b5376b591e57ae86d26230a2405aa33eb4d5
2023-03-21 08:55:02,True,2.529e-10,7.676e-13,716447784.0,0.0055,0x14...a0fa,https://bscscan.com/tx/0xe3d566399d036c229b73eafbb92aa0c385ff1fb7ca20dbd2afdb9ba6903739c5
2023-03-21 08:54:20,False,2.516e-10,7.638e-13,23989665709.0,0.1832,0xb3...d7b2,https://bscscan.com/tx/0x36d110a5cd3c90577ecb8f3fe85a9ab514ca46d526191f8b5842ecb3ac914f3c
2023-03-21 08:53:12,True,2.529e-10,7.676e-13,130261834.0,0.001,0x63...7d7a,https://bscscan.com/tx/0xd60e831b5ab46da78181b824ce8dcb0d1b6fe61827ddaba0f752e22b38e65976
2023-03-21 08:52:47,False,2.504e-10,7.638e-13,19120617866.0,0.146,0x2d...ed54,https://bscscan.com/tx/0xbad61132b3a320d0055c532f434dc7986f7be1932bdd9b923da998afbac287d5
2023-03-21 08:51:59,True,2.516e-10,7.676e-13,12000000000.0,0.0921,0x28...331f,https://bscscan.com/tx/0xe9f1f6e901cb4809afa8269507e3ae1c38a2d47cfc073d9a05b33d28d2e38e94
2023-03-21 08:49:53,True,2.527e-10,7.676e-13,1343290099.0,0.0103,0x80...a647,https://bscscan.com/tx/0xed62d9a99bb8032f2592fc866eb9105830c5b8598c477cf6aa1f2ffa4356df82
2023-03-21 08:49:53,False,2.515e-10,7.639e-13,330849715017.0,2.5274,0x46...34f7,https://bscscan.com/tx/0x93a9c9111c2b27d83e961009efc015b06efb503fa1dcc6a6ea714e654c5b191e
2023-03-21 08:45:11,True,2.531e-10,7.677e-13,37770464114.0,0.29,0x49...f436,https://bscscan.com/tx/0xefd967100be61a361de753654e6663cb22d3a81a6a89a64d7a3645343daa931b
2023-03-21 08:40:44,False,2.518e-10,7.639e-13,4885986569.0,0.0373,0x2a...41cd,https://bscscan.com/tx/0x134d6d865875fb8ad785e17882df9ecb4f6d1ec3ea1c097f2081aad39ece3543
2023-03-21 08:39:59,False,2.518e-10,7.639e-13,23853508281.0,0.1822,0x77...9624,https://bscscan.com/tx/0xe61ff6476c5a8873dea97676b39a692cace19241af6581918d9360180472569e
2023-03-21 08:39:59,True,2.53e-10,7.677e-13,1975674139.0,0.0151,0x57...b844,https://bscscan.com/tx/0x3738435ef2cecea130eafb5fe574c729309a8d1eceef06355b7fa96751749e96
2023-03-21 08:39:08,True,2.53e-10,7.677e-13,151086537923.0,1.16,0xd8...0dc7,https://bscscan.com/tx/0x074b912655b56a46787adf1ae5bef0213cc876b5d63e33f52c21f1658874af8d
2023-03-21 08:37:38,False,2.518e-10,7.639e-13,278058470251.0,2.12426,0x26...bd6c,https://bscscan.com/tx/0x92c6d5c99e2c4fc7bfb6e0d55e6751c79e0a7e67e85360ed89482fce610438c1
2023-03-21 08:36:35,False,2.519e-10,7.64e-13,60513618658.0,0.4623,0xc1...68af,https://bscscan.com/tx/0x44fcbcc408d7b7d91766d369c30f42d819680818410cce500633cb0ef1d252fe
2023-03-21 08:33:23,False,2.516e-10,7.64e-13,251446855382.0,1.92124,0xbb...88eb,https://bscscan.com/tx/0xe32e48b474a693cceae2b41d95686b76da68155855f071f3bec4c1fa42cd9f13
2023-03-21 08:32:17,True,2.517e-10,7.679e-13,36063346820.0,0.2769,0xf7...f34b,https://bscscan.com/tx/0xca1caed34802d9e347d44c730d4afb83b208f0c16ba5bddad7b9c83c4c3875e0
2023-03-21 08:25:06,True,2.529e-10,7.679e-13,2395207536.0,0.0183,0x65...3567,https://bscscan.com/tx/0xa591603c7c446d01afe55c14996fd2eb11e76c83a9385ad03cd8e95f85c1d797
2023-03-21 08:22:25,False,2.516e-10,7.641e-13,6051126325.0,0.0462,0x68...438f,https://bscscan.com/tx/0x56f517455b5d6b01ffc7714435eba4d50333d150603a446262f0ff7d119bd8fa
2023-03-21 08:22:00,True,2.528e-10,7.679e-13,15727184819.0,0.1207,0x7b...5a9c,https://bscscan.com/tx/0xa020fede748d39903e9b355711a894e5cff4a552a7253ce135929ac980fbfaba
2023-03-21 08:19:52,False,2.502e-10,7.641e-13,18000000000.0,0.1375,0x65...6865,https://bscscan.com/tx/0x0278b6604d57f86f35836ba74f18bbf95e306089d031a24b3f4483cc4f5964bf
2023-03-21 08:18:39,True,2.527e-10,7.679e-13,27580263.0,2.118e-05,0x5b...e6f9,https://bscscan.com/tx/0xd0316b78215d85603b33c22f316dcde6e9bcbcca42c06decfd1b302b2d48e236
2023-03-21 08:18:13,True,2.514e-10,7.679e-13,4500000000.0,0.0345,0xd9...d3a6,https://bscscan.com/tx/0x08918b019542f3fa9b992abe16d725e4a36f947d7b753d1e972212864f994d0f
2023-03-21 08:17:31,True,2.526e-10,7.679e-13,1718755719.0,0.0132,0xd7...80b9,https://bscscan.com/tx/0x7611b2ffece996b45bee70f726972d0aaf1d93346c0ba793ba1432e6e77d63bc
2023-03-21 08:14:19,False,2.516e-10,7.641e-13,40611024314.0,0.3103,0x2b...0508,https://bscscan.com/tx/0x7f2708cb10b63eed63c3be305e2e640084f21b6549217bfa3ac1f77167211eb9
2023-03-21 08:12:55,False,2.519e-10,7.641e-13,7952375391.0,0.0607,0x4d...c8a7,https://bscscan.com/tx/0x23a776dff44b1cbb5972a5adbe76fb25f7867c386f21d9a1270ca393399e1c80
2023-03-21 08:12:04,True,2.533e-10,7.679e-13,5582980346.0,0.0428,0x50...0559,https://bscscan.com/tx/0x1816a129cf5ee1e39a3c795c5a2771ed5eade13f2818b91614a38da36a85e2e9
2023-03-21 08:05:16,False,2.54e-10,7.641e-13,80646676359.0,0.6162,0x6f...5f25,https://bscscan.com/tx/0xb6033cb710645622baaa2962a5ef0ca35be972a4d11658bbc833cba8cc69d3be
2023-03-21 08:04:40,False,2.527e-10,7.641e-13,99171348189.0,0.7578,0x9f...5f5c,https://bscscan.com/tx/0x8f29249009e78d9ab3605078a36ebf5cbf7b6c68004d5516b75ee3277091d7f0
2023-03-21 08:03:37,False,2.54e-10,7.641e-13,30246650477.0,0.2311,0x99...8525,https://bscscan.com/tx/0xc01108e2b03ea9563dc4fd4679205ee2d0e196afa1097d1d78214d4da4e78ba4
2023-03-21 08:03:28,True,2.553e-10,7.68e-13,6318911834.0,0.0485,0x80...9bc4,https://bscscan.com/tx/0xa040772de12dd26712ab08e565d339cc30b5d200a6590489fa74a9ebb5e4d864
2023-03-21 08:00:49,False,2.528e-10,7.641e-13,4068147797.0,0.031,0xa4...c222,https://bscscan.com/tx/0x902a98334825322e5f4c5246d204b33a7c8cb4efc1209d9123198ebc51ff49d3
2023-03-21 07:59:00,False,2.541e-10,7.641e-13,6156802568.0,0.047,0xd7...ecec,https://bscscan.com/tx/0x5b934194e430c6d4f46fb7ac998309141496d0bd14d846ebd6c692516d268ed8
2023-03-21 07:58:29,False,2.528e-10,7.642e-13,42010138827.0,0.321,0x70...edf3,https://bscscan.com/tx/0x31973d1d934b783385562f3afb5b9fe5e22c6a63fb2b86b01e76644e8f8dec0a
2023-03-21 07:57:29,True,2.541e-10,7.68e-13,34360288216.0,0.2639,0x38...a4bb,https://bscscan.com/tx/0xf9749abe4eec2dfdb230bafc545e66f5df443df7b848882264318419174c99b6
2023-03-21 07:55:41,False,2.528e-10,7.642e-13,34594188557.0,0.2643,0xfb...bb89,https://bscscan.com/tx/0x1f70581b6aa4291dd6b34d92e7e07a1865bf27119b5d215d71db80f7a3643bb1
2023-03-21 07:55:23,True,2.553e-10,7.68e-13,4000000000.0,0.0307,0xef...498a,https://bscscan.com/tx/0xf6ee81728aaeb30cbd4a762e5e15e223527368f38669291636ebab0ebe2aa182
2023-03-21 07:39:32,True,2.54e-10,7.68e-13,2090390655.0,0.016,0xf9...c39a,https://bscscan.com/tx/0x8560905d159a77c24dab584917b7d3cf77df3662f883c9cfc959dc186d583093
2023-03-21 07:38:14,True,2.553e-10,7.68e-13,14322185073.0,0.11,0xfb...ea6d,https://bscscan.com/tx/0xb3a405a2c65183005822b6e3a7ca1b69b6156da9bd532576f8b69f05d8ebdbc7
2023-03-21 07:35:47,False,2.527e-10,7.642e-13,7200015205.0,0.055,0xa1...48fc,https://bscscan.com/tx/0x8e78826f2badc62b01756571f8117dc8123b27b476589ed9905ffc205e5b7b74
2023-03-21 07:34:59,True,2.54e-10,7.68e-13,563135837.0,0.0043,0x6d...3755,https://bscscan.com/tx/0xb9ab281dbafa9ad00da4d3475574a6ad985be8ab7ab2a4b73e4a11562b75cae4
2023-03-21 07:34:32,True,2.54e-10,7.68e-13,200000000.0,0.0015,0x09...6fb0,https://bscscan.com/tx/0xa98720a89f9919c859c1a4817fb0d622bb0e0702fbbb171842ada09902bd112f
2023-03-21 07:32:20,False,2.528e-10,7.642e-13,156891528607.0,1.19901,0xe2...388a,https://bscscan.com/tx/0x41b9394b406f3be4b2974357a567072f44e8eecaea73bfb9448d523a1b5b8a97
2023-03-21 07:32:08,True,2.553e-10,7.68e-13,2093810000.0,0.016,0x6d...56ac,https://bscscan.com/tx/0x747c56efc21ae231561394e598d8eb85f99152536d8f7e62802e7eb57427cd3a
2023-03-21 07:31:53,True,2.553e-10,7.68e-13,13509546164.0,0.1037,0x0d...2445,https://bscscan.com/tx/0x170394038d7cf190096b12a536d34ea2bbff183c4f2fe473feae720f778687df
2023-03-21 07:31:23,False,2.541e-10,7.642e-13,14345415355.0,0.1096,0x89...c5ae,https://bscscan.com/tx/0xb580fc86cedee4e920fae9efa03d5e2283628e70ebb0941358361107dd4ebe62
2023-03-21 07:24:50,True,2.555e-10,7.68e-13,18788596815.0,0.1443,0xe0...9e47,https://bscscan.com/tx/0x439ca5e35919ebe405bd48fb7307b3b53c6f50770db0a642407d1032e80701c3
2023-03-21 07:21:29,False,2.541e-10,7.642e-13,31114843203.0,0.2378,0xea...0144,https://bscscan.com/tx/0x4935db70e00760709210164eb3be6bb330f248ef2a6374b23bfd4243df178e4e
2023-03-21 07:21:29,True,2.554e-10,7.68e-13,9697970000.0,0.0744,0x76...907e,https://bscscan.com/tx/0x0d401ab3e8c0b1a46f0d314e95f03b4acb9c01895c6fe500ea4cb157d5c268ed
2023-03-21 07:20:14,True,2.541e-10,7.68e-13,6509626620.0,0.05,0x72...3582,https://bscscan.com/tx/0x54b6ee074a5f2f9ef94007a1fa6ff304d2ba81d02f68e1c140b80a410147787c
2023-03-21 07:17:33,False,2.527e-10,7.642e-13,17823582217.0,0.1362,0xf9...4fc3,https://bscscan.com/tx/0x8e62c643b8901eafbaba989fc14bbd10d18b11862e254b1b34c87063a23e913a
2023-03-21 07:17:24,False,2.539e-10,7.642e-13,1001959803.0,0.0076,0xf6...2e8f,https://bscscan.com/tx/0x50130948bccc0e35ab738832cf5e47dca2c3b44eff84da761eba6b43329eddad
2023-03-21 07:16:33,True,2.551e-10,7.68e-13,3361410743.0,0.0258,0x43...1864,https://bscscan.com/tx/0x6129ca425dcbc7aea63bd78412702b54ff7cf5f395b80df3da375d040ff7d9c4
2023-03-21 07:14:48,True,2.551e-10,7.68e-13,18627516364.0,0.143,0xb9...675b,https://bscscan.com/tx/0x3430ae7cb09cee5c9ce64fb3baf0da81f2acbeef95fbd9f59de6036bc3e6139d
2023-03-21 07:09:27,True,2.549e-10,7.68e-13,2530000000.0,0.0194,0xaf...e691,https://bscscan.com/tx/0x7ddc726b56bc320f638945089f3c332b5d5b442e6b1bd54fe1fc2a9db9ecd196
2023-03-21 07:07:24,True,2.552e-10,7.68e-13,26038768628.0,0.2,0x9f...791a,https://bscscan.com/tx/0x9b54dec309ec3d59b1b54c0f95eea6da03445d6ee74442cb01bcb2cdf5edee04
2023-03-21 07:07:03,True,2.552e-10,7.68e-13,21370600000.0,0.1641,0x4f...b328,https://bscscan.com/tx/0x131f6a05ba27be29a8838ecd539284f6232867ae0885cfc3e3a6da3abe9b3753
2023-03-21 07:02:48,False,2.543e-10,7.642e-13,75136305667.0,0.5742,0xc5...0311,https://bscscan.com/tx/0xa437d4618f78ec36aa5f3b94ca823263829a4ff64854d3f3d5e686a1d469ab74
2023-03-21 07:01:33,False,2.535e-10,7.642e-13,174518205048.0,1.33383,0x74...5af1,https://bscscan.com/tx/0x2643c23e4805e4fe087e17e00b9cd3b7e3a8ef0e7c53330a718c534b39b9702c
2023-03-21 07:01:21,True,2.561e-10,7.681e-13,104147337931.0,0.8,0xd5...3a53,https://bscscan.com/tx/0x8b2d4feba62be63acfc966fa15908f29f85af4ffb82d47bd95a1e8526ec328dc
2023-03-21 06:56:30,False,2.553e-10,7.651e-13,4790014028302.0,36.6496,0x1c...2ad5,https://bscscan.com/tx/0x0145edab09067d26d70a124c1909142910349d03d3306033c83e910a984f83bd
2023-03-21 06:56:18,True,2.556e-10,7.698e-13,3892367117.0,0.0299,0x1b...37ec,https://bscscan.com/tx/0x35f3ea2f8364a607769b60c269d7c9cb4f99429fb4333d79198e7f704a579d82
2023-03-21 06:55:09,False,2.544e-10,7.659e-13,174669466130.0,1.33795,0x62...8275,https://bscscan.com/tx/0x2e85cca451691ea7884e3a87b9a1e580912e4f4f9cab54e99b13f9c5d4cfae4b
2023-03-21 06:54:42,True,2.569e-10,7.698e-13,1959014319.0,0.015,0x47...f6bd,https://bscscan.com/tx/0x2942c62dd3512a60a8c9206f8f0e77f528723780838d77eb20e9f0490cefcb7c
2023-03-21 06:50:06,False,2.559e-10,7.66e-13,124809186518.0,0.956,0xa0...99db,https://bscscan.com/tx/0xc938c5b0d5bff92855e70ff426a4b00638b9fbe281c4275ea663ce8eb24fcb49
2023-03-21 06:49:36,True,2.559e-10,7.699e-13,13559887778.0,0.1044,0x48...132d,https://bscscan.com/tx/0xed66d33d7d3343123ed8ff33666020fe204a33661d107cc5ccca582ea7edf98b
2023-03-21 06:48:15,True,2.559e-10,7.699e-13,425719206.0,0.0032,0xc5...c8c9,https://bscscan.com/tx/0xede96bad93372e24c0ed436181d47b97bedd19fe3bc9a0009f55083a47d1e5b9
2023-03-21 06:47:18,True,2.57e-10,7.699e-13,464502737.0,0.0035,0xdd...620d,https://bscscan.com/tx/0xed015e61936d425efb011c082a238cb69d2660bdc0f193f01c84c943d9ba16f4
2023-03-21 06:45:42,True,2.56e-10,7.699e-13,3799999999.0,0.0292,0x7c...ed73,https://bscscan.com/tx/0x3147337afa233066ef6bfd93727254ccf78f16cc8137cdd9b2a808bb11983e0f
2023-03-21 06:34:51,False,2.57e-10,7.66e-13,900000000.0,0.0068,0xb4...6265,https://bscscan.com/tx/0xc5e35d3e83334dcba078175665f23445eafaa74e4856da0aaa7ce09b762e4bf8
2023-03-21 06:33:12,True,2.571e-10,7.699e-13,7298352344.0,0.0561,0xb4...6265,https://bscscan.com/tx/0x8deb990d1f406f9820d3eccadaf1169c7567f09e68eb03ce82b36a3c083e84f0
2023-03-21 06:31:21,True,2.571e-10,7.698e-13,3942223722.0,0.0303,0xdd...620d,https://bscscan.com/tx/0xc31ad38ac2dafa6614612e2a75d902b7fed77edb2d633af7f583d0da887ba0b6
2023-03-21 06:25:48,True,2.572e-10,7.698e-13,3632880249.0,0.0279,0x0d...ed02,https://bscscan.com/tx/0x9645a91068be4db36a54b20d27c69c1198cc3f8fdab76319e4492d3715177a69
2023-03-21 06:21:18,False,2.559e-10,7.66e-13,1380729000.0,0.0105,0x77...057d,https://bscscan.com/tx/0xace192fb223aede6774396c95acb0420f0bb6ef3ac5ee7ccc01ba00096630ef3
2023-03-21 06:19:03,True,2.584e-10,7.698e-13,735253640.0,0.0056,0xdd...620d,https://bscscan.com/tx/0x3042aff5c21b9be63317eae14683d8932e8d84257cb20b98fb8126e68388e7b6
2023-03-21 06:16:18,True,2.584e-10,7.698e-13,1855573014.0,0.0142,0xdd...620d,https://bscscan.com/tx/0x7e5c021e90946ab5ea45e104f793c2e1263465a22b896ce92f09672a6bfc8d80
2023-03-21 06:12:09,True,2.583e-10,7.698e-13,12288672482.0,0.0946,0xdd...620d,https://bscscan.com/tx/0x05597613f9a41aaef34748f66d5877054c092ba9385ff670aeeedc2cca7f4b34
2023-03-21 06:08:12,True,2.584e-10,7.698e-13,88849213892.0,0.684,0xb3...9caa,https://bscscan.com/tx/0x9864414c5f3f13f9cb0deb4c88ab9dc9031a482d391ce454860dcb81c1cdfecd
2023-03-21 06:01:12,True,2.571e-10,7.698e-13,129897560107.0,1.0,0x30...5502,https://bscscan.com/tx/0x90b4d78eb20666164b2f9304589d4fb387559d10d53151e02b9f75e227d2df01
2023-03-21 06:00:42,False,2.571e-10,7.659e-13,44624590894.0,0.3418,0x6f...5f25,https://bscscan.com/tx/0x459755f7d551179ddc446084d79e24e1c40f76a743781a5ca338841b5a0203fb
2023-03-21 05:55:36,False,2.57e-10,7.66e-13,333816538120.0,2.55718,0x4f...6f14,https://bscscan.com/tx/0x1a2bdf68fb2adbdb1baf6c094ee8f7f59a4ba6d3cfecc6bcc62608c5d2303268
2023-03-21 05:54:00,True,2.584e-10,7.703e-13,12916518931.0,0.0995,0x74...b68e,https://bscscan.com/tx/0xa10bfbd54b010099ccdf640ace592ab395b41eef3caaf3e1458e1a49f19d8e82
2023-03-21 05:45:51,False,2.556e-10,7.661e-13,76500000000.0,0.586,0xd4...c977,https://bscscan.com/tx/0xbc413febc535c92a6e2b78851366b13f6aa25104be47f3cd77f4fdc8c4519ccc
2023-03-21 05:37:28,True,2.584e-10,7.699e-13,4545637121.0,0.035,0xb9...189d,https://bscscan.com/tx/0xc9f625916c8fc1701dee64835c1f833e3b2cd4c3369876810753c4edf0c31a0d
2023-03-21 05:37:13,False,2.558e-10,7.661e-13,7200000000.0,0.0551,0x24...b404,https://bscscan.com/tx/0x8e1bdfe8f57318438ec341ca76384fe76935dd692a030e9cac8b554a49e98972
2023-03-21 05:36:43,False,2.571e-10,7.661e-13,10462473988.0,0.0801,0x50...7d78,https://bscscan.com/tx/0x5b589a01d0e73090c1d8ac55a6a810befd794b9eb2a65cc29c00e27e43cbd240
2023-03-21 05:31:52,True,2.584e-10,7.699e-13,8250000000.0,0.0635,0x26...a3db,https://bscscan.com/tx/0x71d5b82ee1cfe067cd0519fb13ffc43d976a8782945450dbe263714fa927165b
2023-03-21 05:28:43,False,2.558e-10,7.661e-13,7567467159.0,0.0579,0x58...23a0,https://bscscan.com/tx/0xde19d99da14f23687117b10c77d89e9209ed7cbcb95f7e62bedf2f8779dc0bf5
2023-03-21 05:26:37,False,2.571e-10,7.661e-13,5389068615.0,0.0412,0x41...3ce5,https://bscscan.com/tx/0x0dd84371e5ef7109b12c61f2c7ee748b5a958d9957379d8b3b2ca2fada272c68
2023-03-21 05:25:25,False,2.558e-10,7.661e-13,1721167283.0,0.0131,0xdd...620d,https://bscscan.com/tx/0x58661b0ce09002ce1e85b966642c82e849129e07a19486ef17a151873604c234
2023-03-21 05:24:52,False,2.558e-10,7.661e-13,5163501840.0,0.0395,0xdd...620d,https://bscscan.com/tx/0x05788aff6a5b0b826b778b540721903fd8fa3f1e81ba582f748172116bd3e0e9
2023-03-21 05:24:49,False,2.558e-10,7.661e-13,900533347.0,0.0069,0x86...f027,https://bscscan.com/tx/0x1dc38f66c5f12db32bac3654fc61fc1cf76127643b9595692d147c8229b28dcf
2023-03-21 05:22:49,False,2.57e-10,7.661e-13,1893567031.0,0.0145,0xc1...f7f9,https://bscscan.com/tx/0x6a547ceff32c6116b9f7cc43f8f26e580c4d0856ea46731ae6e6d1e436796509
2023-03-21 05:21:28,True,2.582e-10,7.699e-13,800000000.0,0.0061,0x78...d048,https://bscscan.com/tx/0xad54f796547fb9f2539c4220270b624f13bef343147b7d6f3850b8ca265906dd
2023-03-21 05:21:28,False,2.569e-10,7.661e-13,6971599897.0,0.0534,0xe3...8cbc,https://bscscan.com/tx/0xb3da9b6ec3ba7706d76e413430127221543dd9f1742765e57bda7b45d028efef
2023-03-21 05:19:34,True,2.581e-10,7.699e-13,8000000000.0,0.0616,0xc8...f07b,https://bscscan.com/tx/0x807d414f42905a68bdb35debead4973a93f5b1a7cada2b5a31f08da113e2cd51
2023-03-21 05:18:01,True,2.581e-10,7.699e-13,2514156506.0,0.0193,0x0b...3f2d,https://bscscan.com/tx/0x0092d33af581d34cac460056e32eda761289cd252250fb366c601b80d5d32823
2023-03-21 05:15:43,True,2.583e-10,7.699e-13,15533400000.0,0.1196,0x56...229e,https://bscscan.com/tx/0xac194046972e246cf271954cd89de3aff68de70d3a31a3f891b57b9d509ec163
2023-03-21 05:15:43,False,2.57e-10,7.661e-13,10102415524.0,0.0774,0x46...8468,https://bscscan.com/tx/0x1f4bb15d5054851ddcc3b035f519bc6816e0a33981e3874c548b1ae4c795074a
2023-03-21 05:12:43,True,2.57e-10,7.699e-13,730089397.0,0.0056,0xea...3520,https://bscscan.com/tx/0xeb0cf9ece969e2bc38d14a333944cb6cc40f1db5fe17669c8358d51cb91651d1
2023-03-21 05:03:16,True,2.58e-10,7.699e-13,2337737019.0,0.018,0xc1...f7f9,https://bscscan.com/tx/0x8f4a7bac3babdfce81b382ab567e8bfbdb1b679090bf0a1ba62496b67597821f
2023-03-21 05:02:43,True,2.579e-10,7.699e-13,680000000.0,0.0052,0x39...6774,https://bscscan.com/tx/0x09ebaae6a0e7b0ec254398028192b31fdfc7ab5dcacee4263927a4ac9a2e3e8e
2023-03-21 05:02:01,False,2.565e-10,7.661e-13,113373384093.0,0.8686,0xfe...b348,https://bscscan.com/tx/0x72d17520d5b45aaebda0fe1ffa8c2c9b3057c55b3501e73b16edf3594d838b26
2023-03-21 04:58:16,False,2.551e-10,7.661e-13,45174377231.0,0.3461,0xe6...df49,https://bscscan.com/tx/0x50cc98e25ad0d0353b3488ef6c4a6a20f34bf366d6c43a0638784e99d2543b02
2023-03-21 04:52:13,True,2.563e-10,7.7e-13,389595003.0,0.003,0x26...7b02,https://bscscan.com/tx/0x014cae06990be38a73fa6dffbec758a69c9043cce846676baf09f4b4ea99d807
2023-03-21 04:50:43,False,2.563e-10,7.661e-13,5253447174.0,0.0402,0xf3...0c73,https://bscscan.com/tx/0xd75f327f37c19d878312eec07387d09ef87bdc2fb69d25c4779595711fca2f6f
2023-03-21 04:39:02,False,2.552e-10,7.662e-13,77925461910.0,0.597,0xf0...3cff,https://bscscan.com/tx/0x7162ca5b7c9434279d80d11dceac4b4b4c99ee3158a3ffd8a6b603ff19702910
2023-03-21 04:38:47,True,2.565e-10,7.7e-13,766174615.0,0.0059,0xe6...73dc,https://bscscan.com/tx/0x17a2dfc74624d01cc2fe0702a5a57a5286d35bb2f422ccb26c6bb5d27e64321c
2023-03-21 04:38:11,True,2.577e-10,7.7e-13,10000000000.0,0.077,0x69...1a9b,https://bscscan.com/tx/0x6ed6cb06b24a4355b5cbfe97d895afb98dc7487ebbfc26ea6a90b0d1ac1d1932
2023-03-21 04:35:30,False,2.55e-10,7.662e-13,16888342500.0,0.1294,0x9e...885b,https://bscscan.com/tx/0x82b0335bf6cc90ae8c2c55d4ac1be03ea91026d9567060330eec2f6387d6a99f
2023-03-21 04:35:18,True,2.576e-10,7.7e-13,12940200012.0,0.0996,0x38...9e31,https://bscscan.com/tx/0x55bc3f8e38598df7b6992bd536f7642f9614250de85aaaaf3c338260064f8d2d
2023-03-21 04:34:57,True,2.577e-10,7.7e-13,1558326426.0,0.012,0x0a...8bcf,https://bscscan.com/tx/0x1867203d48b6afe8d7d676c6dfc69fd143f3b3acb4438db9b03e60022c908d7d
2023-03-21 04:34:48,False,2.564e-10,7.662e-13,22707387375.0,0.1739,0x00...c546,https://bscscan.com/tx/0x706cdaa010ad33ed5849f913b886d3f7aa2fc8135c781ddfc75692f301810b1c
2023-03-21 04:32:42,False,2.563e-10,7.662e-13,1786724739.0,0.0136,0x8a...9fac,https://bscscan.com/tx/0x8ada483c1eeb5d88f72f7c1de5ee2ca9a1bff79b362c3f68f42574bd2e9ae2c5
2023-03-21 04:30:12,False,2.569e-10,7.662e-13,45682917439.0,0.35,0xf4...f399,https://bscscan.com/tx/0xb081957246ace4b7d30d58e6e800f9fa96b94517ea5debb47ac2439b6187922f
2023-03-21 04:28:36,True,2.581e-10,7.7e-13,7921278386.0,0.061,0xe3...d40c,https://bscscan.com/tx/0x197a4bce404286cc7dbf31e1bdbfff0e716695704fb755c216511d8fc0e14567
2023-03-21 04:28:15,True,2.568e-10,7.7e-13,5000000000.0,0.0385,0xed...d43d,https://bscscan.com/tx/0xe1b0ee6cf6fa0bf86e1f51edfd9a3e3a87f6c60637ab991ece6771319c04814a
2023-03-21 04:24:57,True,2.581e-10,7.7e-13,6000000000.0,0.0462,0xed...d43d,https://bscscan.com/tx/0x2dcb1db70c760d951bea93e478678da2e3206cca824db406649ddcd0feacf53e
2023-03-21 04:20:25,False,2.553e-10,7.662e-13,34110000000.0,0.2613,0x9b...d3d0,https://bscscan.com/tx/0xdf24fc8d9ea1a8ee057136f83bd237d621b54ff4a6389a7ae445018f4c4e1126
2023-03-21 04:20:06,True,2.566e-10,7.7e-13,175208105963.0,1.3492,0xaf...8845,https://bscscan.com/tx/0xa51895d76292c473cce73accf0973ea8221d48e92a21fc2f29c69d34db5826e8
2023-03-21 04:19:42,False,2.553e-10,7.661e-13,6043549358.0,0.0463,0x28...e8b0,https://bscscan.com/tx/0xe46933c2dbe34f6a29ca1a0578b875c7fb6a8623b91ff35709e5fa29e985d6ef
2023-03-21 04:18:49,False,2.553e-10,7.661e-13,13208739967.0,0.1012,0xe0...e3d1,https://bscscan.com/tx/0x764443941a87ef4d84842f816207f54224bf7ed1e4fe43396ae83db0c0e3b742
2023-03-21 04:17:23,True,2.566e-10,7.7e-13,1291830434.0,0.0099,0x5d...7671,https://bscscan.com/tx/0x5327d363e5cee1a03833eb289ea0e05072d5aa20301ddd0d1b931923901fb369
2023-03-21 04:16:15,False,2.553e-10,7.662e-13,131276613918.0,1.00585,0xd7...a738,https://bscscan.com/tx/0x20a42c9bfd135dc9eea2aa295d07a11aad5fa6a59162908d7dd5f2bc15b0eb9d
2023-03-21 04:11:38,True,2.582e-10,7.699e-13,532479000000.0,4.1,0x69...f5af,https://bscscan.com/tx/0x53caf50672d3f6b63f9e39f34ded9e407346542346f4b982e5c0f12a6c699118
2023-03-21 04:04:07,True,2.583e-10,7.698e-13,2293346226.0,0.0176,0xbf...bac6,https://bscscan.com/tx/0x2592028f14f7be885a37f04cf2d171f35ecc821d45dc37ed8c01961ccd3d48b9
2023-03-21 04:04:01,False,2.57e-10,7.66e-13,85287569886.0,0.6533,0x31...942a,https://bscscan.com/tx/0xef7165daead397382238312d0d3123b2c65931a4628740568b5f6d12c23ea5e0
2023-03-21 04:02:49,False,2.57e-10,7.66e-13,55567410981.0,0.4256,0x82...fcfb,https://bscscan.com/tx/0xf969d06ccb2005a290872496bdfd558ff94e25d3653849bb7ba65eb163ace3c4
2023-03-21 04:01:43,True,2.569e-10,7.699e-13,14076028811.0,0.1083,0xf5...3302,https://bscscan.com/tx/0xf5b1f91d3494854fdbcb1129cc9dcfd13bbdcb48fe1b221193abe410775ce75e
2023-03-21 04:01:34,False,2.569e-10,7.66e-13,9985770000.0,0.0765,0xa9...1c15,https://bscscan.com/tx/0x165f9730660253453e3560c2eb2265dc4a70cebac4896fde5d9432576ff330bc
2023-03-21 03:59:55,True,2.569e-10,7.699e-13,77454900000.0,0.5963,0x87...f47b,https://bscscan.com/tx/0x1b7fcb44ad8f901260124ee8a30be33f24d0d89bdaadc3c1b52e922afafdfa0d
2023-03-21 03:55:46,True,2.582e-10,7.699e-13,31172711488.0,0.24,0x48...7dce,https://bscscan.com/tx/0x13fc2242c3c80e9c3fcbbb8ed1a2844258fc599a705c2598032200b6789e9ba8
2023-03-21 03:55:25,False,2.556e-10,7.66e-13,68428141356.0,0.5242,0xe8...4315,https://bscscan.com/tx/0x4d061b442b2c219f4ed97b0852f4af88f3a34fb44d8b917e68ded1736b5b054b
2023-03-21 03:55:10,True,2.569e-10,7.699e-13,4900000000.0,0.0377,0xd7...0330,https://bscscan.com/tx/0xe416d97a17e89ee67292f3cf3ca0c8e7361ad26e89972d034c6b96c9534ab434
2023-03-21 03:53:16,False,2.568e-10,7.66e-13,36074721676.0,0.2763,0x6f...9795,https://bscscan.com/tx/0x7500934b489ed614e7f15e51d10b363da6b62147f9106dd6c22d9279f88900fb
2023-03-21 03:51:55,False,2.555e-10,7.66e-13,359991000.0,0.0027,0x4a...7791,https://bscscan.com/tx/0xbb66633218efbabab0d2fd6378da3242202ef7be50d4d5f138350f6ca24aaffb
2023-03-21 03:51:55,False,2.555e-10,7.66e-13,7513133689.0,0.0575,0x3b...2558,https://bscscan.com/tx/0x7c3d2f65b482693dda0277ba20d7cef393c8d20f7511b9e129e5b4250ab87d78
2023-03-21 03:51:25,True,2.58e-10,7.699e-13,46454200001.0,0.3576,0x66...83d6,https://bscscan.com/tx/0xe5979775041a821543fb7956519e02109bde746c7ac658acd0fc1ecf362bc531
2023-03-21 03:47:58,False,2.556e-10,7.66e-13,4604310419.0,0.0352,0xf8...777c,https://bscscan.com/tx/0x04aae1b32e961c88f32512972a354a3348b93df24b4a07efe7aa0fbe99a5943f
2023-03-21 03:47:43,True,2.582e-10,7.699e-13,690145358.0,0.0053,0x0b...3f2d,https://bscscan.com/tx/0x3601fcd52ae663142a84ec3d768f01c0bb8f48c99eecd71ee70bd66fcae361db
2023-03-21 03:47:22,False,2.569e-10,7.66e-13,29000452149.0,0.2221,0x6f...9134,https://bscscan.com/tx/0x08b52dfe4a98683ba305999d1ca9c9a1b168c79383ba2cf60b0fbebf73565104
2023-03-21 03:43:52,True,2.567e-10,7.698e-13,519588000000.0,4.0,0x69...f5af,https://bscscan.com/tx/0x10f916e5dec07dddc7eb3b43d71c8595dc63fe973e7e72009e9ad513582566b7
2023-03-21 03:43:22,False,2.567e-10,7.659e-13,13712539424.0,0.105,0xed...a94c,https://bscscan.com/tx/0xdc1a25fdd7a858e8d7bacb02e4f38860ffdfd8c2882163dade7bca28c2688f57
2023-03-21 03:42:04,False,2.567e-10,7.659e-13,3426661557.0,0.0262,0xcb...d0df,https://bscscan.com/tx/0x3808172f6ff43054ae4ff9de7d647ad93cf2eb6b837f7c1d275217c31dec7ed1
2023-03-21 03:41:34,True,2.567e-10,7.697e-13,13000000000.0,0.1,0x51...89ea,https://bscscan.com/tx/0xc96ceccbd5d450c15ae3ee974736b9fb0f3db30f6c95204b9cb081b7764ce31e
2023-03-21 03:39:28,True,2.578e-10,7.697e-13,6495624757.0,0.05,0xac...75b0,https://bscscan.com/tx/0x5d229ec3eeb1d37e1b843db25ac7feb401d13c80281768af6eca78b3406cc772
2023-03-21 03:38:07,False,2.551e-10,7.659e-13,51884599781.0,0.3973,0xa9...ee62,https://bscscan.com/tx/0x59b0a969ee866919ca8a52c1a126c3ec60bd3bac5c2a90abdc9d8970e1270956
2023-03-21 03:35:55,False,2.563e-10,7.659e-13,36220290582.0,0.2774,0x6f...5f25,https://bscscan.com/tx/0xf1537f06d648e66a005a1b137a531232d146c4b1ef7cd35817263a6a3da1c047
2023-03-21 03:35:43,False,2.563e-10,7.659e-13,5898146410.0,0.0451,0x94...3ba2,https://bscscan.com/tx/0xf7c719bfe97ceb0c7afb4c8071ce3cc0e4d433e0cceb407ead2ff54316ad1181
2023-03-21 03:32:13,False,2.564e-10,7.659e-13,43742709552.0,0.335,0x66...83d6,https://bscscan.com/tx/0x53f281766f5aed9204ddfb0ff89f8e9b993bcfb255bc63b7f6fff5d4318ea8d8
2023-03-21 03:27:34,False,2.553e-10,7.659e-13,60696805656.0,0.4649,0x84...3e1a,https://bscscan.com/tx/0x55dcf1b44fe9e8c8050a8bf5e4224d0e2e505e8354020873c1bee8c0a085a1c4
2023-03-21 03:24:43,True,2.579e-10,7.698e-13,5295913359.0,0.0407,0x83...91a6,https://bscscan.com/tx/0x8484b0418de09bd64f0044a4a89f7780457086ce2f14e291cca387c3f0214572
2023-03-21 03:22:19,False,2.552e-10,7.66e-13,180000000000.0,1.37881,0x5a...1c6a,https://bscscan.com/tx/0xc6bd4a9d3533d9e4137305bfe5a2e67293c317c21f6f3f458d82aa19bde020cc
2023-03-21 03:21:40,False,2.552e-10,7.66e-13,7602450940.0,0.0582,0x63...0920,https://bscscan.com/tx/0xacfe905581615e24dae95a07cea7e85020ccc4f28f0ba8632e69b49cf2e83d0e
2023-03-21 03:21:01,True,2.58e-10,7.698e-13,3071903349.0,0.0236,0xcf...cbe9,https://bscscan.com/tx/0x40abb16eecd73d22c0710f258c9d91bb7e3c88cb587f9b9de2c8367dc61cbb97
2023-03-21 03:16:49,True,2.568e-10,7.698e-13,779341916.0,0.006,0x86...5ced,https://bscscan.com/tx/0xd239f24118e12a67b586ea279ba4a82c46eed40a2ae0360b98d25f2a8f1bbd80
2023-03-21 03:15:10,False,2.57e-10,7.66e-13,74382126272.0,0.5698,0x7f...326c,https://bscscan.com/tx/0xea2352a251dd5e0b9e2bc6c4ce14e31632ebd26a3dcde7025e87e4f98b23338f
2023-03-21 03:11:48,True,2.573e-10,7.698e-13,173686653182.0,1.33717,0x32...3e3f,https://bscscan.com/tx/0x29ec9d7a91a3399df1602a06cacf813820fe4782c7a38ee84b7b1b61d47316b8
2023-03-21 03:05:07,True,2.568e-10,7.698e-13,90700587368.0,0.6982,0x06...31fe,https://bscscan.com/tx/0x73e76afdf14e730146160c2b8c88b4b195220ca201dc8b946e1df49a3374c3c0
2023-03-21 03:00:10,True,2.584e-10,7.698e-13,751628054.0,0.0057,0x15...4042,https://bscscan.com/tx/0xc4e80cdb6d5a08fecf5a034d7cfd10fc80db7f0b025204b4a15d6bf0d5f1da2a
2023-03-21 02:59:10,False,2.558e-10,7.659e-13,3498394677.0,0.0268,0x60...9a93,https://bscscan.com/tx/0xc5d6fa90419c699930fcfcf492dfc6f19a07952486a4b22fc0fdbe018552ebb5
2023-03-21 02:58:16,False,2.559e-10,7.659e-13,19439449471.0,0.1489,0x46...0be4,https://bscscan.com/tx/0x2b22bc55047ffb1a3267ee1eaffd5a8f7d19119bd006550b9b5bac5088977297
2023-03-21 02:56:22,True,2.573e-10,7.698e-13,2627144701.0,0.0202,0x07...9005,https://bscscan.com/tx/0xb4470c0dba3feee115c6b571df7df7ff4db39c0d212fc2ad8c61636e87c0e8ed
2023-03-21 02:55:19,False,2.572e-10,7.659e-13,3586255565.0,0.0274,0xc5...ddd3,https://bscscan.com/tx/0x3ccc09ce8df1769490e7a14629125d3e8061794f0084b7e3a4031773049cb09b
2023-03-21 02:51:49,True,2.586e-10,7.697e-13,139469810460.0,1.07363,0x8d...3ed4,https://bscscan.com/tx/0x63b4d791dfced0b862f57518bb18c256e57ce5b2696c23399b2b4e5fe9ba51d7
2023-03-21 02:50:55,True,2.586e-10,7.697e-13,13164835542.0,0.1013,0x2b...4a05,https://bscscan.com/tx/0x355d87b5b2b0e49e276f4bf7ab33761d518eb9bd4fba99ec6058a4b697092778
2023-03-21 02:49:28,False,2.561e-10,7.659e-13,45895254247.0,0.3515,0x44...6002,https://bscscan.com/tx/0x75c7a4fd6143048772a523f0cba1fc89d77d14817b4cef8679cf62d4af334b37
2023-03-21 02:48:10,True,2.587e-10,7.697e-13,701000317.0,0.0054,0x15...4042,https://bscscan.com/tx/0xc7683928f426d84f2df2ae042e54ebcbe80a527c16534958892ad62e8e70aa07
2023-03-21 02:47:58,True,2.587e-10,7.697e-13,37223168832.0,0.2865,0xc9...a783,https://bscscan.com/tx/0x928b56478b35da82d48e64775405f414bd1449d3495586f43aad30314cd24f7b
2023-03-21 02:43:40,False,2.56e-10,7.659e-13,29842125314.0,0.2285,0x1e...ad61,https://bscscan.com/tx/0x5986dd81cd58782617a11f54f14353acb335fc9812e5c0a8ea69225b2e3cf491
2023-03-21 02:42:46,False,2.56e-10,7.659e-13,3870000000.0,0.0296,0x64...b58a,https://bscscan.com/tx/0x2b93115adbb0e378e238ed85a1ea6935cca86b9c690dab4ab1cb80d069e90d6e
2023-03-21 02:42:13,False,2.57e-10,7.659e-13,694035986.0,0.0053,0x4f...889d,https://bscscan.com/tx/0xeb93eaceb86ed940b9a66172a8089b996c25aab4f91a2e839615b6a91f3d66ca
2023-03-21 02:40:28,True,2.578e-10,7.697e-13,1299068798.0,0.01,0xa1...e13c,https://bscscan.com/tx/0x28840326140ecf6d0c8b8297d60cf462d9d481053c9fa8f1f68f0d36a6bb3330
2023-03-21 02:40:25,False,2.566e-10,7.659e-13,70605753419.0,0.5408,0xaf...8845,https://bscscan.com/tx/0x1e832a2736e20926c2387b3e2759fbf7c574cfec8ad561a26bf7e43a8fcae4ea
2023-03-21 02:38:13,False,2.563e-10,7.659e-13,5670901407.0,0.0434,0x86...e2ff,https://bscscan.com/tx/0xc9feed042c2f1282532307b74800e38a0ba2fec94283afba472b1a7a58dbca1d
2023-03-21 02:36:19,True,2.574e-10,7.698e-13,15099594942.0,0.1162,0xe0...3f43,https://bscscan.com/tx/0xd561e7439584a820a52eb278aa5514ed196fa3a3166ba252113bab5cce69ffcc
2023-03-21 02:35:37,False,2.561e-10,7.659e-13,19362099214.0,0.1483,0xd3...5cba,https://bscscan.com/tx/0x62cdf3b8aed76f905eb68e8332ff88660a0fe80f47d037ec7a327e7dfa220409
2023-03-21 02:33:20,False,2.546e-10,7.659e-13,5622566430.0,0.043,0xee...1103,https://bscscan.com/tx/0x644a42f28050c6a24844ae693791ee5595f680817d572048e36826fc3e2a7acc
2023-03-21 02:27:41,True,2.572e-10,7.698e-13,402695654.0,0.0031,0xdd...d02e,https://bscscan.com/tx/0x4e73a9d9997486f45e233ac4a8da2ee499b207636302c194edba738043d2d2d0
2023-03-21 02:24:44,True,2.572e-10,7.698e-13,10514528353.0,0.0809,0xa7...5fc9,https://bscscan.com/tx/0x43e6a6b6ea8add7e9ffd7fe6cb6e887f8f315d64f9407b13991d3545244c6856
2023-03-21 02:23:08,True,2.557e-10,7.698e-13,2899404778.0,0.0223,0xac...9a51,https://bscscan.com/tx/0xffa7d49efe2a133c1f901947d5877cd3b421b607f7df9c399ee6b109ec2a45cf
2023-03-21 02:22:56,False,2.557e-10,7.659e-13,27950079313.0,0.214,0x19...8502,https://bscscan.com/tx/0x4f560de5c13432273073f35db873c16d8e32b59459f73de7ae72383cb2c8281c
2023-03-21 02:19:50,False,2.556e-10,7.659e-13,58045680000.0,0.4446,0x97...7ae8,https://bscscan.com/tx/0xef8a199c0ef3d9dccdb67e23bd2bc089458a6a43ae53aa60ab7c861069c80113
2023-03-21 02:19:20,True,2.569e-10,7.698e-13,36992800000.0,0.2847,0xce...95bd,https://bscscan.com/tx/0x92062fee5b4b433bcc4c2e8bd1a9fcc75259f2925fd14aaf1d352a42e2609303
2023-03-21 02:19:14,False,2.556e-10,7.659e-13,47217786384.0,0.3616,0x89...cca5,https://bscscan.com/tx/0x0e094d53faad17697e234d8e699a16a61ecffc375551d06969f72f91884de621
2023-03-21 02:19:02,True,2.569e-10,7.698e-13,300000000.0,0.0023,0xe5...be6c,https://bscscan.com/tx/0x0df403e7eaba13dabac47ce8697b823d503bcb5cf5a4231756dd18bf1f991b97
2023-03-21 02:15:58,True,2.569e-10,7.698e-13,150000.0,1.154e-07,0xb0...4dfd,https://bscscan.com/tx/0xa0b92b2bee768cf29a421d789d9fbaf6e76375e114196e6f9135febaf8d3fb97
2023-03-21 02:12:22,False,2.561e-10,7.66e-13,34029140393.0,0.2606,0x6e...3dae,https://bscscan.com/tx/0x1f6d575d60be489031c4379f645b8e8ebb936416091d727aa60ca23b7836c496
2023-03-21 02:12:07,True,2.574e-10,7.698e-13,6993587866.0,0.0538,0x54...2312,https://bscscan.com/tx/0xefe5c22068dad0145a0d98eb29570c30ebdeca912f49814b0ebe8e2bc5a7f6bd
2023-03-21 02:10:22,False,2.561e-10,7.66e-13,91849249003.0,0.7035,0x06...31fe,https://bscscan.com/tx/0x23b86a7c2009b02059d66e2510b729bb6af5fa6aef2c66c41791a966aa96b402
2023-03-21 02:09:34,False,2.562e-10,7.66e-13,53598145766.0,0.4105,0x1f...4f4f,https://bscscan.com/tx/0xace0778a2bb834c2b19f2fe21a266e439ff25b2e92860ae05ffacc57404d9686
2023-03-21 02:09:31,False,2.562e-10,7.66e-13,14699675740.0,0.1126,0xf0...6960,https://bscscan.com/tx/0xb9e5234e16915bf86f27005d6b8f94963c369750a81f7c98304e85ef053f4ee6
2023-03-21 02:06:22,False,2.561e-10,7.66e-13,27354673496.0,0.2095,0x5b...b770,https://bscscan.com/tx/0x6d65955484420e42030d685d1b695986549da40c1c6f217da4e079ff8b1a7a94
2023-03-21 02:05:31,True,2.577e-10,7.699e-13,1477519037.0,0.0113,0xdc...57ff,https://bscscan.com/tx/0x3a89effbe714aad93e34b5d00671cda5d984943cb18149972ed2a970586c1a1a
2023-03-21 02:03:46,False,2.563e-10,7.66e-13,45003819803.0,0.3447,0xf5...4c77,https://bscscan.com/tx/0xeb02f94da8ccf9275c6ae4d05c748efc6297fe8e43e6c2eb7f88f69383d2f36d
2023-03-21 02:01:58,False,2.564e-10,7.66e-13,6021221158.0,0.0461,0xdd...e83b,https://bscscan.com/tx/0x5265d1bc87559b49d0f547ee915a5172ec6c215148fe6346b577c4142d322af2
2023-03-21 01:57:31,True,2.571e-10,7.699e-13,6800754983.0,0.0523,0xf8...bad8,https://bscscan.com/tx/0xf1545a456b01579c543412608d69029f1c686342fb11f524d3beb2d1374b10e5
2023-03-21 01:55:34,True,2.57e-10,7.699e-13,10852950904.0,0.0835,0x25...2068,https://bscscan.com/tx/0x2c0b5a73ee565b781093958f9ad9f0c9b6191894183259c709dfb8c740d3b423
2023-03-21 01:54:52,False,2.568e-10,7.66e-13,3231630000.0,0.0247,0x9a...2802,https://bscscan.com/tx/0xe24a442f397470a0f7839b62f8cff5c3a3f19d1c805faebbe7f6870d094f3145
2023-03-21 01:54:22,False,2.569e-10,7.66e-13,46914378098.0,0.3594,0xd4...e5f7,https://bscscan.com/tx/0x4b5478b35da4fda01e99b224706de6eacebc21e9544bb7c4d7105bb4b9f921e0
2023-03-21 01:51:13,True,2.581e-10,7.699e-13,247854677498.0,1.90824,0xe2...d573,https://bscscan.com/tx/0xdde21af9c978c40652d272bfa8a754ae7f5d3372cbae46a6492456bf51da1c75
2023-03-21 01:49:22,False,2.568e-10,7.66e-13,18096248851.0,0.1386,0x1f...4f4f,https://bscscan.com/tx/0x8179161308081bfee428bdd2cdb681b949e958e8b624ff512f9221a512da8e72
2023-03-21 01:49:04,True,2.581e-10,7.698e-13,432933514.0,0.0033,0x46...bb33,https://bscscan.com/tx/0x47b9a4e307f8bfdd6f25057369053b3def48f5a04637d08b13d596f2db748a18
2023-03-21 01:48:55,True,2.581e-10,7.698e-13,11817517800.0,0.0909,0x4b...8602,https://bscscan.com/tx/0x832747993310ea4dd1913c8d8f3513e8b6929239ab56118da586410d69271739
2023-03-21 01:44:40,True,2.582e-10,7.698e-13,27407755155.0,0.211,0x0c...6f0a,https://bscscan.com/tx/0xf37ad47dbfe10042a5276e0187743f0c158e56e3573b93769ccc33e2aadc10f4
2023-03-21 01:43:49,True,2.569e-10,7.698e-13,9090193190.0,0.0699,0x5c...5234,https://bscscan.com/tx/0x4826d35fcab7720b82297e9c38cde579159ccd18df381490f696f474bf8f7c63
2023-03-21 01:43:31,True,2.569e-10,7.698e-13,63876324.0,4.917e-05,0x46...bb33,https://bscscan.com/tx/0x266b1d8a822bda9262fc0f8779fdffc33e8f51dd8da4c51d889a059b3f087159
2023-03-21 01:43:25,False,2.556e-10,7.66e-13,2004260307.0,0.0153,0x77...9e5a,https://bscscan.com/tx/0xbcebf0e87c8c7c128507dd7f66ae73f5907f0323707cd3529804bb47d645234e
2023-03-21 01:42:13,False,2.557e-10,7.66e-13,113496248964.0,0.8694,0x1f...4f4f,https://bscscan.com/tx/0xac2977ead814e47c8032e047eef11ccf515efdd6fb67ecb790190f402f4831d1
2023-03-21 01:41:37,True,2.582e-10,7.698e-13,2508640484.0,0.0193,0x96...af3a,https://bscscan.com/tx/0x5854f791b61dffd6fc77d55f0aa7982b457e3dc9ac2ee5a2ff078a6b5b62dd3a
2023-03-21 01:37:28,False,2.557e-10,7.66e-13,4936797000.0,0.0378,0x9a...213a,https://bscscan.com/tx/0x8c065940c341a3bf50e48af9b69bfd1a703e1024e432a7878c8eedeef6d8d127
2023-03-21 01:32:48,False,2.565e-10,7.66e-13,13931484979.0,0.1067,0xf2...b891,https://bscscan.com/tx/0x5cb210ae3ba40e0a0a811f7215a8cc99b15826a6a21a9311557e83efa6f646ee
2023-03-21 01:31:57,False,2.562e-10,7.66e-13,62146062392.0,0.476,0x47...eaf4,https://bscscan.com/tx/0xb8ca70ead789a6ecc82c4162b497a777db291a3d8655e416491e5d20f455a47f
2023-03-21 01:30:51,True,2.573e-10,7.699e-13,539020450.0,0.0041,0xc9...f61b,https://bscscan.com/tx/0x180e3ee8b95a2806130fc64d12c5416e47bd0617f62a15f4bb00acf7d89130c9
2023-03-21 01:25:42,False,2.546e-10,7.66e-13,23437928638.0,0.1795,0x66...2f39,https://bscscan.com/tx/0x096c4ba4e14af2006bb09379b02d3b57d040e5ea901fe730890cf0dde6cfa4ef
2023-03-21 01:25:39,True,2.559e-10,7.699e-13,4398040001.0,0.0338,0x3b...ec95,https://bscscan.com/tx/0xd1d40c468db6ce5020877e3f0806dcfdb40870026d78efb07826a1c15457e170
2023-03-21 01:25:09,True,2.56e-10,7.699e-13,3766619926.0,0.029,0x86...5ced,https://bscscan.com/tx/0x1efaeb1f9069892306a729b291d44733464fd1ca179cfe76a9cb1b4e2700f495
2023-03-21 01:24:06,False,2.545e-10,7.661e-13,141816600000.0,1.08646,0xd0...d477,https://bscscan.com/tx/0xf12690e13bb02bfd6bdd848e65b7eb05f9e6b356d0a8cef62a07b234b1c807e0
2023-03-21 01:23:24,True,2.555e-10,7.699e-13,223493835897.0,1.72075,0x62...f4d0,https://bscscan.com/tx/0xa409f6829431f7225781c4c42526d376d74b9a724e986cfac5c80d08d12d27fb
2023-03-21 01:22:36,True,2.555e-10,7.698e-13,9092209263.0,0.07,0x69...659d,https://bscscan.com/tx/0x559567ecb8233245844cf85e2c765494b4edde597d698a0fbd86e79e26594208
2023-03-21 01:21:42,False,2.554e-10,7.66e-13,1798081097.0,0.0137,0x78...ea80,https://bscscan.com/tx/0xd6c59557307d346c85b0ee6e272e59a319145bddc6c760bc6548f75474b985d0
2023-03-21 01:20:27,False,2.541e-10,7.66e-13,9582339511.0,0.0734,0x74...9982,https://bscscan.com/tx/0x0beefed438c36dab16171ff35496530bc24084686a103fec202d93cd7b376879
2023-03-21 01:17:48,True,2.564e-10,7.698e-13,47064226124.0,0.3623,0x05...120c,https://bscscan.com/tx/0x960f13f6eff4d1d5b0e5e6b111814adb4147b40f869a226db9344cf7c03096c6
2023-03-21 01:15:54,True,2.55e-10,7.698e-13,1152430409.0,0.0088,0xf0...23a9,https://bscscan.com/tx/0x2ac1483f16c26bda51bf142042bc56cc7a3a70422ea491124db0282317ef3de9
2023-03-21 01:15:15,True,2.563e-10,7.698e-13,279266022.0,0.0021,0xeb...1140,https://bscscan.com/tx/0x8ddd0aa97f404ffdd1310b70891412d95996e67b00a7e7bacacc4276a2552bc0
2023-03-21 01:12:30,True,2.549e-10,7.698e-13,1428803463.0,0.011,0x18...dead,https://bscscan.com/tx/0xa09a14a4cc4c6f3334208646b3e226eb104e52e641ee0735941fd5aa8b5330ba
2023-03-21 01:12:12,True,2.55e-10,7.698e-13,18652900000.0,0.1436,0x99...dee8,https://bscscan.com/tx/0xb0251102a25b9148d7be9eebc070d19778d47f7a19dad5a37a27b8dfa176a7b0
2023-03-21 01:11:51,True,2.551e-10,7.698e-13,1298924136.0,0.01,0x23...6b7f,https://bscscan.com/tx/0x44ee7d12711c0ba937a80be3936f61cd9a1f2204fb1fb6c6964dcb82cf7608cc
2023-03-21 01:06:03,False,2.539e-10,7.66e-13,254521634772.0,1.94981,0xa4...aca2,https://bscscan.com/tx/0x9df9762ef4ef3b41344588c26b1199cf5334ec0271cd9306707b5f935f1d04fe
2023-03-21 01:04:33,False,2.539e-10,7.661e-13,8441331671.0,0.0646,0x2b...1730,https://bscscan.com/tx/0x8ff138e9a868132e6bac58c6855a7b1c91b4afb0c219b856619c54d4440522d8
2023-03-21 01:02:27,False,2.552e-10,7.661e-13,54198782613.0,0.4152,0x58...d401,https://bscscan.com/tx/0x620d42588f9a1b1814802835ab3987c2d296d53fde9ca4ce4b97327cd23e7f54
2023-03-21 01:00:21,False,2.552e-10,7.662e-13,459211563705.0,3.51855,0x18...d4d3,https://bscscan.com/tx/0xccdb36f219cb7cc94581065de9dfd468bc240432418ce6e6a0b26ec85daaaafe
2023-03-21 00:56:24,True,2.55e-10,7.701e-13,25969439644.0,0.2,0x48...7dce,https://bscscan.com/tx/0xce295dee028df161e8a79dfb39ffc187cc74dd17c359821ca934101f0c0c6cb4
2023-03-21 00:55:09,True,2.563e-10,7.701e-13,2500000000.0,0.0192,0x82...25cb,https://bscscan.com/tx/0x3d251411c067087f6ffb7faa2cb39f8c9c5be268f7aed829fb0ef6265447f318
2023-03-21 00:55:03,False,2.536e-10,7.662e-13,40500000000.0,0.3103,0xc4...13e6,https://bscscan.com/tx/0x24797d6d31bc720741862526c52514d2d24a55f61bf8ca2cd528eb6ad3db69d0
2023-03-21 00:54:00,True,2.561e-10,7.701e-13,1000000000.0,0.0077,0xb8...8ad7,https://bscscan.com/tx/0x21ac29f267baf1c7099aa066f667c858c31f8a0ed1697fc49d90c72ed956400c
2023-03-21 00:53:54,True,2.561e-10,7.701e-13,547399950.0,0.0042,0x26...376e,https://bscscan.com/tx/0x157b4284271b0a050ad79cd62704675b8b8a1af9b5aee92d8dc49bed55eee14e
2023-03-21 00:53:06,True,2.563e-10,7.701e-13,5000000000.0,0.0385,0xcf...7f81,https://bscscan.com/tx/0x31339732e4c7b0bb4426225060757ced935f8d22e4f755accf3e97caa40d00d7
2023-03-21 00:50:21,False,2.552e-10,7.666e-13,1805984323615.0,13.8449,0xfb...5e70,https://bscscan.com/tx/0x76a750f7f688a693117dee0d4a8c80b45909f84d7668a306628a23dcbf547c6f
2023-03-21 00:50:21,False,2.553e-10,7.669e-13,143532132551.0,1.10083,0xc4...13e6,https://bscscan.com/tx/0x82443f8120bcb6620df23ef45325974ade69535abc703fa31352bddd044825d4
2023-03-21 00:48:03,False,2.555e-10,7.669e-13,16863315956.0,0.1293,0x28...5ff9,https://bscscan.com/tx/0x5bbe85f0cd6612dd6211f0c2e36d7e47b85612fc19de36872992fcbc957348df
2023-03-21 00:47:09,False,2.544e-10,7.669e-13,11920960827.0,0.0914,0xca...90c3,https://bscscan.com/tx/0x561aa322970374f4cc0194379ad562ddf1b99ab7c4e2f87e9e6b594c3df82a0a
2023-03-21 00:46:21,True,2.559e-10,7.708e-13,6353400092.0,0.0489,0x15...4042,https://bscscan.com/tx/0x32809312de4f5800a27dc9521472e751ceb58d8c613c35f94aa828a87d95dc5e
2023-03-21 00:43:00,False,2.551e-10,7.669e-13,18633618483.0,0.1429,0x14...17a4,https://bscscan.com/tx/0x0c5be807e9ae90dbe8c9f6de59964237604435db6b1fd11d9614b69ff0e305d0
2023-03-21 00:41:42,False,2.554e-10,7.669e-13,30464308289.0,0.2336,0xec...fcc5,https://bscscan.com/tx/0x347c3cb0c8e5f0891dc5d6d1d1c1a279f01d9ba7d5d5af7c18d1700b95c04dd3
2023-03-21 00:40:57,False,2.567e-10,7.67e-13,8736891614.0,0.067,0xe7...0238,https://bscscan.com/tx/0x8f2c30de78c9b01dd64cdef6c7e43426c6b1061a5292e6f072f309d118463e97
2023-03-21 00:36:05,True,2.569e-10,7.708e-13,5932351236.0,0.0457,0x64...44b1,https://bscscan.com/tx/0x1a62227e848c59b0e8cf68ac27ec105e4ed455d881dd6e5bff4748f9dbbc6b80
2023-03-21 00:35:09,True,2.569e-10,7.708e-13,3632335615.0,0.028,0x33...cd2b,https://bscscan.com/tx/0x1cd4f2469941a55363faf572504a9654f3f6b78404c80321fbb647c40a3b02d9
2023-03-21 00:34:38,False,2.569e-10,7.67e-13,9000128051.0,0.069,0x4c...3105,https://bscscan.com/tx/0x59c2cea3106ab7d6648d8da763ae6127e10be4ff2cbaf20b62565b30f3f9b319
2023-03-21 00:30:16,True,2.568e-10,7.708e-13,57080119290.0,0.44,0x33...cd2b,https://bscscan.com/tx/0x4e95e3d5777229a364310310f8373ee3b381e5782d5f58b0ecc6d4ccf82012ef
2023-03-21 00:21:04,True,2.57e-10,7.708e-13,900000000.0,0.0069,0xeb...087f,https://bscscan.com/tx/0x7a4e9536f56cedc85a551433c9b137ba49d8bf752b116911cccdcb23337fd450
2023-03-21 00:18:40,True,2.57e-10,7.707e-13,270030341681.0,2.08136,0x10...c624,https://bscscan.com/tx/0x18a0cdc3d4f46b760cf1c6ec8cb0beac5b23a7b0d9234ca6e4897ee9d4e98f1c
2023-03-21 00:16:49,True,2.583e-10,7.707e-13,16500000000.0,0.1271,0x99...e9d4,https://bscscan.com/tx/0x15c30f44939d1847a6042aa785c4b8869f4b93e7a6f322d91845f74b1fab4e6d
2023-03-21 00:11:26,True,2.594e-10,7.707e-13,259492638.0,0.002,0x56...c354,https://bscscan.com/tx/0x5d042695e0614d57f14610efa5fcdc90e826e95ac0b3d0011bf1726229c3b7ea
2023-03-21 00:11:11,False,2.568e-10,7.668e-13,55501965146.0,0.4256,0x7a...9fd8,https://bscscan.com/tx/0x1a045c6816c0a5ad0666f348a5bfcd2d922540bcdee10e71b924a0b7e19923cf
2023-03-21 00:10:29,False,2.568e-10,7.669e-13,2952509434.0,0.0226,0x69...8df7,https://bscscan.com/tx/0xa7f2f1d455c353e3795de6e612a257b5183649b5194aa61f784313843384e595
2023-03-21 00:10:11,True,2.594e-10,7.707e-13,8000747544.0,0.0616,0x96...f8bb,https://bscscan.com/tx/0x5a409da581f7162e26a8e02874e81c2a0f2d9a6eb2e4aa7c4c146584500b9021
2023-03-21 00:08:11,False,2.582e-10,7.669e-13,106118022387.0,0.8138,0x89...ef9a,https://bscscan.com/tx/0x733821544113324cbf9cd2879a7cef5370b06d83d724cd588f0e6716d1d52dac
2023-03-21 00:07:59,True,2.595e-10,7.707e-13,9730300457.0,0.075,0xf1...a8f8,https://bscscan.com/tx/0x504d0ed52824639d9f1d19775caf549181f69238a7da839e57d08ecaf958f830
2023-03-21 00:05:38,False,2.583e-10,7.669e-13,14273028858.0,0.1094,0xc8...c840,https://bscscan.com/tx/0x3a5a0078de6d366a807fed0948586dba85168ef730fa0007252ae5f1433793e5
2023-03-21 00:04:38,True,2.595e-10,7.707e-13,4375766584.0,0.0337,0x6f...5652,https://bscscan.com/tx/0x99030cb4a49b312f230d6263ecea9690196bcd932292a1010741298f5a675644
2023-03-21 00:03:56,True,2.582e-10,7.707e-13,36817294845.0,0.2837,0x30...40b8,https://bscscan.com/tx/0x75f1f3dbdb8bbc6bf1b29f3c75d1a850c12806cc4c26ffe18d11f37f934428b8
2023-03-21 00:00:38,True,2.582e-10,7.707e-13,10289679359.0,0.0793,0xae...f971,https://bscscan.com/tx/0xaa573280ab8edb047bf6aa1a0f7e43dbb93ea6fe759264318598c1d4f4bcc864
2023-03-20 23:57:38,False,2.569e-10,7.669e-13,17620146959.0,0.1351,0xc5...c3a2,https://bscscan.com/tx/0x02c74e29c793e706c810ee3cbd43db5a15f68e05eaf2f31bd8fd6d25ecea1b15
2023-03-20 23:55:47,True,2.595e-10,7.707e-13,13085298246.0,0.1008,0x1a...d8f1,https://bscscan.com/tx/0x0f3895e99f097e060624b36825f1a1e417e993ebf5ba0af7e9c8646083d73ffc
2023-03-20 23:55:32,True,2.596e-10,7.707e-13,2000000000.0,0.0154,0xe5...cab4,https://bscscan.com/tx/0xc52c7b4e3060d00b5a45287dcb3d14107d1824fbc34a20c458ca19399475270c
2023-03-20 23:53:47,True,2.595e-10,7.707e-13,10000000000.0,0.077,0xe5...cab4,https://bscscan.com/tx/0xde33e77e3b557c37c34bd6193c93bc726cd7c23b7ea4b1080df17805ec50fe31
2023-03-20 23:53:26,True,2.596e-10,7.707e-13,5805677238.0,0.0447,0x35...3a2b,https://bscscan.com/tx/0xb2133bba218b4a64fa3506a273c2ea933d03384c2e0c4f0e7df3a08c4c75a305
2023-03-20 23:51:32,True,2.595e-10,7.707e-13,778443928.0,0.006,0x4d...e485,https://bscscan.com/tx/0xb478580a218ee2b7dd8dea61b50fc5db004f3c0ee704dac9f87838a96469d96a
2023-03-20 23:51:02,True,2.582e-10,7.707e-13,2228840001.0,0.0171,0x5c...457a,https://bscscan.com/tx/0xcea47377e9c3101d94f5ea93f953ae46be9f24c182cb49398830d28fd2aa584d
2023-03-20 23:50:47,True,2.595e-10,7.707e-13,55650211383.0,0.4289,0xdc...541d,https://bscscan.com/tx/0xa965fdf085735f70c6e8e115a895cd2209d50cba4f9b0c7675c30bf5ccadefb6
2023-03-20 23:50:20,True,2.596e-10,7.707e-13,3603263839.0,0.0277,0xef...42f5,https://bscscan.com/tx/0x5266fd3c8519790f82f579bb42a9f1719ff1f8f648094bf356b33f3335295045
2023-03-20 23:47:02,False,2.583e-10,7.669e-13,17701509286.0,0.1357,0x97...39ec,https://bscscan.com/tx/0x720504d43d05b99863b8c871c5ad8accdf63a835815e34ec16c5a3823d89b128
2023-03-20 23:43:35,True,2.593e-10,7.707e-13,1846779971.0,0.0142,0x49...841b,https://bscscan.com/tx/0x4c3c3c2e68f2f601be13789f066ccc16a1113a66a6f32924fde9e98bb457da2b
2023-03-20 23:42:11,True,2.579e-10,7.707e-13,10444803404.0,0.0805,0xd8...9977,https://bscscan.com/tx/0x96ef36ced6ee266fcf4f2ae93823c8f3750b07ecf84a6e86d4286239e7ef3778
2023-03-20 23:42:11,False,2.567e-10,7.67e-13,1090830585353.0,8.36766,0xce...04b4,https://bscscan.com/tx/0x56587aac139e94fab3f77ac498bc1c4f5081b1c1c6ed24553d80847c9337af02
2023-03-20 23:40:59,True,2.58e-10,7.711e-13,1556153134.0,0.012,0x73...5354,https://bscscan.com/tx/0xe68a02a1e28da9de77893c1184ed933e6b9f463ddd648563ea24871a3e5ce92c
2023-03-20 23:38:47,True,2.58e-10,7.711e-13,10285500000.0,0.0793,0x06...bda4,https://bscscan.com/tx/0x27041074aad4792e08c3fea6970fbb8299c509bf14c3d490291548ed864e13c8
2023-03-20 23:33:35,True,2.594e-10,7.711e-13,6689521775.0,0.0515,0x95...e881,https://bscscan.com/tx/0xd84e1bc1ace51267919740d5eecf430034422f5c8232096331d28a728f8477fc
2023-03-20 23:33:02,True,2.594e-10,7.711e-13,7286328573.0,0.0561,0x19...18fe,https://bscscan.com/tx/0x9121472fef0829e864a98ee09d0ed3f8a31f027b4db2f39b69557dec575d5f0d
2023-03-20 23:28:26,True,2.594e-10,7.711e-13,3061263199.0,0.0236,0xbe...9b24,https://bscscan.com/tx/0xab26a41911bed89797913d1d5c0d5db523a5f76d352725ec70c271169d36fa48
2023-03-20 23:27:38,True,2.581e-10,7.711e-13,5835386989.0,0.045,0x91...fb7a,https://bscscan.com/tx/0xc7f123bc55a3a6a25c952ace68e9d6647ba299578c2e085ef7a32f0f104165cc
2023-03-20 23:22:38,True,2.595e-10,7.711e-13,8012691365.0,0.0617,0x6d...cc66,https://bscscan.com/tx/0xafab83f2cc6015105d279cf90cab4951be89f3523e1d6e9e2a6ad8472ef8e416
2023-03-20 23:22:08,True,2.581e-10,7.711e-13,11128859961.0,0.0858,0x00...97de,https://bscscan.com/tx/0xc0011584d12573c8ca82071f4f27ee074590276a31764e5871bd878e394fce22
2023-03-20 23:21:23,False,2.568e-10,7.672e-13,8318718707.0,0.0638,0x65...9208,https://bscscan.com/tx/0xb65c2eb64a7dbc1e2fcabef8c3edceed5b7690ba7ec9de71395c1da413326ccf
2023-03-20 23:18:11,True,2.594e-10,7.711e-13,1434337323.0,0.011,0xf0...5a1d,https://bscscan.com/tx/0x3873e69c15084130dc8b9434859519ae938e932c3f97efd6fac14ae1903e453b
2023-03-20 23:18:08,False,2.581e-10,7.672e-13,8497467312.0,0.0652,0x5d...e3d2,https://bscscan.com/tx/0x873331b4929d6d34144e684d357343f3749da3510737bd98761c3f8c82a67c95
2023-03-20 23:15:59,True,2.581e-10,7.711e-13,13425874941.0,0.1035,0xdc...33d9,https://bscscan.com/tx/0xe03573d0a816d54d67a5d5f90d1f2cd9aaf970a3a79d1ba88a7bdc9e130d528f
2023-03-20 23:15:59,True,2.581e-10,7.711e-13,45228539383.0,0.3487,0xf0...5a1d,https://bscscan.com/tx/0x5bfca5e1fd00fbb72393596d444b2d3fd12e69a41f8d46d714467c6afbb9f3a8
2023-03-20 23:15:50,False,2.568e-10,7.672e-13,49983543125.0,0.3835,0xba...c93a,https://bscscan.com/tx/0x4746ecd39f46be8eddcd7862281878602bbe68eac2f59a3d793ed0efdc970df2
2023-03-20 23:14:50,False,2.568e-10,7.672e-13,14415515844.0,0.1106,0xcd...cc38,https://bscscan.com/tx/0x4dc526fc544a6267b01bcfcee3ae195851eb0bf360db43be01a2fda765a9a301
2023-03-20 23:14:08,True,2.594e-10,7.711e-13,50000000000.0,0.3855,0xe5...cab4,https://bscscan.com/tx/0x49a71540f63c494e3fd4900c4dc9c53fe5068e443fccc39ac5a46394d4fd09ea
2023-03-20 23:13:20,True,2.594e-10,7.71e-13,50000000000.0,0.3855,0xe5...cab4,https://bscscan.com/tx/0x04b7f183180daef87aa672b674ae4ec9529c59ae0e9c6cf54bd5b0889f126068
2023-03-20 23:10:35,True,2.577e-10,7.71e-13,13843583591.0,0.1067,0xfd...355d,https://bscscan.com/tx/0x5de9d14462213462fa24c648fef0a7d2eb478e11bc7dd42e2f76a0345ddafead
2023-03-20 23:10:05,False,2.577e-10,7.672e-13,9501660001.0,0.0729,0x43...cbf7,https://bscscan.com/tx/0x1aa3b248adf46c3f5cdba004d901f791164cb072036ad7003c4933548bbcca2d
2023-03-20 23:06:53,False,2.576e-10,7.672e-13,9000000000.0,0.069,0xdb...830e,https://bscscan.com/tx/0x602d87af601b7eff02fda68e9c3cb38265cb758f389042661803079cea49faab
2023-03-20 23:00:17,False,2.559e-10,7.672e-13,30602253094.0,0.2347,0xfc...ac60,https://bscscan.com/tx/0x81ec38b34476fc8120aa1f6a66304a2c33ef67bcebbf3ff5c0982fa55c120676
2023-03-20 22:56:59,False,2.568e-10,7.672e-13,93332127331.0,0.7161,0x2e...fc94,https://bscscan.com/tx/0x8d040433341198813f9675eb5d096d4a791e925ec00bebc9ae24aef44c5a1092
2023-03-20 22:53:11,False,2.568e-10,7.672e-13,56711050512.0,0.4351,0x1d...50e8,https://bscscan.com/tx/0xc86bad7ccf7ab101bfa72c85006454b7978dd412015cc1caead784e458b9c509
2023-03-20 22:50:20,True,2.565e-10,7.71e-13,654268000001.0,5.04464,0x29...4a8e,https://bscscan.com/tx/0x9d8ce1471f78aca8b726e0fca40f4fe16a282d1d9d0428d4810499bb574b669d
2023-03-20 22:47:14,True,2.565e-10,7.709e-13,778291001.0,0.006,0x20...ed7d,https://bscscan.com/tx/0x9381275006e3dcb489b713118cd01e75a32065aacc0356d33417da3ebbe718f6
2023-03-20 22:46:38,True,2.566e-10,7.709e-13,129715210.0,0.001,0x79...2ecd,https://bscscan.com/tx/0x98af84394cb6e5e02169aa7e24529d29be5b37109e663fe7f91968f8194ac9cb
2023-03-20 22:46:11,True,2.578e-10,7.709e-13,4252389359.0,0.0327,0xba...a613,https://bscscan.com/tx/0x2209eeb3fecce119025ebf6cd35107000bb9eff55d6ab1e6160984b837b5b58e
2023-03-20 22:46:02,True,2.578e-10,7.709e-13,518861001.0,0.004,0xf5...4006,https://bscscan.com/tx/0xa8df3942e2a24dbb43b9ae72a3e5a1263374218b32ab97d1107afbaf182578df
2023-03-20 22:45:44,False,2.553e-10,7.67e-13,1831571451.0,0.014,0xd3...570c,https://bscscan.com/tx/0xda7c488a334369a4e3abdc84a1b8507367d98d93eba3d8fed16b419eb5a1cd7e
2023-03-20 22:44:47,True,2.581e-10,7.709e-13,1945731697.0,0.015,0xc2...094c,https://bscscan.com/tx/0x3b460c18f61a4799c001c5b029996e0313ec8459aebcdcd4a4bc282173a8caec
2023-03-20 22:43:17,True,2.569e-10,7.709e-13,701599567.0,0.0054,0x15...4042,https://bscscan.com/tx/0x7426936b4d6b4fd6f368be2b169617c9940f5db2aa831d35c8ec88618c38ec4a
2023-03-20 22:38:38,False,2.56e-10,7.67e-13,2601905614.0,0.0199,0xb5...31b5,https://bscscan.com/tx/0x2bd70bc910b5deb97eb50f48f04acbca539e03fb6bab1c12275c7264f41b7869
2023-03-20 22:38:23,True,2.585e-10,7.709e-13,778292489.0,0.006,0xf4...8fef,https://bscscan.com/tx/0x0058f84077c6749849e45812b690c7d15fa49eb024167fd30d82a1517108cf50
2023-03-20 22:32:59,True,2.588e-10,7.709e-13,20211218104.0,0.1558,0x5b...6609,https://bscscan.com/tx/0x49a162baee742711fa522e3f384eebbe4321359d1b5a0c1b8d1d61d0cc49d8d2
2023-03-20 22:32:50,True,2.575e-10,7.709e-13,5300000000.0,0.0408,0x4b...be29,https://bscscan.com/tx/0x9fb0f86d78ac4fc4c47b17d6d7ab7a8e8f2afa1d3947f37cfbb6129316094b0a
2023-03-20 22:30:56,False,2.576e-10,7.67e-13,87915303072.0,0.6743,0x54...7ffc,https://bscscan.com/tx/0xa4758607b0408cbce3e8e743328f5ba906a51ffe10d4428fdfafd491a0ab60c4
2023-03-20 22:29:50,True,2.59e-10,7.709e-13,2347327008.0,0.0181,0x53...d0ee,https://bscscan.com/tx/0xd038b76cd058108e27d78a05c8a5d28e77bd629bfcd29ab9746147e6d5f3467a
2023-03-20 22:26:29,True,2.589e-10,7.709e-13,31553221366.0,0.2432,0x84...b8db,https://bscscan.com/tx/0xfaf9d0a7484f85c67446afb4a692f3d28db73f409d33e94033701a8274a7d5fa
2023-03-20 22:25:53,True,2.576e-10,7.709e-13,10190846872.0,0.0785,0x84...c68a,https://bscscan.com/tx/0x96327e4a2732676469c625144add9aaa255fb4415f2b7d07069253cfcf27b837
2023-03-20 22:25:08,True,2.589e-10,7.709e-13,3313830597.0,0.0255,0x53...d0ee,https://bscscan.com/tx/0x378da95fcbcbbb7631660f21277930cc2fccd04cab414bac5cb1eb1d32dfc848
2023-03-20 22:23:35,False,2.563e-10,7.67e-13,8967159769.0,0.0687,0x9a...72f2,https://bscscan.com/tx/0x77cca9d6f0a52bd8bc5615d0e2639ab45de664479eae7b11a855d36b8b83e78c
2023-03-20 22:22:26,False,2.576e-10,7.67e-13,9020334639.0,0.0691,0xee...a427,https://bscscan.com/tx/0x3e2d7cc29b8dbad7e252d848270a8823d10bc6ec1aad06cd9c35027b5a2f5d76
2023-03-20 22:21:53,True,2.576e-10,7.709e-13,6317467387.0,0.0487,0x15...4042,https://bscscan.com/tx/0x7c642b15b842e25aab509adb93daad64182124aa7341e5a8040ce94151a01781
2023-03-20 22:18:26,False,2.578e-10,7.67e-13,100687871086.0,0.7723,0x6c...088b,https://bscscan.com/tx/0x1ffedcf28ba3e35872ecfa58fe6f8387f24f8a3666faac7416a8d704fa529a32
2023-03-20 22:14:35,True,2.581e-10,7.709e-13,3231277268.0,0.0249,0xfe...e4db,https://bscscan.com/tx/0x83f9c92dcde4353faa0b029f8563d1c2ddcfe99ef38a4ab539f5b71a5a758094
2023-03-20 22:14:23,False,2.581e-10,7.671e-13,18049752122.0,0.1384,0xa5...65c6,https://bscscan.com/tx/0x31db96bc7a6dcdb77edd8a7c0b8ab0a97ec2fe140ab5eb5b872339b119eed8c7
2023-03-20 22:14:23,False,2.581e-10,7.671e-13,58688019532.0,0.4502,0x76...5622,https://bscscan.com/tx/0xc809e4466c880f5c102d30b97c6c4e67373be762ed667521a346b9d7409e9371
2023-03-20 22:13:53,False,2.581e-10,7.671e-13,209316219069.0,1.60582,0xb9...3825,https://bscscan.com/tx/0xce6ea26829e18b36c615e737ee25006377c737235c44c2f2b89a8694a1743047
2023-03-20 22:12:50,True,2.593e-10,7.71e-13,3400000000.0,0.0262,0x7d...8864,https://bscscan.com/tx/0xe5df3e8c2c70d322d7dcf039f88a430fbf470f85a5677562b7f98c6878c37ec5
2023-03-20 22:12:17,False,2.58e-10,7.672e-13,303693031403.0,2.33013,0xbc...dad0,https://bscscan.com/tx/0x822f994764fd1839ef9050787db93904519fa4afd7c04ea678dd1c2b88f047fe
2023-03-20 22:12:02,False,2.58e-10,7.673e-13,34038578376.0,0.2611,0xc9...8ebe,https://bscscan.com/tx/0x2cb94cf11f4c8746c930db83a80f4136109caec87c7569da3ac2b593e25b9bd4
2023-03-20 22:10:14,True,2.593e-10,7.711e-13,78622506120.0,0.6063,0x74...32a3,https://bscscan.com/tx/0x5ec84dbdfbc27bd304a5d4398f579dc4cf504be3e6bc37d8b848ab329cb43d48
2023-03-20 22:09:11,False,2.58e-10,7.673e-13,45000000000.0,0.3452,0x61...fb95,https://bscscan.com/tx/0xeb0c3487c96857a9878bbd37456a4ccff4a24a8f3a96ffb7f8dd23012e89ec28
2023-03-20 22:08:41,False,2.567e-10,7.673e-13,15518622470.0,0.119,0x6d...a986,https://bscscan.com/tx/0x91cf7df74b0d421a7867cdd7a23e566fb900ac9934afe8b1c9ea3a46ac6999b1
2023-03-20 22:06:56,True,2.579e-10,7.711e-13,90770701.0,7e-05,0x95...b9d1,https://bscscan.com/tx/0x96f1ab823e2d8908fef8afa58c5cede2a00feab2431c5a47c5566ee517045aac
2023-03-20 22:04:56,True,2.579e-10,7.711e-13,900000000.0,0.0069,0x62...ca1b,https://bscscan.com/tx/0xe5a53c3cd2541ab655c97ce6d47f20c0f7aaf03fee1d60e26bc04d123b49a440
2023-03-20 22:04:35,True,2.579e-10,7.711e-13,12596300000.0,0.0971,0x12...b56c,https://bscscan.com/tx/0xb425a17b1a00a65182b2dc7b3d944bbf843d834ba966d62bed84a7f11f7cfa5e
2023-03-20 22:04:32,True,2.579e-10,7.711e-13,18875242600.0,0.1455,0x08...c8c0,https://bscscan.com/tx/0x5a9f2ce7d1c7e461a8abd6db7a1b0b16bf02b0c30220907f60de3e7a3cd75873
2023-03-20 22:03:50,False,2.579e-10,7.673e-13,1357551054.0,0.0104,0xeb...5e6f,https://bscscan.com/tx/0x7ff4f682933d59de578e920043407bcb20333bf5e4735e80f748b40b3b5ce476
2023-03-20 22:02:29,False,2.579e-10,7.673e-13,833371982.0,0.0063,0xc9...e82b,https://bscscan.com/tx/0xf4faf4453bce1fbfebdf14787cc4c1ca142b6b28f885ce9cd8ac483cec5f258c
2023-03-20 22:02:20,True,2.592e-10,7.711e-13,28684100001.0,0.2212,0x31...5429,https://bscscan.com/tx/0x646a190a798ffa08e8c423b3dee650782b0d8e7c092568520cd61e633eb6d343
2023-03-20 22:02:11,True,2.579e-10,7.711e-13,4681306047.0,0.0361,0x27...1522,https://bscscan.com/tx/0x2104dff5ed2faa5df400b9fdca9dd9ac536cba200a38815a098c9e2d14b36cc6
2023-03-20 21:58:35,False,2.563e-10,7.673e-13,18008462530.0,0.1381,0xbf...e3ca,https://bscscan.com/tx/0xa4dbfbbaa56f4ad0e71282955a11c04316309d74c54d72589718ede7e2b11b58
2023-03-20 21:58:05,True,2.579e-10,7.711e-13,6483766628.0,0.05,0x1f...7611,https://bscscan.com/tx/0x66da6a051c3aa3cdb52e268b5e96beaab8ce9728dea03f92c983e9ffe9cc9961
2023-03-20 21:57:59,True,2.579e-10,7.711e-13,4032912552.0,0.0311,0x83...9a86,https://bscscan.com/tx/0x330e5a682af7af2460f380c088ca553b92ef052542488efcbe75e919e10968eb
2023-03-20 21:57:47,True,2.579e-10,7.711e-13,2593516829.0,0.02,0x76...effb,https://bscscan.com/tx/0x31821d89d2078a2e93cad15d335ce60db490c7e5fd505c3ce765216e5494af33
2023-03-20 21:56:32,True,2.58e-10,7.711e-13,6965437020.0,0.0537,0xe6...f0b3,https://bscscan.com/tx/0x88b5089f15e1e70cc2e6f1cc261c19cf2894f8756f7227cbb42abbdc275e45ab
2023-03-20 21:53:56,False,2.567e-10,7.673e-13,6474254233.0,0.0496,0x86...69f8,https://bscscan.com/tx/0x8482cb8d91adfaf96f013c70a4d28d548f4dec26116aa40d17c7ab90c99cbe41
2023-03-20 21:49:56,True,2.581e-10,7.711e-13,5000000000.0,0.0385,0x08...f101,https://bscscan.com/tx/0x996cfce30d3a01947362ece69a45b4053e677e942bf954f1eb767efecc97db18
2023-03-20 21:49:17,True,2.581e-10,7.711e-13,570000000.0,0.0044,0xaf...c60e,https://bscscan.com/tx/0x366f927c1fccc02bc1553b0bbf20a158ddd56012683067545804de89d11e89e4
2023-03-20 21:49:02,True,2.581e-10,7.711e-13,17615500000.0,0.1358,0x7d...8864,https://bscscan.com/tx/0x897ef5afeddbc5db349faaa59409990d31eef83b5e74d5d75c08674eeb24c45a
2023-03-20 21:48:56,True,2.594e-10,7.711e-13,3801723589.0,0.0293,0xba...d2fd,https://bscscan.com/tx/0x29e726d79452dbd9f53c73fce8394d22f9a3dee64c0cc9d72cbcc61107289d0f
2023-03-20 21:47:20,True,2.582e-10,7.715e-13,2592252541.0,0.02,0x02...159b,https://bscscan.com/tx/0xf1839e97bde05d2d0544badce97f4b4c36df81654680f370ac3618a1a2f930ab
2023-03-20 21:44:11,True,2.584e-10,7.711e-13,24527821953.0,0.1891,0xfa...eefc,https://bscscan.com/tx/0xebc0f3603090dd4c80e479b9847f3206d7f14638e09c664e662a5ce7eff988e4
2023-03-20 21:39:56,True,2.584e-10,7.711e-13,1840870001.0,0.0142,0xa9...af16,https://bscscan.com/tx/0xd578e0beee39011abdf21e212cfbaf74e0b25b76f40fd6330bbc3e8729498d01
2023-03-20 21:39:35,True,2.597e-10,7.711e-13,19248749959.0,0.1484,0x96...2fe8,https://bscscan.com/tx/0xd69e4e16a3f8487fa4001bce85068e19e0961bf125a725e18cc340628cf646cd
2023-03-20 21:38:47,False,2.584e-10,7.672e-13,17420914631.0,0.1336,0x7a...3714,https://bscscan.com/tx/0xfde9dd2a7d5f3eb2c8702c157bd1496ce14755b4bf373f0058a172fd7edca8be
2023-03-20 21:37:29,False,2.585e-10,7.672e-13,5737508417.0,0.044,0xf4...f67f,https://bscscan.com/tx/0x998a712300686ee0dc201828a2b31eb34b14a853b21fd167b6c47b8943a3e7b2
2023-03-20 21:37:02,False,2.585e-10,7.672e-13,2703355484.0,0.0207,0xdf...4dd3,https://bscscan.com/tx/0xfadb2b108973c5c72722f4034bf410aca9d652f3678bdd7d2a42b3054504aed6
2023-03-20 21:34:56,False,2.572e-10,7.672e-13,9000000000.0,0.069,0x3d...201e,https://bscscan.com/tx/0xc8ddfc08845d31d297bbced15693729798d6c23555dbf17de8a5dec337e89e2e
2023-03-20 21:33:02,False,2.572e-10,7.672e-13,3500245845.0,0.0268,0xcd...f8cf,https://bscscan.com/tx/0xeb8cee6c1e9bcef0b301c0be42825a544ab6660697ce48504c17c1aac0ab8a4b
2023-03-20 21:30:23,True,2.596e-10,7.711e-13,48167811358.0,0.3714,0xba...278c,https://bscscan.com/tx/0xc39714888b667b9fb0e8bfbba059d788998bb0bbbe20cbabd619b71b4d0d706f
2023-03-20 21:30:08,True,2.583e-10,7.711e-13,6733136239.0,0.0519,0xa7...2dfb,https://bscscan.com/tx/0xc924338ea12b3f480ea0eee76115aa8dff51d289ecafb26f3c05b16d2e0565f2
2023-03-20 21:27:02,False,2.583e-10,7.672e-13,4915205440.0,0.0377,0xb4...73bb,https://bscscan.com/tx/0x9fe32b05849f2f1c58fe4fd3d64c8601c96197a7478d34e716700c3edae48433
2023-03-20 21:25:11,False,2.57e-10,7.672e-13,31821535651.0,0.2441,0x9e...09e5,https://bscscan.com/tx/0x42d19fcf2de8a99905b8738d144203502b5bdf732b7779d35ca621d4d541d5f3
2023-03-20 21:25:05,False,2.57e-10,7.673e-13,303692894222.0,2.33034,0xbc...dad0,https://bscscan.com/tx/0x5f8223ef03241c3c2ced0ad4e651847ebbd5168d1b033ceba1bc06f3eb15665c
2023-03-20 21:23:47,False,2.571e-10,7.674e-13,423344982143.0,3.24902,0x6d...9a8d,https://bscscan.com/tx/0xc2dc154d3de4d224e7b7a9729942c70845172ced55e63c01bab65303fdd4d115
2023-03-20 21:22:43,False,2.584e-10,7.675e-13,13500000000.0,0.1036,0xba...59f8,https://bscscan.com/tx/0x66ac4dc90ce15fc946c01b57a9045e8a058dec87a53a3bf64fd626f9c05057f4
2023-03-20 21:19:41,False,2.585e-10,7.675e-13,144935550572.0,1.11248,0xdd...f228,https://bscscan.com/tx/0x3b3a31662b472202f6b9cc941befc03f0a25503250bf305d318a9a19a821a022
2023-03-20 21:17:38,False,2.573e-10,7.675e-13,5017135161.0,0.0385,0xb1...f65e,https://bscscan.com/tx/0xc6a5c9665c87cb4dc7fcbf743f8625ae38210338cb324a03452cb863b28261de
2023-03-20 21:16:35,True,2.585e-10,7.714e-13,2524576233.0,0.0194,0xc2...409a,https://bscscan.com/tx/0xb8c3596d25caf66dfd15c4d0d2cda4373ec1681878a6a2dddda6f3e817506923
2023-03-20 21:15:17,True,2.598e-10,7.714e-13,518506574.0,0.004,0xa7...af18,https://bscscan.com/tx/0xf5728dd02245273dd213411534f39527ceacbb1b42b46ea69d1dcc131dc69e83
2023-03-20 21:14:20,True,2.598e-10,7.714e-13,12417431606.0,0.0957,0x90...54c0,https://bscscan.com/tx/0xf51585e321fc6b59d5e67e8c79371776fa0eef8f8501fc080d3e41bfe618f5f0
2023-03-20 21:11:56,False,2.574e-10,7.675e-13,14369037369.0,0.1103,0x3c...1bb9,https://bscscan.com/tx/0x2ea3f841dd7dec16455625e56959c0173c0130061c03c2878c93d2a1f751f9e1
2023-03-20 21:11:11,True,2.602e-10,7.713e-13,307421136147.0,2.37142,0x99...edec,https://bscscan.com/tx/0x07d1af094dc9d48341d93f27c30d4fdc8e10732e39b4871f32614a194d81962e
2023-03-20 21:11:02,False,2.589e-10,7.675e-13,361792671122.0,2.77694,0xbe...9582,https://bscscan.com/tx/0xb5f76669caad8d10e30b61495a1fd5fe1d57ebd5756acd1419f0768f7287f1f7
2023-03-20 21:10:11,True,2.602e-10,7.714e-13,20258767984.0,0.1562,0x6b...b51e,https://bscscan.com/tx/0x1e2b6132baa1e9cce459a93ffabfc5e65d2e45fdeeaa387435a8950e7c9489a4
2023-03-20 21:09:41,True,2.601e-10,7.714e-13,10785612361.0,0.0832,0x43...8f02,https://bscscan.com/tx/0x1d219bad3884c8d8091432cd6e81c924fc1f5811e71b2be2d3fb8ca4a7557011
2023-03-20 21:06:38,False,2.574e-10,7.676e-13,17755350033.0,0.1362,0xc8...ed91,https://bscscan.com/tx/0x5a3c8780ebb9058508a9aac5ace3e43aa008ef0cda751010a5577fe325717276
2023-03-20 21:06:29,False,2.574e-10,7.676e-13,3921825804.0,0.0301,0x1b...82c3,https://bscscan.com/tx/0x9b4a2b01c11d54a4362f19f3d186e9c26eee1d8ce2ed4ae76f1128f6fa11907e
2023-03-20 21:03:28,False,2.585e-10,7.676e-13,18995441837.0,0.1458,0x56...69f8,https://bscscan.com/tx/0xd2493855883bd566cb6d001ebc8e72c8c26a051f596cb60223b2b43202615ff7
2023-03-20 21:02:43,True,2.585e-10,7.714e-13,5833034012.0,0.045,0x1f...7611,https://bscscan.com/tx/0x7ec2812dbccced6052564eadb21e695bfb2a581a8acb2c2fc1b5e4b65e3de65a
2023-03-20 21:02:43,True,2.585e-10,7.714e-13,938235000.0,0.0072,0xc7...100c,https://bscscan.com/tx/0xab259bf970f240ef352b5ebfff155317b4e93768cf37f65da1fa6e197c829691
2023-03-20 20:57:55,True,2.586e-10,7.714e-13,189424897.0,0.0014,0x97...be67,https://bscscan.com/tx/0xd6ee5f87a83dcc31685646bef8859ffbdd04898084f895b8d1eaac7ff955fe94
2023-03-20 20:55:25,False,2.586e-10,7.676e-13,1792743654.0,0.0137,0xe6...bd96,https://bscscan.com/tx/0x7229786def551031d1878454a7fd0a921a7c862a5143634c10cf10d9c1b67823
2023-03-20 20:55:07,False,2.573e-10,7.676e-13,186333403346.0,1.43038,0xb0...64c7,https://bscscan.com/tx/0xc06e8885f43a01427d94bc9cdc3e24774a571f8de2f370125dde631ea7e9cf88
2023-03-20 20:55:01,True,2.586e-10,7.715e-13,700000000.0,0.0054,0x29...4836,https://bscscan.com/tx/0xa1d0ccb14f9dfcf96379ec81798038811c745a87424b7157a2b56e2c8e1d7f42
2023-03-20 20:53:25,True,2.587e-10,7.715e-13,18972964039.0,0.1463,0x1a...50ab,https://bscscan.com/tx/0xc1e3e64a9497409ef69b9c0f5022fa3f6f7e971a3f54b8406678117b3425e074
2023-03-20 20:53:04,True,2.601e-10,7.715e-13,36128691706.0,0.2787,0x26...aa9b,https://bscscan.com/tx/0xffa6efa390dd8c295c2a178f53228b910ec942198e821e516ccee5b2ee68fd70
2023-03-20 20:51:49,True,2.601e-10,7.715e-13,2509999999.0,0.0193,0xa1...4a35,https://bscscan.com/tx/0x28c881ebc30e38232c2e03bc1db999b87bbefd0d04ea7b2db4f53075289734ff
2023-03-20 20:51:07,False,2.575e-10,7.676e-13,10513721108.0,0.0807,0x9e...30d8,https://bscscan.com/tx/0x463120b16ac4cf8821008ac2257c76aa7763411c115a391b9d31719104a269b6
2023-03-20 20:51:04,True,2.588e-10,7.715e-13,1000000000.0,0.0077,0xc1...14c6,https://bscscan.com/tx/0x82533029b99bb54d4f53242ccb3ec98aedb4c3b0eadc35ab5b8d88cdf89b4214
2023-03-20 20:50:34,False,2.588e-10,7.676e-13,1962720000.0,0.015,0x14...4449,https://bscscan.com/tx/0x2987783da18a128114d1ee9c1d097f415be1d6b0d328afd2f0bd68bac5cc6343
2023-03-20 20:49:55,True,2.601e-10,7.715e-13,1000000000.0,0.0077,0xc1...14c6,https://bscscan.com/tx/0xbeec52d20a795784bb9ce49b3fba1bb2b2fd307fa7233a8287fc2d4672be5168
2023-03-20 20:49:22,True,2.6e-10,7.715e-13,1000000000.0,0.0077,0xc1...14c6,https://bscscan.com/tx/0xfea53a8901fc34e2d69133e8cb5cbfdbf71252436f77b7079064acc6a3f69ef4
2023-03-20 20:49:16,True,2.6e-10,7.715e-13,319537000.0,0.0024,0xdf...15b5,https://bscscan.com/tx/0x417123f3821be4586ee49eda2706e27b753d4546f875335dd08546696e063658
2023-03-20 20:49:10,False,2.587e-10,7.676e-13,46491829579.0,0.3569,0x3f...9a4d,https://bscscan.com/tx/0xca44b97e551a21a87f1a8a1cca66aff3bd69badfcc8f8b48e61ebaf85704f0b3
2023-03-20 20:49:04,False,2.587e-10,7.676e-13,19165874269.0,0.1471,0x3f...9947,https://bscscan.com/tx/0x9fe459d80aea581303bbc40c0d9eef07ae7c63fd45c324d131ce9e9e7ea215b8
2023-03-20 20:48:46,True,2.588e-10,7.715e-13,1000000000.0,0.0077,0xc1...14c6,https://bscscan.com/tx/0xfab7563371ab15b6fc45cef9d8da1a49fcd6e8da0b1bc7a31ebf5dc8fecc0878
2023-03-20 20:48:19,True,2.601e-10,7.715e-13,1000000000.0,0.0077,0xc1...14c6,https://bscscan.com/tx/0x0b4bb74c09ebb480cbed23ab739dbbce54bc8dda99291ec40027c0d144d8e0f0
2023-03-20 20:47:40,False,2.574e-10,7.676e-13,2449390192.0,0.0188,0xbc...22a5,https://bscscan.com/tx/0x488a23a3ba8654c86745cd6baa6ba9f40ac54eda7557b0ab87a60f2fa507b004
2023-03-20 20:47:22,False,2.588e-10,7.676e-13,42227586728.0,0.3241,0x73...935b,https://bscscan.com/tx/0x94bdaaef8dfcc75c7875db86c5efe41977a125f23da80075aba9ca99697507dd
2023-03-20 20:46:55,True,2.601e-10,7.715e-13,3000000000.0,0.0231,0x29...4836,https://bscscan.com/tx/0xdb3753aae8fffd69a948fde459182bc903aa8ecf3fde9b2877fd7c97ffbf78b7
2023-03-20 20:44:46,True,2.591e-10,7.715e-13,19185832282.0,0.148,0x9f...9610,https://bscscan.com/tx/0xadd69cc76aa47023efa6b0ade32c87396372d5ea192bbe46cf4f9c20b61ce5c1
2023-03-20 20:43:49,True,2.604e-10,7.715e-13,3888147827.0,0.03,0x3d...90c1,https://bscscan.com/tx/0x0fdd083c67dcc0eacf7a7655c9f8c6b4e6c215dc850f51c3dfb066feb3260981
2023-03-20 20:42:34,False,2.578e-10,7.676e-13,6711385214.0,0.0515,0x84...58e0,https://bscscan.com/tx/0x7c15f107b37d492e3ec1297fb213153b60ad8c174b7c90f832e0f7bdc85af795
2023-03-20 20:42:31,True,2.591e-10,7.715e-13,840548797.0,0.0064,0xc9...b6d1,https://bscscan.com/tx/0x76a8dd78a1a4dab57c594f3dbb0af4bd55aa33a5c86ad816233cddac18e97467
2023-03-20 20:42:04,False,2.578e-10,7.676e-13,10247633098.0,0.0786,0x50...1382,https://bscscan.com/tx/0x8ef0f647b29472c5f8d698c7aa5ab4dbbad5b3ca7fc41120388293de7e4d96f3
2023-03-20 20:41:16,False,2.578e-10,7.677e-13,22090552625.0,0.1695,0x7f...06a9,https://bscscan.com/tx/0xd09fabf62950b09836b0744c57efc7e5c4eb9e5bf7e3f033cd31b419fbfedbe5
2023-03-20 20:39:10,True,2.593e-10,7.715e-13,388823632.0,0.003,0x72...719d,https://bscscan.com/tx/0xedc8c08844ab38a1a75935770856817cecff971c173fc83bfed132a62db8ce1b
2023-03-20 20:38:49,True,2.606e-10,7.715e-13,388823701.0,0.003,0x72...719d,https://bscscan.com/tx/0x6a62d7f3727d5d4e9976835184ed582dbac325b1f98a13115b115666dbbe9356
2023-03-20 20:38:37,True,2.606e-10,7.715e-13,38361888355.0,0.2959,0x14...10aa,https://bscscan.com/tx/0x4dbe37d37a3553c6c82713b707b37fcea57b8285bd184e78e1719c7bbd93a1d3
2023-03-20 20:35:28,True,2.603e-10,7.715e-13,23000000000.0,0.1774,0xad...4cb1,https://bscscan.com/tx/0xe739f9dc6e1c0b447a91afa6ae78cbe984fe4f541a3f94f749820125ca55d019
2023-03-20 20:35:10,False,2.577e-10,7.676e-13,19683666255.0,0.1511,0x0a...83f1,https://bscscan.com/tx/0xb5ba0277121a9e25510fe2c1be6270330392c15234e22ff01850da238591c008
2023-03-20 20:34:46,True,2.603e-10,7.715e-13,3783292440.0,0.0291,0x10...2c33,https://bscscan.com/tx/0xf8bbdf087ffe1644669a6a53d5184b8109d0c5dd5a016473057ced6d2bd2f3e8
2023-03-20 20:34:16,False,2.576e-10,7.676e-13,23039552583.0,0.1768,0x96...e396,https://bscscan.com/tx/0xc5ec742f5572b7f82fd12bd02e33761ae7ec4a4edf6d063fec8fbdece5b2fac5
2023-03-20 20:32:58,False,2.59e-10,7.677e-13,195024757114.0,1.49727,0xdd...2441,https://bscscan.com/tx/0x2891efd03aad8292ac9430533d3cd1ae461f14e71b2b5ae9a261dcf9bd8696f2
2023-03-20 20:31:49,True,2.59e-10,7.716e-13,26000000000.0,0.2006,0xbb...5af2,https://bscscan.com/tx/0x2ccef6b6daf6f6d53133b56d193756ac5b3d8dc439cfd94fa8033c5ae1e7fe29
2023-03-20 20:27:42,True,2.59e-10,7.715e-13,331766528108.0,2.55975,0x93...0800,https://bscscan.com/tx/0x65d9b83a5dc82912e0ef434d22c7f895b8b4e56f54946cb569e66f164687d246
2023-03-20 20:26:33,False,2.577e-10,7.676e-13,4644328029.0,0.0356,0x2e...0a22,https://bscscan.com/tx/0xa14ee2bc5b9de7c102b40be2224c8eed09ded0446a7622312e09d3bf79e66b47
2023-03-20 20:23:26,False,2.598e-10,7.676e-13,5439147742.0,0.0417,0xea...52c5,https://bscscan.com/tx/0x93f2238b390b527c3fe958fdbeedfcaab047a4b476069bbd7731271acc83aff0
2023-03-20 20:22:36,True,2.602e-10,7.714e-13,1333333333.0,0.0102,0xfc...e63b,https://bscscan.com/tx/0xdf1cc4fff4919ddbd644f6a61eae6be6621a4955b582d82c533b6afcb6d2fae3
2023-03-20 20:16:17,False,2.588e-10,7.676e-13,18969000945.0,0.1456,0xb3...17f2,https://bscscan.com/tx/0x4e5853f23da56b1a9fdceb3049dfb9f30724b59fe5a3cc268639309c36012b49
2023-03-20 20:15:17,False,2.588e-10,7.676e-13,14255352908.0,0.1094,0xe6...2ee1,https://bscscan.com/tx/0x1c7c042799819d116b6be9e3f69a5ff58e68fb20dbc460881ce8d1214d0989ad
2023-03-20 20:14:08,True,2.601e-10,7.715e-13,6480832395.0,0.05,0xd5...d34e,https://bscscan.com/tx/0x8662f919e61b8babb538197fe4a8589cae191684a0a51c4a9c873b0ff5a284a0
2023-03-20 20:14:08,False,2.588e-10,7.676e-13,14760000000.0,0.1133,0x8c...bad7,https://bscscan.com/tx/0xa77ab973ea997813f5ec85701b227d064eb2289f67951847058876589ab19d28
2023-03-20 20:14:08,True,2.614e-10,7.715e-13,4206257743.0,0.0324,0x32...a47f,https://bscscan.com/tx/0x5e395f454a1479a1ac6ecc0b73768a4db74f31a3138fe850f59eb1129c623f43
2023-03-20 20:12:59,True,2.601e-10,7.715e-13,1377388501.0,0.0106,0x15...4042,https://bscscan.com/tx/0xc2365efcfba0fa4a7aa47ba458fb0bb4085dbca84d8a63ea19be678db88df3b4
2023-03-20 20:12:23,False,2.601e-10,7.676e-13,13342997132.0,0.1024,0xb3...82ec,https://bscscan.com/tx/0x2bebd8388c797d23d0a3580d4e03f4f8992874e7cab29364069c441488a08c94
2023-03-20 20:11:47,False,2.601e-10,7.676e-13,11775105958.0,0.0903,0x13...7254,https://bscscan.com/tx/0x62f5f4f97e82ee09ca2342f65da0e5644055f3ba865578dc2096545b72d22b43
2023-03-20 20:10:38,True,2.614e-10,7.715e-13,1698500000.0,0.0131,0x3a...5b66,https://bscscan.com/tx/0xc1f077763d0697c7f8175e82138bd0f3027054767287bc4b4651245f35cb1b76
2023-03-20 20:10:05,False,2.601e-10,7.676e-13,3092296184.0,0.0237,0xd7...2c8e,https://bscscan.com/tx/0x235895593c72ac7eeb5a0241b406b49cf0bbe471966dbbe2fc1b6b34910ba37c
2023-03-20 20:09:11,False,2.603e-10,7.676e-13,10713793612.0,0.0822,0x75...759a,https://bscscan.com/tx/0x434bccf1c805d63009191f1c43a363f6f813f043d7065efa282b1b263f93248f
2023-03-20 20:07:08,False,2.603e-10,7.676e-13,11723580000.0,0.09,0xd3...5e23,https://bscscan.com/tx/0xbec91d27094d7d56ebfdf08ab5fa87f3b24b8e7d7f75f208e19c92ea7ce11b9b
2023-03-20 20:06:53,False,2.59e-10,7.676e-13,36000000000.0,0.2763,0x9d...7142,https://bscscan.com/tx/0xde6cbcd674f4e02a31a63f6fb1ae6ceddbffd18f06105138907b3e5c19637f31
2023-03-20 20:06:14,True,2.603e-10,7.715e-13,1345328094.0,0.0103,0xe8...3b3a,https://bscscan.com/tx/0xf29d1390854c491f942e9b14c8e9ad5faf093c403d01135eb5a3de4ba61e8de8
2023-03-20 20:04:29,False,2.591e-10,7.676e-13,8197924552.0,0.0629,0xe9...a52b,https://bscscan.com/tx/0x3a55296485f948fcf80816d56eb79dee54c8f67a3093ab910dd10a1a5eef59f2
2023-03-20 20:02:32,True,2.617e-10,7.715e-13,705813319.0,0.0054,0x7a...f5b6,https://bscscan.com/tx/0x02c12252f245dc055e67514d045710847d8ed5ec4b5f29019f4205954797a3c1
2023-03-20 20:02:23,False,2.604e-10,7.676e-13,18720000000.0,0.1437,0x03...cbfd,https://bscscan.com/tx/0xb7ab1912f3966a7cb4f0d7eded9730d5e975e294443c355a72ba76601a5c420f
2023-03-20 19:58:20,True,2.604e-10,7.715e-13,30559349740.0,0.2357,0x95...3017,https://bscscan.com/tx/0xa69d63f102a112bf5269b4ce1b60da098a2bc6aacad9f148c8fb7c86b5f2bd4f
2023-03-20 19:56:26,True,2.617e-10,7.715e-13,12079180153.0,0.0931,0x30...c310,https://bscscan.com/tx/0xa2b775b8d99d43dc8b25fc1b92e07788fb535653ce9cf0fda706d3fefd065bc1
2023-03-20 19:55:20,True,2.617e-10,7.715e-13,24500000000.0,0.189,0xc2...1ad6,https://bscscan.com/tx/0x6477d25d071e33879d230d0c28c6468b1014b9c09789462b45727fec47baa556
2023-03-20 19:54:56,False,2.59e-10,7.676e-13,24539569780.0,0.1883,0xab...112d,https://bscscan.com/tx/0xf43457c29e9224849bb47f2514310f18c0fea68cd8fb2d920a5b650fa9deb8f3
2023-03-20 19:54:14,True,2.617e-10,7.715e-13,25265987603.0,0.1949,0x8b...8737,https://bscscan.com/tx/0x91ef6773e469f1198e4816cb1a4518e83be8ab5386d2ede68c9345f1d7f66ead
2023-03-20 19:52:41,False,2.591e-10,7.676e-13,118100063249.0,0.9066,0x08...8cb5,https://bscscan.com/tx/0xd96fee39a0400688f9b1d4583ae6ebc2d8e50a1cadce0d9e4d86f34c81901724
2023-03-20 19:49:35,True,2.604e-10,7.715e-13,1160000000.0,0.0089,0xef...e223,https://bscscan.com/tx/0xf5426c3e93340c94af9ef5c45b183e4d23927bbabea69e812359b7adca0914a6
2023-03-20 19:47:59,True,2.604e-10,7.715e-13,9025973190.0,0.0696,0x15...4042,https://bscscan.com/tx/0x1687f64d028b2d1a4c90e33bd82a18ecd39b275b2083468d3fddc36eca346a15
2023-03-20 19:46:47,False,2.603e-10,7.677e-13,16137292533.0,0.1238,0x95...3017,https://bscscan.com/tx/0x3c26657b97e74ac26198d16ab39636d134e919940e2b6763464d9f201d71d026
2023-03-20 19:45:08,True,2.616e-10,7.715e-13,388819480.0,0.003,0x3e...880b,https://bscscan.com/tx/0xd71fef4378b0e2bc579d51e496faf4d977be524b47ac0c547b3e0fcf3190e709
2023-03-20 19:44:29,True,2.602e-10,7.715e-13,800000000.0,0.0061,0x90...757a,https://bscscan.com/tx/0x65991d650657b2d8248ab5873db29d393e50178c3506fdcb3e718df0f97a6e6a
2023-03-20 19:43:50,True,2.615e-10,7.715e-13,20000000000.0,0.1543,0x37...a14c,https://bscscan.com/tx/0x4fc7922075b1bdaa5043505a01b168d072593062d8db33c01468c75c9d6ec033
2023-03-20 19:42:50,False,2.589e-10,7.677e-13,84846393393.0,0.6513,0xba...f494,https://bscscan.com/tx/0x790f366c8ef256551068fab904804ab0d08f84da43739bb1b694d77b0f476069
2023-03-20 19:41:39,False,2.602e-10,7.677e-13,7650000286.0,0.0587,0xf4...f67f,https://bscscan.com/tx/0x3203084589086bcff405023a93beabc49432bacad4245e7eb7c0d0274e6ffa57
2023-03-20 19:40:31,False,2.589e-10,7.677e-13,17578585614.0,0.1349,0xde...2b2f,https://bscscan.com/tx/0x9ced41860689c811e78f051a847d10bc4a4fac6ab92380dfe08c3b5b4160dad2
2023-03-20 19:39:46,True,2.602e-10,7.715e-13,129601224.0,0.001,0xb9...3414,https://bscscan.com/tx/0xb7d56326661788713f2e0c7ff32689c288c2ad840b66ccb2778f24483c73f597
2023-03-20 19:39:04,True,2.615e-10,7.715e-13,25920246.0,2e-05,0x73...95f5,https://bscscan.com/tx/0x061a34c9b02919bda13a0b2db0a735f346270753c957a59ac3808991950c594c
2023-03-20 19:38:52,False,2.602e-10,7.677e-13,90000000000.0,0.6909,0xd0...f42b,https://bscscan.com/tx/0x87d9831d9814ad96477c6bc4cfee408f39ea06e0c0493305b05094e3d09b8d81
2023-03-20 19:38:28,True,2.615e-10,7.716e-13,13932553691.0,0.1075,0x62...2a1e,https://bscscan.com/tx/0xf6214853b9a0281f24e52fd7440b5de11f9b89b11f895d423a90e151c13dfff4
2023-03-20 19:37:55,True,2.602e-10,7.716e-13,1943951772.0,0.015,0x1f...eacb,https://bscscan.com/tx/0xb197636c8d7cd2324bb373223b7e4d8d24ffd71c8d2ba8de686048076b10b210
2023-03-20 19:37:40,True,2.602e-10,7.716e-13,10301670217.0,0.0794,0xc7...3a1f,https://bscscan.com/tx/0x579aa69c9665a78595f9af95a4c099bfa0e67f7c1e912dce328a6c66f3f5392c
2023-03-20 19:36:07,True,2.601e-10,7.716e-13,4478048324.0,0.0345,0x3e...880b,https://bscscan.com/tx/0x1bc39201e841e65c58d2cea6314d9076e4348d04ceb45a0c65ce98f63f5752f6
2023-03-20 19:32:04,False,2.588e-10,7.677e-13,7125493251.0,0.0547,0x5e...7442,https://bscscan.com/tx/0x9c4a9f6df1fc0156b85c2e32faf91d358c86bf7351ebbdf57fae5bb15bc04703
2023-03-20 19:31:52,False,2.601e-10,7.678e-13,456296002842.0,3.50366,0x1f...ed6a,https://bscscan.com/tx/0x06bf84725d9f13119f065cdbddebb9114b7e0451f16c12c53df6166948ce76dd
2023-03-20 19:31:31,True,2.613e-10,7.717e-13,10365646767.0,0.08,0x84...dba1,https://bscscan.com/tx/0x699d1321b061dc964783140de5629ddb8dc7f57a90dd4565512bbbb6f128a8e1
2023-03-20 19:30:25,True,2.597e-10,7.717e-13,6063931780.0,0.0468,0x00...4009,https://bscscan.com/tx/0x8ca88d19bc1e5465af2d3b221152641e0337cf05ec12d822346bcdf7c8e288ce
2023-03-20 19:30:16,True,2.612e-10,7.717e-13,141021506.0,0.001,0xb9...3414,https://bscscan.com/tx/0x2102b154c5a1dae41f3a19632647005472266635afa75ec06734ffae3a311810
2023-03-20 19:30:13,False,2.599e-10,7.679e-13,3109573105.0,0.0238,0xb4...6c39,https://bscscan.com/tx/0x3dd6a5ba992f02347872536c83a7edbdcfe5d02171f5cccb3cdfdd9af5ffc5fd
2023-03-20 19:29:43,True,2.612e-10,7.717e-13,10000000000.0,0.0771,0x1b...ec92,https://bscscan.com/tx/0x2ccc7a81433203b21672592229927b4af35e31c5bba8a6ae395a3cbab273592d
2023-03-20 19:28:01,True,2.598e-10,7.717e-13,5451308496.0,0.042,0x50...0559,https://bscscan.com/tx/0x0eab0341317f0d3d024d49b0eecf3df972ccd411587a1a211ead9408975fe8fe
2023-03-20 19:27:46,False,2.585e-10,7.679e-13,106460678162.0,0.8175,0x6f...6e91,https://bscscan.com/tx/0x073eca83b22241f8da14974c9b354ea6051b26e28c82a6bf4325760ea33ced7c
2023-03-20 19:27:10,True,2.598e-10,7.718e-13,3832690000.0,0.0295,0x94...b353,https://bscscan.com/tx/0x497088849bf1f5d6fba7db4fe833da0500e1093960c0c552352f7c270c342266
2023-03-20 19:26:07,True,2.61e-10,7.718e-13,100000000.0,7.718e-05,0x1b...ec92,https://bscscan.com/tx/0xf0d2a419b561171f95daf604e6c151e329ffcfa2c41dfc091d150996b9410b07
2023-03-20 19:25:22,True,2.611e-10,7.718e-13,3757414996.0,0.029,0x3f...8a38,https://bscscan.com/tx/0x24ca1a9e9ea967fc2118831709d0f9288070346858209ce9eb6460408ee9bef8
2023-03-20 19:21:58,True,2.595e-10,7.718e-13,19435008498.0,0.15,0xf2...258c,https://bscscan.com/tx/0xe6e696f1d72d9514db1a343f77989f6f001562fc079d0507745c150fce7aceaa
2023-03-20 19:21:52,False,2.582e-10,7.679e-13,24771025151.0,0.1902,0xe5...61f2,https://bscscan.com/tx/0xe0feab354d44761645a9b48df30fdc257e34919320d92a2dc71327ae6777edb8
2023-03-20 19:20:40,True,2.595e-10,7.718e-13,10365291255.0,0.08,0x3f...8a38,https://bscscan.com/tx/0xed44773aa2d79ff36ea13d0749d2a1a1d83b869266fec4a6fb7b558bd38d539a
2023-03-20 19:16:46,False,2.577e-10,7.679e-13,14829030653.0,0.1138,0x31...ba29,https://bscscan.com/tx/0x1dd35d3ab0c2f011c3c52f36a0920a3d275bbb429f67511635c00ea8ade3348c
2023-03-20 19:14:40,True,2.603e-10,7.718e-13,2213261321.0,0.017,0xe6...bd96,https://bscscan.com/tx/0x762df9e5cc9979b72e2876c155aa3637d270c9428eb89670b8e7ad6d57516451
2023-03-20 19:14:31,False,2.578e-10,7.679e-13,6817931469.0,0.0523,0x25...12c7,https://bscscan.com/tx/0x1cdeddd06dc4d6d2cbda8d17a2c7214e2e6411309271e099332d99487095e684
2023-03-20 19:13:49,False,2.578e-10,7.679e-13,6317055432.0,0.0485,0xf4...f67f,https://bscscan.com/tx/0x448906ce3fbbf74b7504c02dd041e2a165164a6b321933001cd45bf523eedafb
2023-03-20 19:13:16,True,2.591e-10,7.717e-13,454304000001.0,3.50602,0xac...d203,https://bscscan.com/tx/0xfd5bcfb8e7599f72e8bc25e370601abe12ec94d929b008b26bf764ea086b4ab1
2023-03-20 19:13:13,True,2.591e-10,7.716e-13,6000000000.0,0.0463,0x96...eeb3,https://bscscan.com/tx/0xcd8573e910838e1a1a2e1d68bb25c675c6c36e234cd0f374ef1396f7ce5158c8
2023-03-20 19:12:55,False,2.59e-10,7.677e-13,7584836780.0,0.0582,0xed...9884,https://bscscan.com/tx/0xfbf036d810f302c968192553e42003b0a171be9ed8d097abc5ee23c303886ece
2023-03-20 19:12:13,False,2.589e-10,7.678e-13,367632959119.0,2.82292,0x6b...f863,https://bscscan.com/tx/0x06af7a477401373c3c5ff580a04899976fd1660dca774616b55ecfc387ae9a45
2023-03-20 19:12:04,False,2.59e-10,7.679e-13,2490371315.0,0.0191,0x3d...201e,https://bscscan.com/tx/0xc300cd370337ce8fd9f5d2b5ec9a021b510a78245504a80d2e9f0934f61d31ff
2023-03-20 19:11:34,True,2.601e-10,7.717e-13,2304538926.0,0.0177,0x46...1299,https://bscscan.com/tx/0xf3cf8d19756bf764c7fba0673899bbda60663c0bbeda2fadeca650a2f94ce8a9
2023-03-20 19:07:55,False,2.575e-10,7.679e-13,263811222304.0,2.02601,0xc1...7d71,https://bscscan.com/tx/0xf44226cd322ee924456385e218f7c8b6cdbda5294c2f88f9de55d2d2e09423bd
2023-03-20 19:06:19,False,2.576e-10,7.68e-13,5545424151.0,0.0425,0x51...4be5,https://bscscan.com/tx/0x93303344695530eddad052b86752dc055281a6f8cb88e2fb588b205a418ce9b6
2023-03-20 19:06:10,True,2.587e-10,7.718e-13,4000000000.0,0.0308,0x8e...11ab,https://bscscan.com/tx/0xf3fc4a056396e3893407bc962a16ad03fea1f05b5eeba77a8ad25e302d4c6adb
2023-03-20 19:05:55,True,2.588e-10,7.718e-13,1000000000.0,0.0077,0x52...c8cf,https://bscscan.com/tx/0xde23c1541e69789b95b971f78aea0e321a85fc3b7b4a35e2098fa023fa1863b4
2023-03-20 19:05:49,True,2.602e-10,7.718e-13,10000000000.0,0.0771,0xa6...9ac7,https://bscscan.com/tx/0x2e9bdd7767bfab16f2f0931fc3a3c20462c7483c60e91119134e140f86a68dc2
2023-03-20 19:04:55,False,2.576e-10,7.68e-13,28440997082.0,0.2184,0x68...ee4d,https://bscscan.com/tx/0x7a8da893b3a3ab821744d62dfd279d6e9456274ce108f9e0960c81fcdbda0797
2023-03-20 19:04:16,True,2.602e-10,7.718e-13,32998912596.0,0.2547,0xe4...db77,https://bscscan.com/tx/0x67ebf74e3ff955436c4e8d40023da186db8228b061b0ccc0baf86dca951519c8
2023-03-20 19:04:07,True,2.602e-10,7.718e-13,8591439053.0,0.0663,0xe6...7f30,https://bscscan.com/tx/0xe5194d1191019dd40c9a380192d6e45a4bb0969d4f0bcefdc5decad0f02b2d2d
2023-03-20 19:01:58,False,2.581e-10,7.68e-13,12249331331.0,0.094,0x0d...fa58,https://bscscan.com/tx/0x4db730d650b90703fa46865511622621c05f38fd60d063e193eb8e18944dd326
2023-03-20 19:01:46,False,2.594e-10,7.68e-13,4206792483.0,0.0323,0x13...7ef9,https://bscscan.com/tx/0x197a661b8ff7dcf2502c8758a2301eabbbec22856ca88926a0e36734df51aed3
2023-03-20 19:01:34,False,2.594e-10,7.68e-13,1691338350.0,0.0129,0x89...e98e,https://bscscan.com/tx/0xf1a4868902eb9da3d6d84611ca555d88c553fb71c755d69f5f82ca508abd38ec
2023-03-20 18:58:28,False,2.585e-10,7.68e-13,144036474061.0,1.10627,0xf4...175c,https://bscscan.com/tx/0x2c19ee69c5b710d04322541a0bd1b9d73a0655379fca08fe86bd9f5203b08eba
2023-03-20 18:58:04,False,2.585e-10,7.68e-13,22520439317.0,0.1729,0xf0...2f38,https://bscscan.com/tx/0xfcad4e00e8b6090c5801486c243ee2d697e41027d0db67e26af6330b6e1f460a
2023-03-20 18:56:31,False,2.586e-10,7.68e-13,2742707880.0,0.021,0x55...2c36,https://bscscan.com/tx/0x37496bcad5484dc56663451659e96ab4dc3e78fcd3ce801d65d7cec9a287adb1
2023-03-20 18:55:25,False,2.599e-10,7.68e-13,27885773742.0,0.2141,0xf6...da54,https://bscscan.com/tx/0x4e7bd1c7c89f47ea574f66295bca42ee767340eadd346abb6985f66153ae2b76
2023-03-20 18:55:19,False,2.599e-10,7.681e-13,244555564514.0,1.87851,0x9b...3c49,https://bscscan.com/tx/0x7cf466f4b837bf1e31dfeab3f31946b3792666cb5d5e6b8f4a31ead252e389aa
2023-03-20 18:55:10,False,2.6e-10,7.681e-13,34511344825.0,0.2651,0x56...30f8,https://bscscan.com/tx/0x1dcd7dc75f00a0cf8b49d97c4af61b30fd3b1d086bfb22a9ad2f36f81d3bf564
2023-03-20 18:55:01,False,2.599e-10,7.681e-13,21204946250.0,0.1628,0x3d...201e,https://bscscan.com/tx/0x63f269d8cc96c103bd58aba5748841f0b0bf0c7c185fdd20092f6e2387d412c0
2023-03-20 18:54:58,True,2.612e-10,7.72e-13,6868961124.0,0.053,0x07...9e5e,https://bscscan.com/tx/0xdf06ff8afb573e01b3cf4f8a1163e479f74999377f7e04058045c31f3ab95215
2023-03-20 18:49:04,True,2.611e-10,7.72e-13,5463020000.0,0.0421,0x47...713b,https://bscscan.com/tx/0x3ba09609569d0e4e263808b8817feed2dcc1bf66190558d0e47776418397687d
2023-03-20 18:48:07,True,2.611e-10,7.72e-13,1000000000.0,0.0077,0x55...b68f,https://bscscan.com/tx/0x6b33cae73424420a7808d53b061a0162da7b36d87ef121e00772dd4b6a272ce8
2023-03-20 18:48:04,True,2.611e-10,7.72e-13,28000000000.0,0.2161,0x4c...06b5,https://bscscan.com/tx/0x9ca58e3c2177941d02c91b5967f73e85c72499e89c4d24f24f35b4c6d9a90d76
2023-03-20 18:47:49,False,2.598e-10,7.681e-13,44727378048.0,0.3435,0x6e...6cc1,https://bscscan.com/tx/0xf5c6254e19fd5b38eff91e615062173d8e069b92e21abfc8b80efea68d97ffec
2023-03-20 18:47:37,True,2.596e-10,7.72e-13,10000000000.0,0.0772,0x55...b68f,https://bscscan.com/tx/0x7c90e9f4aa86a884dde55415f9099ff2321956c2530e214451c48cace88b0a66
2023-03-20 18:46:10,True,2.611e-10,7.72e-13,3000000000.0,0.0231,0x1e...2341,https://bscscan.com/tx/0x5001c42278094ab40280d5d34ecd9b7a51413d722dcffb55f925f14f4b3672e9
2023-03-20 18:45:55,False,2.598e-10,7.682e-13,256161117665.0,1.96792,0x05...7066,https://bscscan.com/tx/0xb75d909e1b2d7ce700f5b325706c62ddcb546695e9da3728d8f679a584efdbf2
2023-03-20 18:45:52,True,2.611e-10,7.721e-13,2764650223.0,0.0213,0x2f...c74c,https://bscscan.com/tx/0x17779c6174509cfde2efd361723db76eb5b62a026181cb17e153feb9791388f3
2023-03-20 18:42:55,True,2.611e-10,7.721e-13,19143462699.0,0.1478,0xe1...fdbe,https://bscscan.com/tx/0xe4d88ee3fab48dc8b705eca1d4540b717f7ea3a7a616b3231a4f03014d48efe3
2023-03-20 18:41:46,True,2.611e-10,7.721e-13,6846195157.0,0.0528,0x51...4be5,https://bscscan.com/tx/0xaf09c1245b7cc45a69b3714449dc2ba77c992d105d8c1afd0422e328a204e3ca
2023-03-20 18:40:28,True,2.611e-10,7.721e-13,9000000000.0,0.0694,0x94...3647,https://bscscan.com/tx/0x2363dae358a7c48ce254d7b0ac1d8203f0f808eae1d1146814ee296721198def
2023-03-20 18:39:55,False,2.586e-10,7.682e-13,38630200555.0,0.2967,0x3d...691e,https://bscscan.com/tx/0x348694585030f7d8e22eed5a020745bfcb37c3713b6467eab25f45543d7aedec
2023-03-20 18:38:04,False,2.598e-10,7.682e-13,1427863352.0,0.0109,0x06...5c09,https://bscscan.com/tx/0x6849397621ffa2aa220710ec2494d646ed5680b76fe2b089ad33afab3e3b4a23
2023-03-20 18:37:10,False,2.598e-10,7.682e-13,10321034835.0,0.0792,0x57...2097,https://bscscan.com/tx/0x3f39ff2a56f1febb8d44a36dbdeeddcf9cce86c8b0b93f64b6e1474e595ba387
2023-03-20 18:36:46,True,2.611e-10,7.721e-13,40000000000.0,0.3088,0x49...9a2e,https://bscscan.com/tx/0xa02f1adcc63bfab1e44e9daf6779e26393cd7c1cec912dcf4cbba4a3188e7780
2023-03-20 18:35:52,True,2.598e-10,7.721e-13,5370106730.0,0.0414,0xe6...7f30,https://bscscan.com/tx/0x65af7f36a98030338a9f664189c89eb84b1522572d237014f55fc67ee58c7055
2023-03-20 18:34:28,False,2.597e-10,7.682e-13,72000000000.0,0.5531,0xa1...6779,https://bscscan.com/tx/0x0b5cc5eebe51ca71b9b0b5941b951f90728b33b7c56e3aa3a5240bba0444532d
2023-03-20 18:31:49,False,2.594e-10,7.682e-13,1949221884.0,0.0149,0x12...b903,https://bscscan.com/tx/0x9f2a5e05394e8674f27e914d61df977a8fab60bda4e4349ad169b82c4d9e6a0a
2023-03-20 18:31:22,True,2.594e-10,7.721e-13,7252471289.0,0.056,0x2e...05ab,https://bscscan.com/tx/0x9de8184430dc4e9a55c6c2e1d1e2d88f8bb669e7119cd9ccfe97ffa136e626da
2023-03-20 18:31:07,True,2.595e-10,7.721e-13,16733602983.0,0.1292,0x2a...7550,https://bscscan.com/tx/0xfcd3879205e4bd1696e8c7ff419656346782a84a417451a1d254a2f8fa2bf534
2023-03-20 18:29:25,False,2.594e-10,7.682e-13,8458194115.0,0.0649,0xb4...4cc7,https://bscscan.com/tx/0xff56ee2cc5b27b8d94af8621ae659da61d81bba8e62d0c0b49861dc072ad59ce
2023-03-20 18:28:07,True,2.607e-10,7.721e-13,1738237295.0,0.0134,0xde...9aa9,https://bscscan.com/tx/0x19c35f9749c94c0d92504560bcd78284d95249a60e4e6b6308b3b628fa074f49
2023-03-20 18:26:55,True,2.606e-10,7.721e-13,3742264786.0,0.0289,0x6d...9275,https://bscscan.com/tx/0x5d9a464b699cee0c9be5f6df5d52d1e475ac1ec42bdee4a1abdae5d55e04c8de
2023-03-20 18:25:10,False,2.592e-10,7.682e-13,34110000000.0,0.262,0xe0...0382,https://bscscan.com/tx/0x0739a510c23a9d76a0988b1396a4e174d6eb0559bc710e03f12c376e3422b032
2023-03-20 18:25:04,True,2.605e-10,7.721e-13,3650147283.0,0.0281,0x9b...b164,https://bscscan.com/tx/0x09ac7837418daea8ac3cad97c9a4e662d6a6b2e7ac580a7a36eb3313de66a1b4
2023-03-20 18:24:34,False,2.594e-10,7.683e-13,59522849727.0,0.4573,0xaf...14e9,https://bscscan.com/tx/0x19dd7f824a9909ff9b8c90a0988ef7325eeaf9bd49151ad2db7f41d5ae55fd52
2023-03-20 18:24:04,True,2.605e-10,7.721e-13,1084716018.0,0.0083,0xe6...7f30,https://bscscan.com/tx/0xc198b235bdb6a7ff422d354fd8426a92b3c35f71b2a5d98cd379152d79ff26b5
2023-03-20 18:23:40,False,2.58e-10,7.683e-13,41707917035.0,0.3204,0x15...996e,https://bscscan.com/tx/0xac3ad007174f7fd59fb30ebf5fcfd4056400e357d9b51bcea51c6f5cac48a114
2023-03-20 18:23:04,False,2.593e-10,7.683e-13,6927477086.0,0.0532,0x09...7301,https://bscscan.com/tx/0x04f6ad8e8b14bd1c739a2011f5394d2958802dcdd510c7248c99146617d1fd49
2023-03-20 18:21:19,True,2.605e-10,7.721e-13,91427306587.0,0.7059,0xe7...9d8a,https://bscscan.com/tx/0xa6904e68bb02155544d9f7ec74f2e5cafdab5e4358379f5c79f8dcccd5ea16db
2023-03-20 18:18:58,False,2.593e-10,7.684e-13,978220943739.0,7.5174,0x9b...3c49,https://bscscan.com/tx/0xf25e5da47187c26ef15695e8501fd39e1fa94d69c05075b33dafd86865da8628
2023-03-20 18:18:46,False,2.594e-10,7.686e-13,2281258468.0,0.0175,0xb3...d317,https://bscscan.com/tx/0xeb42a6e1b00a0a1bbcd796552208605cc703df32b219f602163f2eac6fee1ee5
2023-03-20 18:17:49,False,2.594e-10,7.686e-13,1689243068.0,0.0129,0x04...a324,https://bscscan.com/tx/0x7a70300b6f87b3bf9e39fd1b1548eeedebb3f2173f8ba914c46ef6c20dbec9d7
2023-03-20 18:17:40,True,2.594e-10,7.725e-13,5000000.0,3.862e-06,0xe4...99d1,https://bscscan.com/tx/0x03f8bbcdc3897c331e6e82dda3c4569f5c0bc66a0e0a497f46e9458978295281
2023-03-20 18:16:52,True,2.606e-10,7.725e-13,8543623878.0,0.066,0x67...a562,https://bscscan.com/tx/0xf12b950ca8d7cdc7ea4a484a2f63adaccadc71bc7c2d7450deedf03cdf8af88e
2023-03-20 18:15:25,True,2.604e-10,7.725e-13,14239447506.0,0.11,0x22...a0b8,https://bscscan.com/tx/0xa2ca6eebffc1a3937df5babdab65926f3f5404dcca6bc92cac42728ab8271774
2023-03-20 18:15:22,False,2.591e-10,7.686e-13,39317573187.0,0.3022,0x02...4b5d,https://bscscan.com/tx/0x5491f83a868cfa92efe43e2c69a5d38b3468b769c57f74c984c7890bec7ce464
2023-03-20 18:14:43,True,2.604e-10,7.725e-13,33406571010.0,0.258,0xe7...9d8a,https://bscscan.com/tx/0x332e17011a6b7f9dbdb892dce2987de707a1a048e85fae8a0c4f91e7a08a7c4d
2023-03-20 18:11:06,False,2.591e-10,7.686e-13,18453840588.0,0.1418,0x55...52e7,https://bscscan.com/tx/0xe3089189e2ab29d4315bd195e6aa7d671290c8df48b4ca4f92a3ffde91e77a47
2023-03-20 18:09:51,False,2.59e-10,7.686e-13,7372540744.0,0.0566,0x91...dcee,https://bscscan.com/tx/0xd59bdbd47b30fcf46f0117adeb7b8700a9f81b2cf73a21fffb24c725f4eb223f
2023-03-20 18:09:51,False,2.59e-10,7.686e-13,22500000000.0,0.1729,0xaf...60a3,https://bscscan.com/tx/0x6133736ac6102d9a8f9f50d937e8a72f0d332a84abef9087521207b64c264974
2023-03-20 18:09:37,True,2.59e-10,7.725e-13,7593803619.0,0.0586,0x15...5671,https://bscscan.com/tx/0x1fac8761c0946f2a425f6f1e0a7f8de732c5dc8cce826c193996b5b2f19aee6d
2023-03-20 18:08:25,True,2.6e-10,7.725e-13,18216031720.0,0.1407,0x54...7d5d,https://bscscan.com/tx/0xfab55c72c5bb509960c55096ccb801c0c97f09e3fa9ba5d82263cc36eb3600c6
2023-03-20 18:07:49,False,2.587e-10,7.686e-13,35660462029.0,0.2741,0x3f...b4bc,https://bscscan.com/tx/0xbea3b3c412d00f4c083efd8543fef7d56fd796898cd0ac8ecc96d016952fabd4
2023-03-20 18:06:58,True,2.599e-10,7.725e-13,100000000000.0,0.7725,0xf7...cb26,https://bscscan.com/tx/0xd4212651b3f7117c240ff5135b728d60eb2d8635fa78216754ba219d5a6da5ca
2023-03-20 18:06:13,True,2.586e-10,7.724e-13,63732400000.0,0.4923,0xe6...9388,https://bscscan.com/tx/0xab06f35f55ccbf46cd13b55817e05d2cc94049370ef06b2feb78a339f8f97ee6
2023-03-20 18:06:13,True,2.586e-10,7.724e-13,34270358519.0,0.2647,0x15...4042,https://bscscan.com/tx/0x2d0b66c9bc0d17d8153873a396813b1e4f0cb40b8973963df07400d4fe175751
2023-03-20 18:06:01,True,2.584e-10,7.724e-13,3883740737.0,0.03,0xcf...0e01,https://bscscan.com/tx/0xe608d1ddcb3490a4fa1e1a6ed55cbea59434becb6aecb94188e3dc3d2c33172f
2023-03-20 18:03:07,True,2.596e-10,7.724e-13,11651263720.0,0.09,0xac...63dc,https://bscscan.com/tx/0x8b6a6a3ea1360a7e5f0a55ca340c790d5010b90edf19c2307efb447b5b9aba6e
2023-03-20 18:00:40,True,2.586e-10,7.724e-13,10000000000.0,0.0772,0xb5...3891,https://bscscan.com/tx/0xcfccc2775d5839922696f3f91fc8c09c444027a77c2c6b09afb985ee01741f7f
2023-03-20 18:00:13,False,2.572e-10,7.685e-13,43105331643.0,0.3313,0xdd...d791,https://bscscan.com/tx/0x6e7d0a123ae11cded5470472c09bd806b366d82098a19bff77ada1f5a5220709
2023-03-20 17:57:34,False,2.587e-10,7.686e-13,12600000000.0,0.0968,0xaa...e5d0,https://bscscan.com/tx/0x8bb566ebf6ff8dc72fb8806fc933d3dc94f156812625640714c79cef1d88fcdd
2023-03-20 17:56:25,False,2.59e-10,7.686e-13,7673825192.0,0.0589,0x18...902a,https://bscscan.com/tx/0x31ace7e4463824cb7ebae6eff40313aa2ef0451e8f28e255dec364e1756343b0
2023-03-20 17:56:13,True,2.591e-10,7.724e-13,194183518.0,0.0015,0x4d...7194,https://bscscan.com/tx/0xdc1dec271876b038a33d9d4a69e2cfa186cbaa03588891dc64479001a05d21aa
2023-03-20 17:56:04,False,2.591e-10,7.686e-13,7806357194.0,0.06,0x2d...5130,https://bscscan.com/tx/0x80a618b3bc7b40dae0d98324759d937aaec1edf3b67f11ca43fee8a4ce35b3bd
2023-03-20 17:55:55,True,2.604e-10,7.724e-13,5178215052.0,0.04,0xfb...42f1,https://bscscan.com/tx/0x24b874ae8a05f4b661f4ae69f2ea42cb1954fb66c1db9596cd1640943cef6250
2023-03-20 17:53:52,False,2.577e-10,7.686e-13,68113864338.0,0.5235,0xb7...b273,https://bscscan.com/tx/0xe785e78ede23b0822a0148e40cf2414dfc7b24d03e950fbb1278f7ac6e384578
2023-03-20 17:52:31,False,2.578e-10,7.686e-13,310656228492.0,2.38797,0xb7...3702,https://bscscan.com/tx/0x8ec1172bc3b34d2769d684e6d419f9f0345204f3dbb9cfe9cec4824dcc5e7c47
2023-03-20 17:52:04,True,2.603e-10,7.725e-13,25886776062.0,0.2,0x55...73cc,https://bscscan.com/tx/0x6a0cfc9c1fb4695146e703a3044ff552aab955b42044c2af8e875073a755c6d8
2023-03-20 17:50:40,True,2.59e-10,7.725e-13,4024568922.0,0.031,0x19...0432,https://bscscan.com/tx/0xaddb22f11a8e00b4c43ac22a426a3920134338bd0fa92e8330855ee970e8d9ec
2023-03-20 17:50:34,True,2.603e-10,7.725e-13,27769407305.0,0.2145,0x92...45ba,https://bscscan.com/tx/0xcbd961978d95af264b19d1f706359a18aeb9e659aceafc2cc1adb8ed5d9cf95f
2023-03-20 17:49:10,False,2.576e-10,7.687e-13,45000000000.0,0.3459,0x1f...7611,https://bscscan.com/tx/0x6c4a2339b035aed8bcfb24f07ded3cbdb42bcd6bf75c3bf9b18aaad2222b9bd9
2023-03-20 17:47:22,True,2.594e-10,7.725e-13,38217300000.0,0.2952,0x0c...dd0d,https://bscscan.com/tx/0x3239dab39425f764af1056a9935464bb58dc8b80d9820472960674ad75ce32d8
