datetime,buy_order,price_USD,price_native,amount_token,total_native,maker,etherscan_url
2023-03-30 20:55:45,True,2.478e-10,7.906e-13,12188658537.0,0.0963,0x13...7226,https://bscscan.com/tx/0x97052bf7c53e26824d4bd6f07031af0a6cfd914813afc33e9066454506e08c74
2023-03-30 20:55:36,True,2.478e-10,7.906e-13,191865517549.0,1.51699,0x60...b8fa,https://bscscan.com/tx/0x5b96368157a50a2da1f8740dfbbeab88f58e926681e79889b57093c28b981ff1
2023-03-30 20:55:30,True,2.478e-10,7.906e-13,11811142772.0,0.0933,0xb8...fcf4,https://bscscan.com/tx/0x70b80958a81c90be7db91e96375a230a6de6e5615bd973be75fa65a3053344d6
2023-03-30 20:55:09,False,2.466e-10,7.866e-13,106588574663.0,0.8385,0x7f...9835,https://bscscan.com/tx/0x804c705d217f0337635029b4e1ee9b5610fb97d2212119a66abeaa9e2699d3d3
2023-03-30 20:54:54,True,2.491e-10,7.906e-13,4022114541.0,0.0318,0x9b...1194,https://bscscan.com/tx/0x0df4effbd56c6fe4b106276c87fb557741e802c265d57f9ac83f2359fcb08d82
2023-03-30 20:54:24,True,2.478e-10,7.906e-13,7387080017.0,0.0584,0x88...28d9,https://bscscan.com/tx/0xd3b8da4e192ccfe6676cd0326b7d9459efbd4ca8131b4be5e4b6c47733475955
2023-03-30 20:54:18,True,2.478e-10,7.906e-13,60450230611.0,0.4779,0xb8...fcf4,https://bscscan.com/tx/0x3ce09c112eb9626f6aab129ea4e109710ad853e6411e39772600696251ece2ea
2023-03-30 20:53:45,True,2.491e-10,7.906e-13,25519432987.0,0.2017,0x15...4042,https://bscscan.com/tx/0xbb180c7f607bf86adcba4d26e7bc8714c6e766c05712a3ea512346ab02a28e6c
2023-03-30 20:53:30,True,2.491e-10,7.906e-13,40475117017.0,0.32,0xe1...f6e6,https://bscscan.com/tx/0xec6f8c841a6789e5d1cfe72487c928e5477bf25569a1de2d3e7de005471ead6a
2023-03-30 20:52:57,True,2.491e-10,7.906e-13,1264859362.0,0.01,0x3c...5338,https://bscscan.com/tx/0xf7a851739e375d0ee2af544ecef083db3fc50a147d3f92a012221ed43413b07b
2023-03-30 20:52:48,True,2.491e-10,7.905e-13,20240900000.0,0.16,0xd1...e91a,https://bscscan.com/tx/0x85724480441bae4390a0f6b79977a4ff3d962fa27a36b04942d59c883fbab38b
2023-03-30 20:52:48,True,2.491e-10,7.905e-13,46061514883.0,0.3641,0x10...2c33,https://bscscan.com/tx/0x1b2127a1bf785003adc8b406f0f3fd4f7ef2ea06016b049747ddb662e7e2ccc4
2023-03-30 20:52:42,True,2.479e-10,7.905e-13,31552612141.0,0.2494,0x88...28d9,https://bscscan.com/tx/0x534cbbd33968873f56813ba33036cdc99815189ce54e955f78b34518161d8306
2023-03-30 20:52:27,True,2.478e-10,7.905e-13,263649626972.0,2.0842,0x05...62cd,https://bscscan.com/tx/0x10167085bf97c2b1bdc435bba148df8860a28d11e03efbd432b2d61fd2c56fc8
2023-03-30 20:51:51,True,2.491e-10,7.904e-13,7000000000.0,0.0553,0x6d...fc79,https://bscscan.com/tx/0x07a44cff1ad1ae9e5691f919f1d80d338f8ce61c204b2e0b06be6beadc531f11
2023-03-30 20:51:42,True,2.491e-10,7.904e-13,47770988621.0,0.3776,0x43...392c,https://bscscan.com/tx/0x8960eff5f216c5d235dbe483074201760b217af711210505c2ed75c6e35aa19f
2023-03-30 20:50:24,False,2.466e-10,7.865e-13,29331130225.0,0.2306,0xa8...1953,https://bscscan.com/tx/0xe710661078a65e85caebe1940c5d79742db4e5e9c3f1bb13936a4d7cbfdf8568
2023-03-30 20:50:12,True,2.478e-10,7.904e-13,9162373268.0,0.0724,0x6f...9b9d,https://bscscan.com/tx/0xc67fb616f4c2a5ab161a16a808484b1b031c99b87fb438f974328138a534d097
2023-03-30 20:49:24,True,2.478e-10,7.904e-13,39321685763.0,0.3108,0x60...b8fa,https://bscscan.com/tx/0xd807676881fbda5d5aac471e2c71012390b474b811109efa3ec1bea0e6f8f082
2023-03-30 20:48:30,True,2.478e-10,7.903e-13,264065100516.0,2.08717,0x05...62cd,https://bscscan.com/tx/0x87130151eb716859736e756ca1c48e38f2382fffb344c6470f9580fc3dfe60d3
2023-03-30 20:48:15,True,2.49e-10,7.903e-13,8732182715.0,0.069,0x42...9896,https://bscscan.com/tx/0x362d1fb827f82ecfeb69f17b5483cad88d255360a4f0b7dc085e7a8f628eee94
2023-03-30 20:47:54,True,2.478e-10,7.903e-13,961521703.0,0.0076,0x1e...e19e,https://bscscan.com/tx/0xeace760351df1e4dbba17358997d61b4fb86469df82fe2623a85feab31e3630d
2023-03-30 20:47:48,True,2.478e-10,7.903e-13,5951811639.0,0.047,0x28...0596,https://bscscan.com/tx/0x82b197cf82e881e77636d3ec3c47105cad9a037a9554278d65ce0af1f24d5dda
2023-03-30 20:47:45,True,2.478e-10,7.903e-13,5693722145.0,0.045,0xfb...faff,https://bscscan.com/tx/0xfd11fd16e6713726f7d49049752683f016804f69748b97c33e0dc68f9d836911
2023-03-30 20:47:15,True,2.49e-10,7.903e-13,40159866641.0,0.3174,0xbd...fac3,https://bscscan.com/tx/0x669d66de2a03f82e0f01934833ec77f36b27acc3907813e80e2db08ee08c5068
2023-03-30 20:46:57,True,2.477e-10,7.903e-13,13460000000.0,0.1063,0x1f...2ec2,https://bscscan.com/tx/0x275feb1037c3a5c51adea95a8c3e3eae1820c43d1272f98f0e6f2d8e2feb9456
2023-03-30 20:46:33,True,2.489e-10,7.899e-13,1914802287655.0,15.1266,0x99...bece,https://bscscan.com/tx/0x523d975ced20236b2b009abd0b9e4c19cfaebc71efd0ed8383933224ef238a0b
2023-03-30 20:46:06,True,2.475e-10,7.896e-13,10123129770.0,0.0799,0xe8...cdb6,https://bscscan.com/tx/0x07d3756ccbebd75af0a22dee968dc01899df08e8db38dce96bfc12e2d37a1131
2023-03-30 20:45:24,True,2.475e-10,7.896e-13,54633951774.0,0.4314,0x69...c479,https://bscscan.com/tx/0x780c3096de3b545ab90087b47b7999533975e86cb95079a9efbf77577e1c8539
2023-03-30 20:45:18,True,2.475e-10,7.896e-13,4256536866.0,0.0336,0x32...15ec,https://bscscan.com/tx/0x824970548092c3417bc176b73f09d0dd0b9db33a42fb5bfcb8d9c966cd455a48
2023-03-30 20:45:06,True,2.487e-10,7.896e-13,1899664131.0,0.015,0xf2...ea33,https://bscscan.com/tx/0xe83e45d5a00488b11ed64e126517dbacb015753ffa9d08eb91b996fde6dd2e33
2023-03-30 20:45:03,True,2.487e-10,7.896e-13,44026553407.0,0.3476,0xf3...ec49,https://bscscan.com/tx/0x86fef4c6ac25c4d6a8c4b3a0c3efdd74e4e993714878f3c87ae7c1f8e253da2c
2023-03-30 20:44:48,True,2.487e-10,7.895e-13,11113501389.0,0.0877,0xb5...0cf0,https://bscscan.com/tx/0xa27240eee7e86f98351e05c7a43f95ad8fdfc2f21c7ff303bf46c33a2a4f070f
2023-03-30 20:43:57,True,2.475e-10,7.895e-13,20099187731.0,0.1587,0xc5...1313,https://bscscan.com/tx/0x36551da28fd4f342b7979fd750c652a141d129d1c94a06de88d5381f389754ca
2023-03-30 20:43:45,True,2.487e-10,7.895e-13,49484064728.0,0.3907,0x4d...7939,https://bscscan.com/tx/0x35fbeb19b27391634bb2ad4159f5c295f796981e2635e0df0678b6cfa3b57082
2023-03-30 20:43:30,False,2.462e-10,7.856e-13,1260000000.0,0.0099,0x85...62c5,https://bscscan.com/tx/0x7761578e7c3cfe4c7c868a2899c4105209ddcd0a8fe4474de50890ca33ea452b
2023-03-30 20:43:15,True,2.475e-10,7.895e-13,86140918189.0,0.6801,0x69...c479,https://bscscan.com/tx/0xf35f9cd166f6d6a65eecea0c103385b4f42c4b5f6cb8df5d7fe4c66cbe8e33ca
2023-03-30 20:42:57,False,2.462e-10,7.856e-13,67500000000.0,0.5302,0xf6...9308,https://bscscan.com/tx/0xa7a71abf0506c7ef97e65d638b8a526a67e8a3427be34047fefcc68eef3c822a
2023-03-30 20:41:42,True,2.487e-10,7.895e-13,7599160000.0,0.06,0x79...7cd0,https://bscscan.com/tx/0xeb3343f816e2dc56230920fbf88a21df69d5a93c979ca22abd00f619a1873cf7
2023-03-30 20:41:09,True,2.474e-10,7.895e-13,5072855792.0,0.04,0xbd...acaa,https://bscscan.com/tx/0x1638f0960818a7ad1507378a4d05ea527dd38254a1706c505f7f6b60cc4fb72c
2023-03-30 20:40:15,True,2.474e-10,7.895e-13,4035210000.0,0.0318,0xd1...e91a,https://bscscan.com/tx/0x46e15980757a833e5672383e7e906df7d20d2d1fd088301813462d7f6d6a0202
2023-03-30 20:39:54,True,2.487e-10,7.895e-13,20000000000.0,0.1579,0xd6...b9b8,https://bscscan.com/tx/0x634e342e2acadf72521612993aff3c6f0e45bd313548a5807cba2fd7d57b6534
2023-03-30 20:37:45,True,2.474e-10,7.895e-13,35010125795.0,0.2764,0x3b...3ab1,https://bscscan.com/tx/0xa23ae628916034edbceb706b2c9065138594f255d7f30f6f827fae5df9a42310
2023-03-30 20:37:30,True,2.474e-10,7.895e-13,22162538383.0,0.1749,0x64...b29a,https://bscscan.com/tx/0x3a7f3844069d671062f8bf11a8bea7af92e10c0cb3348e291308ea48e5d5ece6
2023-03-30 20:37:18,True,2.474e-10,7.895e-13,40212724760.0,0.3174,0xbb...5582,https://bscscan.com/tx/0xb8ea3e9e8c670775cd441238b199c526eea3c66797659821ee413dab67533dcf
2023-03-30 20:36:30,True,2.486e-10,7.895e-13,10422041416.0,0.0822,0xf8...712e,https://bscscan.com/tx/0x90f43057d76b59c23f8667cdbdc34bb8337107fc92f9a2df85137dd8d06ec14b
2023-03-30 20:36:24,True,2.474e-10,7.895e-13,8089985097.0,0.0638,0xa3...9d39,https://bscscan.com/tx/0x15367f786ee1dfd53b12b603d64425a84fc8eb85a0662a2af46212f27344e743
2023-03-30 20:35:54,True,2.486e-10,7.894e-13,408224359377.0,3.22266,0x3f...3e5a,https://bscscan.com/tx/0x64ea0cf82327a4f0daa262c484e35c4ecefa30e3a4812b8567b1f80630f4053a
2023-03-30 20:34:45,False,2.474e-10,7.854e-13,2200580517.0,0.0172,0x7e...f2b6,https://bscscan.com/tx/0x89f262be761b78d1b984797d10707733d9edb8a238d49e2e125dd42448670c1a
2023-03-30 20:34:33,True,2.486e-10,7.893e-13,74753179411.0,0.59,0x04...dddb,https://bscscan.com/tx/0x3c4b90ca21bcd60599911dff03d1ba7043f74f083c88d5089bdf40993b5c52d2
2023-03-30 20:34:18,True,2.485e-10,7.893e-13,16505730283.0,0.1302,0x4d...7939,https://bscscan.com/tx/0x8000f047e39c286b8209e536d8eacc99961cf9c34e58e39de0d30909fa8e8e9e
2023-03-30 20:33:24,True,2.485e-10,7.893e-13,100149604632.0,0.7904,0x64...b29a,https://bscscan.com/tx/0x818c92721dc7a0e7eba52e93d1bd4f5939ec5ca66d9e135544b22810d83f11e1
2023-03-30 20:33:24,True,2.485e-10,7.892e-13,8108770000.0,0.064,0x9f...c1f5,https://bscscan.com/tx/0x7d93a6bebf981443f2b93d256898072d7b08c098520b3e634835ce3e00e38598
2023-03-30 20:33:21,True,2.485e-10,7.892e-13,20200000001.0,0.1594,0x04...44a9,https://bscscan.com/tx/0x8db8b1e0d018495973010c5e16ed21b1287657cb08f3db91f4ff96824923d271
2023-03-30 20:33:06,True,2.485e-10,7.892e-13,47540029050.0,0.3752,0x5e...7bd1,https://bscscan.com/tx/0xdae58ecbbd55c92791681e1d199a237045f7d701a62ddb1cf4f51d531823d708
2023-03-30 20:31:54,True,2.485e-10,7.892e-13,230000000000.0,1.81522,0xf6...125b,https://bscscan.com/tx/0xe569d1055d75b2e472c39dcdef56d4d5cd89a5a65e3171aaeb3f3f912e0431cc
2023-03-30 20:31:42,True,2.485e-10,7.891e-13,5068500000.0,0.04,0x41...3249,https://bscscan.com/tx/0xc10cce218cd34130f44ffe1618f10292d24202badfd947fa1c493a088b83f4b8
2023-03-30 20:31:30,True,2.485e-10,7.891e-13,2384354734.0,0.0188,0x37...8cd4,https://bscscan.com/tx/0xebc0a850b8d5d0b745f654ad2adb7af485736dea044820002eb1240c3441bcfc
2023-03-30 20:31:27,True,2.485e-10,7.891e-13,10361857143.0,0.0817,0xe0...84cb,https://bscscan.com/tx/0x59f8a568336b0e3bdfead7331632fd85611ab12c97d46077483a2a8ba271fd3d
2023-03-30 20:30:51,True,2.472e-10,7.891e-13,17860387707.0,0.1409,0x3b...1306,https://bscscan.com/tx/0x464bfe436ea68fa3b0ba7ea9de88f6823e1e86f6d9b987002d5e2d2c105b254a
2023-03-30 20:30:12,True,2.472e-10,7.891e-13,19489443789.0,0.1538,0xa7...be43,https://bscscan.com/tx/0x9d081cd138ec71cef66f5c821ee12cc22adc1c9b4f7bc80b7c1183db2e4c8244
2023-03-30 20:30:09,True,2.472e-10,7.891e-13,8344587380.0,0.0658,0x3b...b4de,https://bscscan.com/tx/0xeb103e443f95b638f5ac4760512dd437c042d4bb96fe4dce6fd8095fcd1c0bcf
2023-03-30 20:28:39,True,2.483e-10,7.891e-13,23000000000.0,0.1815,0xae...025b,https://bscscan.com/tx/0x15bbd3e2506a990a86d298fc9f4417c5fbf412c82fbe6a911f87e3ab1ea7d0c4
2023-03-30 20:28:15,True,2.483e-10,7.891e-13,4414117309.0,0.0348,0x4c...fad7,https://bscscan.com/tx/0x5f8157147ef3e42356d9edf98419e6921ee605635b7f1f2bb517baa5f94d926c
2023-03-30 20:28:09,True,2.483e-10,7.891e-13,9918988000.0,0.0782,0x51...4050,https://bscscan.com/tx/0x03c43d9901aa50a629af30ffbeb59068afdb2b9a8abd73552829d97e2c072235
2023-03-30 20:26:45,True,2.483e-10,7.891e-13,22150400000.0,0.1748,0x5f...e460,https://bscscan.com/tx/0xe32927f15b6f14bc41db6f163ccfaef3c4d41adbe9a9def92108eb2b4ebcdea3
2023-03-30 20:26:36,True,2.47e-10,7.891e-13,20135516649.0,0.1589,0x93...e6bd,https://bscscan.com/tx/0x4dbc97fa1c41c5992d7d8a79d83a98c819522c83d209a32b40db916c37c356df
2023-03-30 20:26:30,True,2.47e-10,7.891e-13,146511487006.0,1.15613,0xe1...1f59,https://bscscan.com/tx/0x16fffc5d9cf25e302653199dddfc2648fd716239a538cc22a8cf13c1d36a5714
2023-03-30 20:26:21,True,2.47e-10,7.89e-13,20000000000.0,0.1578,0xd8...df4f,https://bscscan.com/tx/0x7b6a850f8cac1b1db257b170bffbe7bfa4f41568d8cb7b1531c9ad19eff7f055
2023-03-30 20:24:51,True,2.47e-10,7.89e-13,10000000000.0,0.0789,0x66...d1a4,https://bscscan.com/tx/0x0db74dd8fc5286173a40a81370c4e8f5a0416344187ee70103a2012e1f72bd58
2023-03-30 20:22:45,False,2.47e-10,7.851e-13,43958385242.0,0.3451,0x2a...c8fd,https://bscscan.com/tx/0xf2357b79922fe6cd5bd52892c7eadc8a9cda4eb8faae4b21f8f281a4a01aba13
2023-03-30 20:22:39,True,2.483e-10,7.89e-13,250000000.0,0.0019,0x0b...8492,https://bscscan.com/tx/0x32313633cd6a1ebc23a644f140218e0a5f192ab3c7a905b205072aa976405466
2023-03-30 20:22:39,True,2.413e-10,7.669e-13,127170557153654.0,975.355,0xb9...f731,https://bscscan.com/tx/0x22908c66b2c456c7afdde81f7110e4dbf524534f2081f94964ef3a0c08552ca4
2023-03-30 20:21:51,True,2.334e-10,7.455e-13,4692477259.0,0.0349,0x71...3e87,https://bscscan.com/tx/0xa632d9fb8cb90d83367bdec594e12e23a5933fa1fbdbf2a50d485d8f67572da1
2023-03-30 20:21:42,True,2.334e-10,7.455e-13,17161524131.0,0.1279,0x21...9191,https://bscscan.com/tx/0x56a6694faca1ddd755aa93bd29252129fdcd6ef6beebf22e0a292c595ba450e1
2023-03-30 20:21:09,True,2.346e-10,7.455e-13,31438792299.0,0.2343,0x4a...7af9,https://bscscan.com/tx/0x3e09be05aade0796adc63b936ee4d30fc3f0ef670afb93d88d63d37c872f11b0
2023-03-30 20:21:00,True,2.346e-10,7.455e-13,7330144466.0,0.0546,0x3b...1306,https://bscscan.com/tx/0x8d37361dbb3da4839541a480de3c3caa87f9e5f2117f26f7e3e7aedf2a211027
2023-03-30 20:20:39,True,2.346e-10,7.454e-13,117352023633.0,0.8748,0x63...33f6,https://bscscan.com/tx/0x0d2565aa02070626b018d4b96e1d02e6568c455be34c4e860998962f4a280979
2023-03-30 20:19:57,True,2.334e-10,7.454e-13,1913537988.0,0.0142,0x17...bc80,https://bscscan.com/tx/0x6f9c30f4463d168c3e442ed7a1fb2f049afc1be35082aef5b7f93afa3cf864ea
2023-03-30 20:19:33,True,2.334e-10,7.454e-13,3838370076.0,0.0286,0xe6...f703,https://bscscan.com/tx/0x8f7f142042a699186ad2077424bfdbd3f1dd10eb8ebfe110dd5fef6ecc3c8eb2
2023-03-30 20:18:51,True,2.345e-10,7.454e-13,3241873805.0,0.0241,0x15...4042,https://bscscan.com/tx/0x6a9847531aa797a05c57e9e07bec1ae9817782f714a9d06425e4a517546a7f91
2023-03-30 20:18:42,True,2.345e-10,7.454e-13,10423148194.0,0.0777,0x68...f14f,https://bscscan.com/tx/0xa423f00a0032d0e19290e50ed46fbfa9fb1173c564a6f29c91e51ebe32b8346d
2023-03-30 20:18:18,True,2.334e-10,7.454e-13,13414700000.0,0.1,0xa7...b957,https://bscscan.com/tx/0x18a699657ea2cd46d0fa16ae78ce1f00757731fc1257cb4068e3091e288d05da
2023-03-30 20:18:12,True,2.334e-10,7.454e-13,4588436724.0,0.0342,0xb1...4cec,https://bscscan.com/tx/0xf648e81d1ab7693dc22ad361ae2a6c3932c27e1fb8e881c9eade691c9308151d
2023-03-30 20:17:45,True,2.333e-10,7.454e-13,3234506592.0,0.0241,0x82...2685,https://bscscan.com/tx/0xc48ff15dc83ce49c277d92c8db91602c28311321e9f0fde36405b9c86bdfdc26
2023-03-30 20:17:33,True,2.333e-10,7.454e-13,11268427505.0,0.084,0x82...7d83,https://bscscan.com/tx/0x58fe120e25eabfd2155296bc535655bd3ead06143a37c2f476ddbdd514a67b68
2023-03-30 20:16:54,True,2.333e-10,7.454e-13,21608734361.0,0.161,0x56...f3d8,https://bscscan.com/tx/0x3903c1331cc488144b06f73f922d7e9029d21903d5e72f2ee65e1b75e130e0c8
2023-03-30 20:16:45,True,2.333e-10,7.454e-13,2000000000.0,0.0149,0x99...fce9,https://bscscan.com/tx/0xde9d7d1ce2e48c5c0331045bebaf5b83447c4b67ca69084b2aa8dbe35b816b88
2023-03-30 20:16:00,True,2.334e-10,7.454e-13,5900249904.0,0.0439,0x17...bc80,https://bscscan.com/tx/0x6e24dcbfcb497fabb2e11b10685ab9b21faf16ac8fd4ebeeb8a753bd8c59a4d6
2023-03-30 20:15:57,True,2.334e-10,7.454e-13,16077070060.0,0.1198,0xd0...2acf,https://bscscan.com/tx/0x025d0cc62f6ddcd5ae47728823803e5fb17d57850e0818f29a6af5342f8204a0
2023-03-30 20:15:45,False,2.322e-10,7.417e-13,4627272771.0,0.0343,0xb6...ff1b,https://bscscan.com/tx/0xc5f8a28852446777ebd0de50beac407e3fcc596c0e3993b19f444dab14a97231
2023-03-30 20:14:48,True,2.334e-10,7.454e-13,20809419720.0,0.1551,0x90...8661,https://bscscan.com/tx/0xff12885d3ea6026077f2d71a44035b8cb8ecf87a59f81f9a23893f2d6ec9e86b
2023-03-30 20:14:48,True,2.334e-10,7.454e-13,85693301234.0,0.6387,0x16...54b5,https://bscscan.com/tx/0xef95c3e2b6e3ff5193f8a104b70701632c374faae21a3f4f4176aa47afe851eb
2023-03-30 20:13:18,True,2.334e-10,7.453e-13,5151492602.0,0.0384,0x15...fdef,https://bscscan.com/tx/0xf543ba04c35428ecd2a0d3b569da561771a65214aa2d3f99e493914704ca888b
2023-03-30 20:12:15,True,2.346e-10,7.453e-13,38905948915.0,0.29,0xa9...4c48,https://bscscan.com/tx/0x0625078b11f275e7a4cfe13f7da64e595443a541b89695f3c733ec9ceeb1a3b6
2023-03-30 20:10:45,True,2.334e-10,7.453e-13,2500000000.0,0.0186,0x8d...4ed6,https://bscscan.com/tx/0x03a875604796f8d06e55dfba0b0814f125528c4e83e2992d533b8849ba31914a
2023-03-30 20:10:24,True,2.334e-10,7.453e-13,73568049349.0,0.5483,0x5d...62b3,https://bscscan.com/tx/0xb69027cd68a725abe117f68bc9102419a6e5856dfe76fe1e4f02e132b63e2789
2023-03-30 20:10:09,True,2.334e-10,7.453e-13,3919548111.0,0.0292,0x5b...54b2,https://bscscan.com/tx/0x4e0824f6129bd6f086d485bb8f809efdeff669349b44b3e2a8b75cec71e1dc44
2023-03-30 20:09:36,True,2.345e-10,7.453e-13,12135078209.0,0.0904,0x7b...8439,https://bscscan.com/tx/0x6e3b6410da6e5b36bf1ab764d367bc1aea15e6fc4508e3f24534fbfdd3abeeee
2023-03-30 20:09:36,True,2.345e-10,7.453e-13,77945675609.0,0.5809,0x7c...3b5a,https://bscscan.com/tx/0xf9422dfe76c992df9a188d780fd809ecd672d26c8e504f98067f91b54ae292d6
2023-03-30 20:09:30,True,2.345e-10,7.453e-13,120750000.0,8.999e-05,0xe6...3e4a,https://bscscan.com/tx/0x9a6251134959bd0b2cbc8b8a1b40f248fa1c2c9597c4f87a4b77f974225aa312
2023-03-30 20:08:45,True,2.334e-10,7.453e-13,26623455833.0,0.1984,0x7c...5f2b,https://bscscan.com/tx/0xbcae26f59a0a9d2413644e7da844da1df56bb9d5da41347c15e2b564988bc4ac
2023-03-30 20:08:39,True,2.345e-10,7.453e-13,659721517.0,0.0049,0x49...8614,https://bscscan.com/tx/0xee5f88f040dadcb62bbc26e3906a7d7d1caea092ece3e510d8a0ef98e59dcba8
2023-03-30 20:07:51,True,2.334e-10,7.453e-13,15586985922.0,0.1161,0xb6...0ff9,https://bscscan.com/tx/0x323c8b94d204535b0dc27449735c5d3e9b8e8e10f25aeaf4cb074e111fa2d360
2023-03-30 20:07:42,True,2.334e-10,7.453e-13,13417123275.0,0.1,0x44...e373,https://bscscan.com/tx/0x748d5671c7f8b11589380609a7d7121f86ed73e2125b474ac7394707df33d971
2023-03-30 20:07:33,True,2.334e-10,7.452e-13,441674008571.0,3.29151,0x5d...62b3,https://bscscan.com/tx/0xb01d4b6b8e2a403c29af4c379f86bb7c966196dfbc9b3fb54a41291f8d62044c
2023-03-30 20:07:33,True,2.333e-10,7.451e-13,8051958018.0,0.06,0x0b...4008,https://bscscan.com/tx/0x9f025610ce7187f71cc4a99e6973bfcac90b51a2ba2f4fe31028b116d28957ee
2023-03-30 20:06:48,True,2.345e-10,7.451e-13,25005500743.0,0.1863,0x7c...3b5a,https://bscscan.com/tx/0xe369dfad687d18c3ffbc56ff271d8bf8f116b615c1f3a93caae1ef6f45d57034
2023-03-30 20:06:42,True,2.345e-10,7.451e-13,41209649321.0,0.307,0x08...fa46,https://bscscan.com/tx/0x1882df0e07e0cc6f7739fec768eb1c95f3392d785e30ada139320f0df8bfb940
2023-03-30 20:06:12,False,2.322e-10,7.414e-13,4740904793.0,0.0351,0x98...fc05,https://bscscan.com/tx/0x85eedf03b0ccd72d388a700fccc683abf1b5be5cbdb0d60490bdbb562d7445af
2023-03-30 20:05:57,True,2.333e-10,7.451e-13,2549000000.0,0.0189,0xab...8fdc,https://bscscan.com/tx/0x0366f05ff711dee5d818dc1dc4c31c046bfa0f06beed519c6b140425e07f52a0
2023-03-30 20:05:39,False,2.322e-10,7.414e-13,19350000000.0,0.1434,0x1a...6c14,https://bscscan.com/tx/0xf87ffed56fdc4c9e23372bd8d7276b93dc24604567c79ff3307817c2cda2bc82
2023-03-30 20:05:15,True,2.345e-10,7.451e-13,1342200001.0,0.01,0xb6...089b,https://bscscan.com/tx/0x1b4dfc87c1467c36d449436c45668a00d4788ddf0ccf70986feead0f90a0df31
2023-03-30 20:05:03,False,2.322e-10,7.414e-13,7147109619.0,0.0529,0x3d...eb21,https://bscscan.com/tx/0x8100a5dfd24cfc506f2c01dcc04a3b6d4c41852b98fbef78f3d57fbc164f26e0
2023-03-30 20:05:00,True,2.333e-10,7.451e-13,260435062960.0,1.94051,0x32...4595,https://bscscan.com/tx/0xd8a725d0e88aeedce679de8784a5b680880c979c9a4aa1aaf960bef2e1a342d2
2023-03-30 20:04:39,True,2.345e-10,7.45e-13,3628648843.0,0.027,0x77...96c0,https://bscscan.com/tx/0xfdec8cfe5183faf5151ab92c9e72346dd3121670dd376ed7092a80f8bb52dcc7
2023-03-30 20:04:18,True,2.333e-10,7.45e-13,44179176809.0,0.3291,0xed...d1be,https://bscscan.com/tx/0x08591fb8729106d30ccdb193692283f1e86daf8a09804c78713eef6b939dac2b
2023-03-30 20:03:09,True,2.345e-10,7.45e-13,51000000000.0,0.3799,0x1b...ef60,https://bscscan.com/tx/0x15d09558746039487b6c7affaf627468e279071a9e16f0ec40e784af541e337c
2023-03-30 20:02:36,True,2.345e-10,7.45e-13,100669530561.0,0.75,0x39...2d0e,https://bscscan.com/tx/0x3f52ad15fa7e09dd477ee9adcdd9d6b31d182a6eab207e03f0a1d4b2eec0bfb2
2023-03-30 20:02:24,True,2.333e-10,7.449e-13,10671626773.0,0.0795,0xe6...f703,https://bscscan.com/tx/0x409e2e4567587bc89919eb1c1d35c67a8de894acf28bda85d904fdfc72c8455f
2023-03-30 20:02:15,True,2.333e-10,7.449e-13,33597800001.0,0.2503,0xec...7f00,https://bscscan.com/tx/0x26757e449c40eed7b497ce1b7a4e9417c5047689edc7c693d4506cd87926c40a
2023-03-30 20:02:06,True,2.344e-10,7.449e-13,227807249555.0,1.69704,0x3a...5a06,https://bscscan.com/tx/0xa2cb5025807a2c41070b12b43d362be3b5ac825374da308139d4c1c4a9b10029
2023-03-30 20:00:57,False,2.333e-10,7.411e-13,4580967524.0,0.0339,0x84...0aef,https://bscscan.com/tx/0x2c82963f926fe87e3dffcda770dc3952dc0e5e958b859d97676a96ea88eb6d19
2023-03-30 20:00:36,True,2.344e-10,7.449e-13,25000000000.0,0.1862,0x84...601b,https://bscscan.com/tx/0x65a6ffe81c7ef976e0d1ac0f26629920040b3d251196515b2d8eafa4803e3f96
2023-03-30 20:00:30,True,2.344e-10,7.448e-13,27148357798.0,0.2022,0xb9...7bf5,https://bscscan.com/tx/0xbb79dae49d70c5957efd593dbc5381053b6ede7b22295ae5d2e951949f38b33d
2023-03-30 20:00:27,True,2.344e-10,7.448e-13,17000000000.0,0.1266,0xa9...4328,https://bscscan.com/tx/0x3bb717770d2ec665a94fc42ff3d97793be6154dace04157a5d87a85800377941
2023-03-30 20:00:03,True,2.344e-10,7.448e-13,33000000000.0,0.2458,0xf2...4460,https://bscscan.com/tx/0x3f3165b8d63ceca212ba42383fd27315773653b84c51b07af20fcd0d7c0889a4
2023-03-30 19:58:57,True,2.344e-10,7.448e-13,15809951698.0,0.1177,0xdb...a1d3,https://bscscan.com/tx/0x92001228e0a4ea760dac17d21ed8339614ec2387caf80cb97d75f307b652b76c
2023-03-30 19:58:36,True,2.344e-10,7.446e-13,1041720028639.0,7.75767,0xea...6c82,https://bscscan.com/tx/0xa3b94f773ef7ab71589ed58fc6fe5d4d07a1d9e50d18a2372b955e7f03f67b34
2023-03-30 19:58:18,True,2.343e-10,7.445e-13,10281879127.0,0.0765,0x11...d43f,https://bscscan.com/tx/0x0ef8f8114319dbc48410d215de21834ecea86cf0e8502bad5414cb77b3ea64dc
2023-03-30 19:57:03,True,2.343e-10,7.445e-13,6347469731.0,0.0472,0x75...9e21,https://bscscan.com/tx/0x0ffd936fe8d8c8c28ace12c84c0cf6b9465eddf1c4804963668dd70b7645a35e
2023-03-30 19:56:48,True,2.331e-10,7.445e-13,2821940086.0,0.021,0x78...83a2,https://bscscan.com/tx/0x961281a4d1e817463094748decaebc9d586b91ff54d7270d1b978122c3b64a4b
2023-03-30 19:56:42,True,2.331e-10,7.445e-13,41990753030.0,0.3126,0xc6...9868,https://bscscan.com/tx/0xa5957eb493d4f2dfc3c4bae38ff2004bc83f8362ecc83e9a3988b3431070c9f2
2023-03-30 19:55:51,True,2.344e-10,7.445e-13,13103197021.0,0.0975,0x1e...f0bd,https://bscscan.com/tx/0xdba7aff2496bfddc70585dd41f571817d8b07495b2cf0ce7558057e8b76cb957
2023-03-30 19:55:42,True,2.344e-10,7.445e-13,16125645365.0,0.12,0x93...4b59,https://bscscan.com/tx/0x29b5f999980baf8d533a8453723e7659212b5b48ff5d008fbc6d03d69384cd79
2023-03-30 19:55:03,False,2.32e-10,7.407e-13,27686880000.0,0.2051,0x6d...4933,https://bscscan.com/tx/0xe023ac7186054431b1291c80a5b39fcce55d0df12701b44dd166f35ff4c9784f
2023-03-30 19:55:00,True,2.332e-10,7.445e-13,32589835809.0,0.2426,0x61...8851,https://bscscan.com/tx/0xc4336aa48ccab2eff7e0b85b0ecda00e380ec447c1ccba3aef6c8a4a5a9adbb4
2023-03-30 19:54:54,True,2.332e-10,7.444e-13,16089696689.0,0.1197,0x90...8661,https://bscscan.com/tx/0x209740011a38fe4ebefd52a9331c4abd26680d405835f0d9537988b2859a8517
2023-03-30 19:54:48,True,2.332e-10,7.444e-13,4630280006.0,0.0344,0x1f...6db9,https://bscscan.com/tx/0x88fb3e5624857c476db86d5f32678c941ba4e027364afe5337ec82282e27e8e9
2023-03-30 19:54:24,True,2.343e-10,7.444e-13,4163930833.0,0.031,0xa1...5d97,https://bscscan.com/tx/0x9135c991e279b2f9ba2d64f710d388c61547152ee61e00ddaf6ce3abc4dd8378
2023-03-30 19:54:00,True,2.343e-10,7.444e-13,70519343465.0,0.525,0xa7...b4fa,https://bscscan.com/tx/0xd103c77b117811d796d703a3cb448546c8987be4680cd618663ca2977c5ab47d
2023-03-30 19:53:26,True,2.343e-10,7.444e-13,6716280001.0,0.05,0x8e...4a11,https://bscscan.com/tx/0x650e793169a48488d3ced65078abad42ee74a2fcef7daaabe09e263badfd4e7c
2023-03-30 19:52:59,True,2.332e-10,7.444e-13,13432543485.0,0.1,0x84...f5b9,https://bscscan.com/tx/0x61f529cf8157782c2d655df416a13d6bd59c1d5cc4beba89c1ae927ae8f2acde
2023-03-30 19:52:14,True,2.332e-10,7.444e-13,180000000000.0,1.33997,0xaf...3242,https://bscscan.com/tx/0x199db498f2049ec4fde8c1b05f48e0bc1748c1590db1303359be64a380d1266b
2023-03-30 19:52:02,True,2.332e-10,7.443e-13,23247820147.0,0.173,0xb7...4f03,https://bscscan.com/tx/0x38ab57696db725ba047c4f0a1da7f40c960d1f5912405d35cada7a08754724e5
2023-03-30 19:51:53,True,2.333e-10,7.443e-13,54083536949.0,0.4025,0xa1...5d97,https://bscscan.com/tx/0x0641b535ad4b4fb6f68c1a0d4e4ee2f24576e0f5c73d14571679dc6ab73d6146
2023-03-30 19:51:29,True,2.333e-10,7.443e-13,1652884354.0,0.0123,0x15...4042,https://bscscan.com/tx/0x223092dc376d4cc9e02e427fca2589cb5af380fcca3eecdbea97e6ef79051b83
2023-03-30 19:50:29,False,2.321e-10,7.406e-13,6220657089.0,0.046,0x81...c3ac,https://bscscan.com/tx/0xf8576d810f4beb9b62f267694dc07af4eea511aa75cea5353eee97881570fc88
2023-03-30 19:50:05,True,2.333e-10,7.443e-13,57784754788.0,0.4301,0x51...aeae,https://bscscan.com/tx/0xb10aa59e5b7c89bca163ad76dcb6f5ffc29ca0ae87ef2033ec93ef19dadded0e
2023-03-30 19:49:59,True,2.333e-10,7.443e-13,90000000000.0,0.6699,0xaf...3242,https://bscscan.com/tx/0xadb4ff5b07bca88a4e679fc8e6d4ad30f42f8b69ac177e6bf58773553e601ee4
2023-03-30 19:49:41,True,2.344e-10,7.443e-13,65000000000.0,0.4838,0x14...4449,https://bscscan.com/tx/0x15ca18e8f9d836d52f9ae0d7d9dba7ad029ec1ff55a34dbf9fc56d88d355bb9c
2023-03-30 19:49:23,True,2.333e-10,7.443e-13,34403132730.0,0.256,0x62...f4d3,https://bscscan.com/tx/0xaad06e5e20f588ff27853732b83bf656a6a6d7a2f5ecd47235fa55e1607dec1c
2023-03-30 19:48:53,False,2.333e-10,7.405e-13,5779232126.0,0.0428,0x58...9d4d,https://bscscan.com/tx/0x24a5c1f9191ed0f99184250f20b8b80f87a9eaff43f452621a7452e77cf4072a
2023-03-30 19:48:11,True,2.345e-10,7.442e-13,18850209259.0,0.1403,0x1b...6b90,https://bscscan.com/tx/0xf27bc1820369518881ac125048d409ebe17c9083922c733f5e11081dd5835d97
2023-03-30 19:47:05,True,2.344e-10,7.442e-13,2955837387.0,0.022,0x46...6cfd,https://bscscan.com/tx/0x52730d30ff1d6e4c01ce7468a066ae3bd3083f3b35592d0459212a9347802be2
2023-03-30 19:45:44,True,2.344e-10,7.442e-13,37303464777.0,0.2776,0x1e...d0d6,https://bscscan.com/tx/0x1de50e6e6cb36646729a4bc14ffff1ccdcd66d8bee54accc7b45e8f4385f08bb
2023-03-30 19:45:32,True,2.332e-10,7.405e-13,22888488672136.0,169.499,0xb9...f731,https://bscscan.com/tx/0x03a68cab78216eeae7b3061e4f048af8e0ae323312797a0b12bde40b9e5e0df1
2023-03-30 19:44:53,True,2.32e-10,7.368e-13,22724668284.0,0.1674,0x2b...2ee9,https://bscscan.com/tx/0x4a355c30b228047b7fe13bd99bf8c7889f5aad3108c22a6f4ac3524f78b4f495
2023-03-30 19:44:50,True,2.32e-10,7.368e-13,23774886425.0,0.1751,0x38...fa0d,https://bscscan.com/tx/0x66458b5f6072e0505c36631d81cb6da1a775cd0a0422558d10882b6764050f8d
2023-03-30 19:44:47,True,2.32e-10,7.368e-13,35930117014.0,0.2647,0x36...b11c,https://bscscan.com/tx/0x5fd68a71292e2e28949273cdddccc0bcc22bbb02dd579a0e27afcde393d2d1a2
2023-03-30 19:43:53,False,2.297e-10,7.331e-13,90000000000.0,0.6598,0xfa...147d,https://bscscan.com/tx/0xeb170c230d97127abe33a7a65b954bdacd91d2b03cb4d6ca09edd8ad272baf4c
2023-03-30 19:43:05,True,2.321e-10,7.368e-13,18000000000.0,0.1326,0x62...dde3,https://bscscan.com/tx/0x8dd5666cefd5f90254037b7024366cfdc8dd7be8966ec98a1fb3356a79ab262f
2023-03-30 19:42:32,True,2.321e-10,7.368e-13,28890774235.0,0.2128,0xec...a323,https://bscscan.com/tx/0x3cc2564373963f5fab4fdd4e62cbc7623f7847c0676d6410bbbe95f623f25e5f
2023-03-30 19:42:32,True,2.321e-10,7.368e-13,41823467593.0,0.3081,0xec...7f00,https://bscscan.com/tx/0xe5d979ee35abce78b55420e5fd82a523e27e8089509305f9674560f566c3f2ec
2023-03-30 19:42:05,True,2.309e-10,7.368e-13,14109092340.0,0.1039,0xec...a323,https://bscscan.com/tx/0x687097368a17d0c26b6d8b066e5bd44582ab395d9ea27107f97d9e524778e3b9
2023-03-30 19:41:14,True,2.31e-10,7.368e-13,28501508868.0,0.21,0xe4...2498,https://bscscan.com/tx/0x94297b6f0ed0fe871cd1d104bd2a139d5f5563385be174da3b672cf38aceceb8
2023-03-30 19:40:53,True,2.32e-10,7.367e-13,58909234980.0,0.434,0x78...1649,https://bscscan.com/tx/0x4b1a67e0dd45ea18973cb8628c701d5586ed6f78221ef49bc08c127ecaa568fb
2023-03-30 19:40:53,True,2.32e-10,7.367e-13,25000000000.0,0.1841,0x89...0478,https://bscscan.com/tx/0xead01775e0be3c0bf999662c156ff3b1fc91af9cc14d46e6d40a09f11d2b325a
2023-03-30 19:38:50,True,2.319e-10,7.367e-13,2857805955.0,0.021,0xca...540d,https://bscscan.com/tx/0x72b6951db8068ca6eaf1c96b10c40aa0ff39ce84900542615b65d99d6a720919
2023-03-30 19:38:23,True,2.319e-10,7.367e-13,47505109580.0,0.35,0x26...8e2b,https://bscscan.com/tx/0xdf7419b9e58d39d6b09ef4ad59af412f509bb342975295e824339d4c8b1950f7
2023-03-30 19:37:14,True,2.32e-10,7.367e-13,3936181921.0,0.029,0xa1...5d97,https://bscscan.com/tx/0xa50870e346ac6ea3e66bcb38f8e59faa2a95555b4b5e80fa3e0bb5e558c04e75
2023-03-30 19:36:23,True,2.307e-10,7.367e-13,20359670016.0,0.15,0xd0...4dbb,https://bscscan.com/tx/0xa0d7557f8bd3518f61c6f685c27cce27624057ecdeebfd5e35defa0e195da104
2023-03-30 19:35:38,True,2.319e-10,7.367e-13,19426400000.0,0.1431,0xcf...6bc1,https://bscscan.com/tx/0x2570b57ec3316ca5e4b466a77540b8cab6fce475fbc6022311659d2e9af17074
2023-03-30 19:35:35,False,2.307e-10,7.33e-13,4248268621.0,0.0311,0xc9...d4c1,https://bscscan.com/tx/0xf5a665abb3d4b46fa20393ebd209dd4d6cc133fd59da33b16388366ffff9d195
2023-03-30 19:35:23,True,2.319e-10,7.367e-13,1900831010.0,0.014,0xbe...1711,https://bscscan.com/tx/0x2cca69671aa468e24f309900190d7be062358d3778d7265453c922971d85d3c3
2023-03-30 19:35:14,True,2.319e-10,7.367e-13,11863073443.0,0.0874,0x50...03e6,https://bscscan.com/tx/0xa3434a256636b97708af3f137d9d46b64a9f9f2b446c6ec71db8458bee07433c
2023-03-30 19:34:20,False,2.296e-10,7.33e-13,2192045243.0,0.016,0x06...b2d3,https://bscscan.com/tx/0xada8de4d67697ce6b7f61f1b0e323b55827108901366ed2619a6e6a4f01825d6
2023-03-30 19:33:43,True,2.308e-10,7.367e-13,26930700546.0,0.1984,0xa5...dd21,https://bscscan.com/tx/0x508cd31d83de6b4118aaaa59129fccf33153cffd0e5010f9ea0607780e6a9346
2023-03-30 19:31:48,True,2.323e-10,7.367e-13,21752983414.0,0.1602,0xe4...2498,https://bscscan.com/tx/0xbbec1382df454ef23ec1c046366cf6260658b843e04b2f4ad918d46cb4173a85
2023-03-30 19:30:27,True,2.328e-10,7.367e-13,91799628135.0,0.6763,0xe2...1f2a,https://bscscan.com/tx/0xf01b094d088791b5d6c1a8dcdb40549611deb116efca29bc0ef131d1471215cf
2023-03-30 19:29:21,True,2.328e-10,7.366e-13,5600590000.0,0.0412,0x54...69ba,https://bscscan.com/tx/0xf45dcba9cd70ab81aa7e2d4940ac9c92d6c77d6dfb1b8ac6c81498a779b16395
2023-03-30 19:28:24,True,2.316e-10,7.366e-13,17911600000.0,0.1319,0xcf...6bc1,https://bscscan.com/tx/0xff4e71c6807b6e62e91b87337823dea5455b408b9d2d672c73664557849f48db
2023-03-30 19:27:03,True,2.328e-10,7.366e-13,44795700000.0,0.33,0xa1...1024,https://bscscan.com/tx/0xbb7437d19873ab1abda5e60dca23ede0022748d811ed3b1b6320a579e6c0796f
2023-03-30 19:26:36,True,2.316e-10,7.366e-13,5852919145.0,0.0431,0x98...fc05,https://bscscan.com/tx/0x011d4df0bde5f5f84870497d9f34af7f88b79891ab0f16dc87e61a974123eab4
2023-03-30 19:26:30,False,2.304e-10,7.329e-13,519310464.0,0.0038,0x45...1f9e,https://bscscan.com/tx/0x1e24c70e7c4e5180adccb4d3ef4b3557a7fa968691fd30100cab3890d73169e8
2023-03-30 19:26:30,True,2.316e-10,7.366e-13,15000000000.0,0.1105,0x40...a2f6,https://bscscan.com/tx/0xc0bbccea91a18db110e9b7b7a4829f5bdcfd8d4a5de8fd826061f3f1b0bbe4df
2023-03-30 19:26:09,True,2.316e-10,7.366e-13,7330346626.0,0.054,0x53...6d07,https://bscscan.com/tx/0x8d6a72437c845123e363f6bb3bb953a26baf4997903b199a085e68d1456063d4
2023-03-30 19:25:51,True,2.328e-10,7.366e-13,25239865287.0,0.1859,0xb3...1ae5,https://bscscan.com/tx/0x0598b04878a1e939dbcb09756065318dfcc36c0c617cfd2f870259a596731334
2023-03-30 19:25:45,True,2.328e-10,7.366e-13,8590561351.0,0.0632,0x15...cf81,https://bscscan.com/tx/0x0ab7c81dc01af872bb62eb50854941fb4cd6ec51ac04184cc90a78dd0b25a303
2023-03-30 19:25:45,True,2.328e-10,7.366e-13,3944274982.0,0.029,0x1a...726e,https://bscscan.com/tx/0x33416463bcf742b5a729fe921e6eae53c599b3148204419d1ef1f632a7375817
2023-03-30 19:24:45,True,2.328e-10,7.366e-13,5231364057.0,0.0385,0x36...93f8,https://bscscan.com/tx/0xf2b6e1a01a346006037406abfb25c3a82c9acf446d9ce971ef98d3eb191bfc4f
2023-03-30 19:24:33,True,2.316e-10,7.366e-13,17987395469.0,0.1325,0xa7...97e0,https://bscscan.com/tx/0xb3e28955b6f2f1537dfc4606a009673845601041f789fd826d805a5505a8d41b
2023-03-30 19:24:30,True,2.316e-10,7.366e-13,128866660852.0,0.9492,0x4c...af15,https://bscscan.com/tx/0x2b68b44095da6d9e85662eac090e591a070d266189eb26a2f6ac1ae19d21f6f8
2023-03-30 19:23:30,True,2.327e-10,7.365e-13,16432093191.0,0.121,0xec...6a8b,https://bscscan.com/tx/0xf4e71a5abc9eff6b18d982943df965acb72ac3d6653849263e6b1a5ca10b218b
2023-03-30 19:23:09,True,2.316e-10,7.365e-13,6516471786.0,0.048,0x7f...86bd,https://bscscan.com/tx/0xc16cbf8cb14ede3ee3d60b633b853220167ba414c1da6285a2dbc232b5484145
2023-03-30 19:22:36,True,2.316e-10,7.365e-13,4485805501.0,0.033,0x28...af15,https://bscscan.com/tx/0x9d5f347b30f461f6bb62e8d42344015fc25f43dbcdd50466bb2382f0c3a1e8b6
2023-03-30 19:22:36,True,2.316e-10,7.365e-13,40728450110.0,0.3,0x19...8502,https://bscscan.com/tx/0x54a858753c719b0a103a9fde6a08bf842de37d8f3e72649dc98378b0f7e3878b
2023-03-30 19:22:09,True,2.316e-10,7.365e-13,29656694387.0,0.2184,0x2f...0163,https://bscscan.com/tx/0x4e5c2744d988ccfa71ecb513d33881cca46a63e4e77f1d0afad8255fccfbc087
2023-03-30 19:22:06,True,2.327e-10,7.365e-13,294537991646.0,2.16934,0x4d...8dc6,https://bscscan.com/tx/0x00112d83bc454094be921ed84e3f219658006c236a0fa1943191cf9be8ec6fa7
2023-03-30 19:21:51,True,2.326e-10,7.364e-13,23796955281.0,0.1752,0x6f...361c,https://bscscan.com/tx/0x54aa42ed26b08c8df846aaaf596cb9f5fda6705483fc84a61350fcbbc7b6fa4b
2023-03-30 19:21:45,True,2.326e-10,7.364e-13,29830745959.0,0.2196,0xc5...9fbb,https://bscscan.com/tx/0x34d8a8ae9adb5fa24b2bc3860a03f4fa5a2a60a6f47233518d7fb0288a58717a
2023-03-30 19:21:15,True,2.326e-10,7.364e-13,4017142336.0,0.0295,0xbb...a420,https://bscscan.com/tx/0x12a90c80374d11c75cedbbb97c3cf0eea5854ba91b106dfab00278909b8eb6dc
2023-03-30 19:21:15,True,2.326e-10,7.364e-13,41744855068.0,0.3074,0x15...4042,https://bscscan.com/tx/0x9f86ff14824b32bb6a955e13f1ca1482726537dbf0a0976def32c484e14df44b
2023-03-30 19:20:30,False,2.315e-10,7.327e-13,37033638094.0,0.2713,0x98...fc05,https://bscscan.com/tx/0x88ff0ae6ddc59cd1f59a44fef2ab6daca779fa2e9ffb8e028236f49873674cd6
2023-03-30 19:19:54,True,2.326e-10,7.364e-13,11973027859.0,0.0881,0xa5...3302,https://bscscan.com/tx/0xb743cd8a9e9afc3f69e397e9295d27049e06358904464fda0b0e11d2f27d6f93
2023-03-30 19:19:45,True,2.315e-10,7.364e-13,7196690353.0,0.053,0x97...cf31,https://bscscan.com/tx/0x45209c8f82ef669bb15d00a2dfb341fc3758f12e6bd5b91ddffcaf576ef85631
2023-03-30 19:19:15,False,2.303e-10,7.327e-13,9000000000.0,0.0659,0x3f...5225,https://bscscan.com/tx/0x85474f5b2ed3d4c4c80be6c073c6cea2582484eea050b356fd433c539b663699
2023-03-30 19:18:39,True,2.326e-10,7.364e-13,1086290583.0,0.008,0xcd...9a51,https://bscscan.com/tx/0xa3307a0fc18329a96d2da77213794054ad52700ec3ebfa92579f963965494954
2023-03-30 19:18:36,True,2.326e-10,7.364e-13,36662610362.0,0.27,0x43...c774,https://bscscan.com/tx/0x5982e537d3237c64a2f787831cc0f1946d2bbfbc2b62c87e2854f4997abac0d4
2023-03-30 19:18:21,True,2.326e-10,7.364e-13,5500000000.0,0.0405,0xe2...1573,https://bscscan.com/tx/0x4167dfa1bb8e2c68d4deb179394724e0831f3a8defe98e610b1f1cfff33b1c31
2023-03-30 19:18:21,True,2.326e-10,7.364e-13,42140702810.0,0.3103,0x46...6114,https://bscscan.com/tx/0x29fbe35ef4c9a99ce40089de7d97bd72e9321113bbddb5992ad0b79135505b54
2023-03-30 19:18:21,True,2.326e-10,7.364e-13,4326560000.0,0.0318,0xd1...e91a,https://bscscan.com/tx/0x35181e57521d623857effd9bb0c9a9e1d7b52cf2aa300f980355a4961421280b
2023-03-30 19:18:18,True,2.326e-10,7.364e-13,21240100000.0,0.1564,0xe3...2b03,https://bscscan.com/tx/0xe255e984497aa03b6989f1d516029f966e87dffa2c8b7c9c6a4b64484c43d71d
2023-03-30 19:18:12,False,2.314e-10,7.327e-13,1803692810.0,0.0132,0xdb...557f,https://bscscan.com/tx/0x234cbf327d9b888d33fd28f3d751a16a35767a141b2d4466ec60d5331292552c
2023-03-30 19:17:57,False,2.303e-10,7.327e-13,10711202443.0,0.0784,0xed...8b43,https://bscscan.com/tx/0xd94587183b7af785b8b96b47a5067d4965782d64a8690703a11752c53a29e289
2023-03-30 19:17:54,True,2.314e-10,7.364e-13,2573650000.0,0.0189,0x6d...bc37,https://bscscan.com/tx/0x5358fedb92a47842e8a97205961212f3f1ac5c8acb81038e45cc38984a3cce20
2023-03-30 19:15:45,True,2.315e-10,7.364e-13,3290000000.0,0.0242,0x9b...50a7,https://bscscan.com/tx/0x88ee8eacb47e9e85957256d0e874f457d8f72c68ad0773ceedb197df1d31a55b
2023-03-30 19:15:42,True,2.315e-10,7.364e-13,12293554089.0,0.0905,0x09...98d7,https://bscscan.com/tx/0x0822efd13fa4f624e160198a1f8882a8479933f79cdb8e207a62b7f3984b4713
2023-03-30 19:15:42,True,2.315e-10,7.364e-13,21721200000.0,0.1599,0xdf...3d3f,https://bscscan.com/tx/0x4bb2dddbf6382cc4fb326474247cbc85aad8c084e81d614cf3addd352aa2fc1d
2023-03-30 19:15:39,False,2.303e-10,7.328e-13,631719570710.0,4.62943,0x82...21e8,https://bscscan.com/tx/0xee4cb0f204431367b217ef18ebb0ef3909c44da2efa30d9f8a89873cafcce9e8
2023-03-30 19:15:30,True,2.327e-10,7.366e-13,21486635779.0,0.1582,0xad...d97f,https://bscscan.com/tx/0xf4009a91d3f4359d28a05c166a4eaf335587d95a5f88d34ff7db4e093c9a87b5
2023-03-30 19:13:54,True,2.314e-10,7.366e-13,1194047212.0,0.0088,0xe1...f50a,https://bscscan.com/tx/0x6272c5c83bd80f4dfb44cd297be63884444893e743a9417e7f2da72cd1a6aaf1
2023-03-30 19:13:39,True,2.326e-10,7.366e-13,3698983333.0,0.0272,0x7b...0eff,https://bscscan.com/tx/0x7e12bc375d349b344b0388ec608b608402b2a7a2b45604661f8f2669eb43687f
2023-03-30 19:13:36,True,2.326e-10,7.365e-13,38819697638.0,0.2859,0xec...0b75,https://bscscan.com/tx/0x5b94b0909401723fe2314e872dfdd77871da0d17c4d8e9f07cdba8e0d90d4402
2023-03-30 19:13:33,True,2.326e-10,7.365e-13,13576100001.0,0.1,0x9b...d3d0,https://bscscan.com/tx/0x796a178dbbed97a87f21cda7afd9806fbadce2ce3f575af618b27161a29ee8e7
2023-03-30 19:13:15,True,2.314e-10,7.365e-13,2154539951.0,0.0158,0x9e...46a8,https://bscscan.com/tx/0x3624cddd7eeaab0f3eecee4b4c6139ff10796da4b21fb0a2699ddc2c3348fff3
2023-03-30 19:12:36,True,2.325e-10,7.365e-13,7750000000.0,0.057,0x9b...50a7,https://bscscan.com/tx/0xa83d8bc2b737a4a00c7ae7682a821ebb0718ab077f02a5c404c8b9c0d40fb6b8
2023-03-30 19:12:24,True,2.325e-10,7.365e-13,434480000001.0,3.19999,0x9b...d3d0,https://bscscan.com/tx/0x0c5c4ffc8a851b46f68553fd20524d27737648ec79bebda951e103ba2a62cdfe
2023-03-30 19:10:48,False,2.313e-10,7.327e-13,101190559726.0,0.7415,0x56...15f2,https://bscscan.com/tx/0xde2cc96900d257761bdf593e76b16365e8aabd76c50e879dccaf72a5a47c10d4
2023-03-30 19:09:39,True,2.313e-10,7.364e-13,293945317485.0,2.16469,0x41...d747,https://bscscan.com/tx/0x14418978cd782d4e13b2784ead05704dd8d72484957fc5e10e424e7f17bc4d40
2023-03-30 19:09:27,True,2.324e-10,7.363e-13,8733693729.0,0.0643,0xc2...5b5f,https://bscscan.com/tx/0xc0fea6c88e7fee67dca5fa0061acd1a5c79d343c3db3b62faf1164c9e64569cd
2023-03-30 19:08:36,True,2.311e-10,7.363e-13,21522600001.0,0.1584,0x1f...5fce,https://bscscan.com/tx/0x50138aa412225820ef513dba751ff6872c7876d9ee82384c791627e1d2d5d201
2023-03-30 19:08:18,True,2.311e-10,7.363e-13,1000000000.0,0.0073,0x54...00cb,https://bscscan.com/tx/0xc3580af311775f1ff658b28f0ccf88477b98a9306eb5d03cc948d87f86121fd4
2023-03-30 19:07:51,True,2.323e-10,7.363e-13,8947561576.0,0.0658,0x3b...17d2,https://bscscan.com/tx/0x9deae333e72f3a3e6e9d190f12d501b5662d3db9f83c70509068715b788dfd0b
2023-03-30 19:06:27,False,2.311e-10,7.326e-13,8910008295.0,0.0652,0xbc...940f,https://bscscan.com/tx/0xf6979055ae81003041d1001d06b218e67d0c805bf0e7e9fe3f4863a4cc7998d0
2023-03-30 19:04:54,True,2.311e-10,7.363e-13,28824611069.0,0.2122,0x4a...54cb,https://bscscan.com/tx/0x1da8b077edfadbf0ac49235b719d6bd3fb70012ec46f16cf56452dc41f73ec4e
2023-03-30 19:04:39,True,2.322e-10,7.363e-13,44067624275.0,0.3244,0x69...200d,https://bscscan.com/tx/0xdc4e36ac2d938101b25cfec382bb2131c92c5eb2d0491eb98f0f3805b3e256d2
2023-03-30 19:04:24,True,2.322e-10,7.363e-13,2519644207.0,0.0185,0x34...70be,https://bscscan.com/tx/0xef6ffcfdc51e1c46453654350710f608e12d97e5e7f923b0b36d00e84ef64359
2023-03-30 19:03:42,True,2.322e-10,7.363e-13,3802570265.0,0.028,0x8d...9e7f,https://bscscan.com/tx/0x5340c14ba7d48a0bc1ccd7e753517687db332af6f8a9953f89a7f1f99bc0ace1
2023-03-30 19:03:36,True,2.324e-10,7.363e-13,21729094441.0,0.16,0xeb...a4b3,https://bscscan.com/tx/0x58a80055de03138534b57e266cb64b64b66348dbddc383163bc26b5e6e94524e
2023-03-30 19:03:06,True,2.324e-10,7.363e-13,8646688203.0,0.0636,0xf7...f34b,https://bscscan.com/tx/0x7036794cfd09c1423315bbe683cf7e04dd47a5d3d1d8df20e3848a7d6fcba03f
2023-03-30 19:02:48,True,2.324e-10,7.363e-13,149393688317.0,1.1,0x61...ba2a,https://bscscan.com/tx/0x2687d80b0ea92436b8bc681c859681bffd363604ac4a3843773813fd920c7677
2023-03-30 19:02:45,True,2.324e-10,7.362e-13,75379611982.0,0.555,0x44...e373,https://bscscan.com/tx/0x01d5e1cfd6ae77fb2a4ccfbd392ce35668cb3e17222190e4748092321d80f8cb
2023-03-30 19:02:21,True,2.324e-10,7.362e-13,43327800001.0,0.319,0x39...4f4a,https://bscscan.com/tx/0x63589592c45085a8a3190a308fbf38302320f3702af938c09429b2b85c33bb97
2023-03-30 19:02:21,True,2.323e-10,7.362e-13,23154680718.0,0.1704,0x94...c23d,https://bscscan.com/tx/0x277698a162a615375a190275cd73f8a8378d1d9ee3c044767991d042c933385d
2023-03-30 19:02:12,False,2.312e-10,7.325e-13,540579600.0,0.0039,0x50...2711,https://bscscan.com/tx/0x6fd3800883c1a6761f32f5ae04cf44659689bcf35a448c97825c3fcf9d3daa39
2023-03-30 19:01:39,True,2.312e-10,7.362e-13,79597685579.0,0.586,0x4a...54cb,https://bscscan.com/tx/0x2601e45e30ebbdd22197fabd80b35b7e6aace3dbe6062480df1895852faf27b3
2023-03-30 19:01:27,True,2.323e-10,7.362e-13,1500000000.0,0.011,0x45...89c6,https://bscscan.com/tx/0xf15025bed6a84b32e4893e3f8ae5f72adfdae1565591b32381e9c2fe44ccf508
2023-03-30 19:01:18,True,2.322e-10,7.362e-13,11545587478.0,0.085,0x36...9a80,https://bscscan.com/tx/0x15c9d09ee43c53ff90f0fef9a72dd2eb3ac767972c274457db22101e210ac38a
2023-03-30 19:00:18,True,2.311e-10,7.362e-13,5165400009.0,0.038,0x48...0756,https://bscscan.com/tx/0xe55b15ed40876289e9bf08292d522ec73bf060cbe9aaf82e48844b7abc918d91
2023-03-30 19:00:09,True,2.311e-10,7.361e-13,472067971613.0,3.47505,0x67...1f8c,https://bscscan.com/tx/0x34a59b08645b24f12b62bc10053e691af63383c21d75db3fbce281ce325ffbb3
2023-03-30 18:59:21,True,2.322e-10,7.359e-13,779964529781.0,5.74,0x4d...8dc6,https://bscscan.com/tx/0xa840395aed3d39c2aec58b8848674f5d46ac7e40408cc191822282b95d9dd4ff
2023-03-30 18:57:54,False,2.309e-10,7.321e-13,1626641100.0,0.0119,0xab...bcfb,https://bscscan.com/tx/0x477aaa09015fa7f3defd169c890395d5e31c8eb27ddf6b61cca3fe9970c61ede
2023-03-30 18:57:12,True,2.309e-10,7.358e-13,1338863736.0,0.0098,0x77...dff0,https://bscscan.com/tx/0x803ac3177cc8db1efd1d4ea5daf7efb2a461ddc0a60b04093e2627111733aad2
2023-03-30 18:57:03,True,2.321e-10,7.358e-13,17300047488.0,0.1272,0xf3...1dfa,https://bscscan.com/tx/0xdba0f1544a2c298dc3ac310c10287c19c4ef5988dcc7a277e589ed2f6eb113c7
2023-03-30 18:56:33,True,2.309e-10,7.357e-13,9513476843.0,0.07,0x06...2ce7,https://bscscan.com/tx/0xb24fe447fa83cf94064a4e7e07c5f9b4290064334e63f2bd4701827f96218d69
2023-03-30 18:56:30,True,2.309e-10,7.357e-13,10163606538.0,0.0747,0xe4...dd64,https://bscscan.com/tx/0xf29326c6d2ec9fc73a7facb23477e6c58f5e4cd35320ffe9ffb72efb00363874
2023-03-30 18:55:57,True,2.321e-10,7.357e-13,79000000000.0,0.5812,0x78...df4a,https://bscscan.com/tx/0xbc8fc13a7c8a357de09c064764a3de46979f8d20bc005b514e76a80d0be9eb19
2023-03-30 18:55:18,True,2.321e-10,7.357e-13,6806271564.0,0.05,0x77...dff0,https://bscscan.com/tx/0xe28861ee2a76915276197d18e4e6b9163741ee9d6880771bbb9cc606d248cdb3
2023-03-30 18:55:00,False,2.298e-10,7.32e-13,13500000000.0,0.0988,0x50...2711,https://bscscan.com/tx/0x4d595917502a7b2b0fffd4d9385acd0862de77fc82b11f91b2028068988869d7
2023-03-30 18:54:39,True,2.321e-10,7.357e-13,1359120401.0,0.01,0x52...afbb,https://bscscan.com/tx/0x5c37791d61141eef8c38761118a4033a305d4de47140f83c667fc552db57f9e3
2023-03-30 18:53:39,True,2.309e-10,7.357e-13,323926749718.0,2.38319,0x4d...8dc6,https://bscscan.com/tx/0x7c38d5538e513fad0ef73bc68a19dd13fc6a27d8092884934b8eac6d64105b06
2023-03-30 18:52:03,False,2.309e-10,7.32e-13,86746304753.0,0.6349,0x5f...e70d,https://bscscan.com/tx/0x105c8cc6f31d36b1b5bd18a3bb63c5f6d79e800ae37540b63bb29fea771ca92c
2023-03-30 18:51:48,True,2.309e-10,7.356e-13,8551130000.0,0.0629,0xd0...1f50,https://bscscan.com/tx/0xd0c9dca6d91b71ca22108347c474384a1f0888d9b93d0df57510f184c496101f
2023-03-30 18:51:27,True,2.315e-10,7.337e-13,11802474075067.0,86.6059,0xb9...f731,https://bscscan.com/tx/0x2685fb075546ed9a3f00c9831752e141219eb92da57125361d74eb027d55e081
2023-03-30 18:51:09,True,2.309e-10,7.319e-13,23500473419.0,0.172,0x15...4042,https://bscscan.com/tx/0x185eb8f1ac73b67de7cef61253c352bd6eb5d4654e087441afe46ad156dc7427
2023-03-30 18:50:36,False,2.286e-10,7.282e-13,13500000000.0,0.0983,0x50...2711,https://bscscan.com/tx/0x3f33c2eedabe63157c5dec9dc75d4252e529fd71068a0941759410d7923a01f3
2023-03-30 18:49:03,False,2.296e-10,7.282e-13,3644316583.0,0.0265,0xf6...3bab,https://bscscan.com/tx/0x64c93437b8e09913acc7dc053603e8d65ceafaedead6b2cb41618dbfda14bc03
2023-03-30 18:47:27,True,2.297e-10,7.319e-13,13663014315.0,0.1,0xef...24f2,https://bscscan.com/tx/0x998390c67c4d9fb17c6ec9c2811b562db84e436ab885f308d7a871a53d243914
2023-03-30 18:47:24,True,2.296e-10,7.318e-13,89567376163.0,0.6555,0x34...5b8c,https://bscscan.com/tx/0x45d54597f2e3bd35bd2e1a0139a9ae40d1f80199732210b0b6ea0d348403634d
2023-03-30 18:47:15,True,2.296e-10,7.318e-13,4688960000.0,0.0343,0x49...f379,https://bscscan.com/tx/0x5ac4d4d4d4e7128ce3d3d88305533a2dfc29b90bd13bb8e1a3fec967e9b4ed14
2023-03-30 18:46:15,True,2.308e-10,7.318e-13,285635164785.0,2.09035,0x4d...8dc6,https://bscscan.com/tx/0x99faf1d03fbabcdff04b2940088fa5e606e8e5b0c4f237560ff6bc2c8f2335eb
2023-03-30 18:44:48,False,2.285e-10,7.281e-13,13500000000.0,0.0983,0x50...2711,https://bscscan.com/tx/0x98971a23ef45cc04b00b6fb0bf8788e156281a0b46377946a83fe7e5242ba3f7
2023-03-30 18:44:15,True,2.308e-10,7.317e-13,1366524346.0,0.01,0x62...54a3,https://bscscan.com/tx/0x3c5e47e94ef9d159e5e96afa8da9300040ad47275801d34ec6ec794efcbe4feb
2023-03-30 18:43:48,True,2.296e-10,7.317e-13,54269035586.0,0.3971,0x2a...c8fd,https://bscscan.com/tx/0xdc92370cffd18a1066ce70a65f5fe4889feb912c40a215c073969acecd1f8a2b
2023-03-30 18:42:24,False,2.296e-10,7.281e-13,14885781653.0,0.1083,0x41...9d7b,https://bscscan.com/tx/0x2f5a34d247fcf30b4c482c13b5b67a86c2685dc30b63d32f0de29d16e143c0d1
2023-03-30 18:41:45,True,2.308e-10,7.317e-13,2568814252.0,0.0188,0x58...6831,https://bscscan.com/tx/0x892474f1c5b55be40335f127e69cab3ab3794bf750ccd7b5a4207affe94961ab
2023-03-30 18:41:27,True,2.296e-10,7.317e-13,44978372537.0,0.3291,0x18...ad88,https://bscscan.com/tx/0x7fbee9a13cfa4b1786b6c6ad461fef40eec3202d8181457e94c3e4f1dc1443c5
2023-03-30 18:41:27,False,2.285e-10,7.281e-13,9000000000.0,0.0655,0x50...2711,https://bscscan.com/tx/0x32534d1dcca6118d7f962d156e837d194915a7953e0b57f4a6725489c5ad110b
2023-03-30 18:41:15,True,2.296e-10,7.317e-13,202321020142.0,1.48044,0x4d...8dc6,https://bscscan.com/tx/0xa8da79c54369e77c28dce50be12f32e8ee844f982dd466fd901f0271dcadfc50
2023-03-30 18:41:15,False,2.285e-10,7.28e-13,20655372872.0,0.1503,0x95...cfc3,https://bscscan.com/tx/0xa264e63120d22e905ef5a80bc9db691beb710cfc742a9b2352b4e5d13e975a16
2023-03-30 18:41:09,True,2.308e-10,7.316e-13,19930500001.0,0.1458,0x33...29f3,https://bscscan.com/tx/0xe1ad658ccdd18e243d4ca513f2b609dacc2f6d1c917874793e7a255e147ea4c4
2023-03-30 18:39:57,True,2.308e-10,7.316e-13,11000000000.0,0.0804,0xcb...500c,https://bscscan.com/tx/0x7963f520b3bf91faacb1d7619cef09f6cf3222dd74520e2e87d8d2082e41e31e
2023-03-30 18:38:21,True,2.307e-10,7.316e-13,265505809861.0,1.94257,0x2f...c1d3,https://bscscan.com/tx/0xf52867031d39670ac9b2f67cbfe3d35bd521fb48a630898dee071d406b7d99a1
2023-03-30 18:37:54,True,2.296e-10,7.316e-13,9187926487.0,0.0672,0xf2...94ab,https://bscscan.com/tx/0x3b66cc7770980882358887841de9d2569727b4c0055d11fb2675ebfdc6265578
2023-03-30 18:37:51,True,2.296e-10,7.315e-13,102731165618.0,0.7515,0xf0...86bf,https://bscscan.com/tx/0x7ee9d63db6030208e514f344514f7090a6003158878cf6fa14c6995b13d4d81d
2023-03-30 18:37:33,True,2.307e-10,7.315e-13,85000000000.0,0.6218,0x59...7a50,https://bscscan.com/tx/0x66c735fe944a6a29f5d09f798383ba36cc1d4eb701256cbee6a9ac4fbef03caf
2023-03-30 18:36:33,True,2.307e-10,7.315e-13,31881229423.0,0.2332,0x1b...35d2,https://bscscan.com/tx/0x9f021700ff431fa5be59209c32de44d9cdcdbc7764ff5346cfc8c0ed41b251f5
2023-03-30 18:35:54,True,2.295e-10,7.315e-13,11255217122.0,0.0823,0x6b...b51e,https://bscscan.com/tx/0x57c8848b321e3fff7b2bd8c346ef7c2785fc8f13ad76a63bfe9c4858bf55e034
2023-03-30 18:35:48,True,2.307e-10,7.315e-13,20726411771.0,0.1516,0xef...4039,https://bscscan.com/tx/0x9e09380fe192c05132028022d159fbd8a4194a200b7b74db39de437ffa2510dc
2023-03-30 18:35:15,True,2.307e-10,7.315e-13,11086787122.0,0.0811,0x2e...a1d7,https://bscscan.com/tx/0xd9b35806337b0440d7ba7218a58b2a99d26fa1c6989a8da8e069a68163481e66
2023-03-30 18:34:15,True,2.295e-10,7.315e-13,38276835881.0,0.28,0xc9...c2b3,https://bscscan.com/tx/0x80467cc95d48ce961eaffde8de2d507ab9a3435a72de77bcd2c5bdab2905b4bd
2023-03-30 18:32:21,True,2.307e-10,7.314e-13,271778051624.0,1.98796,0x0b...4a98,https://bscscan.com/tx/0x00ec3974a1d389739a5c163e0266674a2cf801051bb352d90a47ed6c567f1f29
2023-03-30 18:30:27,True,2.295e-10,7.314e-13,11996116621.0,0.0877,0xf8...0424,https://bscscan.com/tx/0xb1881e411d6dd7a314c81057baa0b2ea2d568a9b4c28e3eba6844141b0d7a988
2023-03-30 18:29:51,False,2.294e-10,7.277e-13,8632874959.0,0.0628,0xf2...5922,https://bscscan.com/tx/0x2966eef7ec4264a7ffa79321b0f08e178af44bd2167445d23b434ff2938848c6
2023-03-30 18:29:39,True,2.306e-10,7.314e-13,4357232837.0,0.0318,0xd1...e91a,https://bscscan.com/tx/0x57c63dd3d93e76cdf70a87c2705e2d615c5d71c6a8b44742a624531458a7a6c0
2023-03-30 18:28:48,True,2.305e-10,7.314e-13,42672892023.0,0.3121,0xd0...8c18,https://bscscan.com/tx/0x87c078062c6db4a9e4e357b7d97ae78b3e7c49401f6209ca60c56653069975f4
2023-03-30 18:27:48,True,2.294e-10,7.314e-13,2734468378.0,0.02,0x04...5467,https://bscscan.com/tx/0xac48bc34bc75bd3e1c9e82b48076ac91fbbc0b82b003e508a4cc21eb7d507e84
2023-03-30 18:25:57,False,2.283e-10,7.277e-13,50373540000.0,0.3666,0x61...c685,https://bscscan.com/tx/0x3e858ccd2611a273c769aa7959ec263f0c75ebbfbb6e19c85ee24e2ec1a05c92
2023-03-30 18:25:15,True,2.294e-10,7.314e-13,13261927289.0,0.097,0x62...5f84,https://bscscan.com/tx/0x6fbcd9d10ebb0de71ad82c6b20c520d6f4736d94800a7a4ead0a7a3f8c7388df
2023-03-30 18:24:24,True,2.294e-10,7.314e-13,33702755643.0,0.2465,0xbd...e8c4,https://bscscan.com/tx/0x524cf86de0e739d259edf560bf9c92c9cf1164032795d69e3f68487e776188ac
2023-03-30 18:23:33,True,2.307e-10,7.314e-13,5796862196.0,0.0424,0xb4...33d8,https://bscscan.com/tx/0x764862e6c283b1434ed057d930a6ee19320ad33c8b63322f3ebe2c79cb9552da
2023-03-30 18:23:12,True,2.295e-10,7.313e-13,35103749852.0,0.2567,0xc3...f2fc,https://bscscan.com/tx/0x87754d2912328b84a7e512d6b5d4ba74673cca652d96c0872067266f3a3cfa1c
2023-03-30 18:23:00,False,2.295e-10,7.277e-13,5086959346.0,0.037,0x2d...307d,https://bscscan.com/tx/0x508c10c236d7b7c5ec3141e9013b941506fb6b95ed90d5c29ec028a9641d28e6
2023-03-30 18:22:24,True,2.307e-10,7.313e-13,1637869490.0,0.0119,0x3b...17d2,https://bscscan.com/tx/0x30a5ca57793e4c37aa5b84f15b99994da97d2a6b4bceaad742243d09cbbee70a
2023-03-30 18:22:21,False,2.295e-10,7.277e-13,9000000000.0,0.0655,0x09...5eb5,https://bscscan.com/tx/0xcc76bcb9d2cf8292131f88ad416bbccc7368ccc9539e0fae091804617f2de07e
2023-03-30 18:22:18,True,2.307e-10,7.313e-13,14139204871.0,0.1034,0xfa...d10b,https://bscscan.com/tx/0x133c116e54403084a3fc1b015b29a78bd1896db52c52ce61eae05999e8c8c635
2023-03-30 18:22:12,True,2.307e-10,7.313e-13,9596887010.0,0.0701,0x92...3f62,https://bscscan.com/tx/0x4770c75483edaf8c9cbf106250502e6d69c268bd17ffd7d37bb01fb9f8cbdc91
2023-03-30 18:21:06,True,2.307e-10,7.313e-13,127655768157.0,0.9336,0x09...862c,https://bscscan.com/tx/0x1554a6de5cb4f78adcccb790ba8624043e2bfc09563f6a16423554007eebdf62
2023-03-30 18:21:03,True,2.295e-10,7.313e-13,410202130.0,0.003,0xf0...92eb,https://bscscan.com/tx/0x6c24f14b892a10a12b272e1003e2dd55d5a13f0ed58f1024f52efcca9c40044d
2023-03-30 18:20:30,False,2.295e-10,7.276e-13,19800000000.0,0.144,0x85...171c,https://bscscan.com/tx/0x8dec53bfcba31454e6aa792989b05d9f282b4a454da8074ce6e9e3cfa98860be
2023-03-30 18:20:06,False,2.295e-10,7.277e-13,5732579246.0,0.0417,0xdf...ab4a,https://bscscan.com/tx/0x86882f5ea9c4d41a8b9e5558d6b12b46b030aa4951903cd406725bad8d8c7d1b
2023-03-30 18:20:03,False,2.295e-10,7.277e-13,3348027568.0,0.0243,0xc2...094c,https://bscscan.com/tx/0x8f8d872ca1a05a2933d34c85306ec3188e45d14f104f07bd701195c09ef25191
2023-03-30 18:20:03,False,2.295e-10,7.277e-13,10000000000.0,0.0727,0xad...5cc3,https://bscscan.com/tx/0xda0d7520ca598119718e520d52fee53b0cae33617f110699534eb4796b8a7051
2023-03-30 18:18:57,True,2.307e-10,7.313e-13,11149417858.0,0.0815,0xf0...92eb,https://bscscan.com/tx/0x49afc3bfd8e237135572a34a86ca5f9479113480c14ea3484d7bd2794e866e0a
2023-03-30 18:18:48,True,2.307e-10,7.313e-13,11622284152.0,0.085,0x17...8db9,https://bscscan.com/tx/0x96e25133f6b3786efb4c46d4d4cecfb1c14e7fc66dfb1e702b773d0c54963cef
2023-03-30 18:18:30,True,2.295e-10,7.313e-13,5567788374.0,0.0407,0x62...5f84,https://bscscan.com/tx/0x63d59c7f7f23de22525519aef01c96f7f0c15be004be8b813e04bb73d82f0614
2023-03-30 18:18:21,True,2.307e-10,7.313e-13,106641360360.0,0.7799,0x88...d572,https://bscscan.com/tx/0x9349d9143cf55016d445d15174056feb1b2c4173eea2f9be498cc41c0cabe373
2023-03-30 18:15:15,True,2.306e-10,7.313e-13,6800000000.0,0.0497,0x8d...7322,https://bscscan.com/tx/0xe4680feb50e8f9e6ec37957ff8a8fc1427e3bcc824c87a77e5fed1af1bf2d8d9
2023-03-30 18:15:09,True,2.306e-10,7.313e-13,6897731690.0,0.0504,0xa3...9d39,https://bscscan.com/tx/0xe78d3539a138917ef801f2071485104a9086dfaaad67069c6ec854d4b2eebe94
2023-03-30 18:12:30,True,2.308e-10,7.313e-13,3828740259.0,0.028,0x6c...523c,https://bscscan.com/tx/0xe7b5488ce4c32f479be4b6e843e615c778cfe22d2dd5a2ad08286fd4dac15be4
2023-03-30 18:12:21,True,2.296e-10,7.313e-13,14390514992.0,0.1052,0x8a...4890,https://bscscan.com/tx/0x41dd7e9f68460db370bcf92c3a1b50f7b101cd2bab9f534e7736fb243afcfe1e
2023-03-30 18:12:18,True,2.296e-10,7.313e-13,13703826640.0,0.1002,0x3f...5101,https://bscscan.com/tx/0xaafc2e492ec667c4f83d66206b2d409c78bb83f722164f801f021b0fedb8ab57
2023-03-30 18:11:54,True,2.308e-10,7.313e-13,7734709729.0,0.0565,0x8d...dda8,https://bscscan.com/tx/0xd469d2870e2a1b3ee1f0483c70a023e5a7c8a91992d842b597a313e29c521a39
2023-03-30 18:11:24,True,2.308e-10,7.312e-13,137449124515.0,1.00513,0xc2...e217,https://bscscan.com/tx/0x2e3b8c92271401b6571ae0f09104a4dd231d11892204ab924aa0aeedcb098573
2023-03-30 18:10:57,True,2.296e-10,7.312e-13,4370726838.0,0.0319,0x1a...0b7e,https://bscscan.com/tx/0x51a3e56d6a6d9b86c2d37d0cd5dd37eab8cd4c3e91576802ba8f36a122cbf796
2023-03-30 18:10:33,True,2.296e-10,7.312e-13,6763050000.0,0.0494,0x54...69ba,https://bscscan.com/tx/0xe9eb2ff66bbd494bc419b1f20eea1dd574cbbaa3809931b76725a84341fcc7d2
2023-03-30 18:09:18,True,2.308e-10,7.312e-13,161656463386.0,1.18207,0xe8...6b86,https://bscscan.com/tx/0x46f0944bdeb0c4a21b50e2d6f92dc025750980fb4178ffce5db7ee8a1c1f4e42
2023-03-30 18:08:09,True,2.296e-10,7.311e-13,36105314334.0,0.264,0x1c...091f,https://bscscan.com/tx/0xe8bba5ec79becb01f5308e8470b501a713625d077f496bf43d7c7680b0510766
2023-03-30 18:08:03,True,2.308e-10,7.311e-13,2188219119.0,0.016,0x07...eae9,https://bscscan.com/tx/0x5434730bccb39f6bb7ce36315c592594dbf11bb6ed64d49f589d467d4f6079ad
2023-03-30 18:07:51,True,2.308e-10,7.311e-13,2700000000.0,0.0197,0x24...99cb,https://bscscan.com/tx/0x5ee03d6e3513f8340d30d07116a7ea649d88f372673327ebfa796f892f60c869
2023-03-30 18:07:03,True,2.297e-10,7.311e-13,3072960000.0,0.0224,0x93...0741,https://bscscan.com/tx/0x7698f9649e9229ece19bba9c5b5fc6a44a44930ea4ec49290d1282bdc18dce88
2023-03-30 18:06:54,True,2.297e-10,7.311e-13,16456521125.0,0.1203,0x8a...8362,https://bscscan.com/tx/0x4955a90faf405221d4ecca1998b23283969b212a8c3f482df4082bec10cf9eda
2023-03-30 18:06:54,True,2.297e-10,7.311e-13,26984598552.0,0.1973,0xff...703a,https://bscscan.com/tx/0xd4f05c97b33f9183006dbcb9d03cbbe9601908e1986fe8f1cbaddcf355c3a581
2023-03-30 18:04:42,True,2.315e-10,7.311e-13,44740212986.0,0.3271,0x3d...7668,https://bscscan.com/tx/0x320819844810cfe1aa28946e624f5b93646fa66486dd6010ed42b2f55ad08b80
2023-03-30 18:04:15,True,2.303e-10,7.311e-13,12514664722.0,0.0915,0xe8...f909,https://bscscan.com/tx/0x9bc5599b52937a964acb7d762d5ad905f39bfa6e1ef7b0c8bf617847d7d4a5a1
2023-03-30 18:02:09,True,2.303e-10,7.311e-13,54663243613.0,0.3996,0x24...5c64,https://bscscan.com/tx/0x7b62cf466683192cb2e8396b28fbd50894bb4bd02a4d2f13272ee1e2b8da7d7d
2023-03-30 18:01:06,True,2.315e-10,7.311e-13,1000000000.0,0.0073,0xfc...e63b,https://bscscan.com/tx/0xeaa5588204a2553037959b51d8df265513409956d364e307f0f39f5a1347768d
2023-03-30 18:00:24,True,2.302e-10,7.311e-13,13111602749.0,0.0958,0x19...67f4,https://bscscan.com/tx/0x71afecb00d9737895a43ce6abdbccbbb59c981fae53df91e4537c95d858f802f
2023-03-30 18:00:06,True,2.303e-10,7.311e-13,818173584.0,0.0059,0x77...dff0,https://bscscan.com/tx/0x1ff006bb9fa457b9e5ec9f46015a37bc20605fdfcd84fd6072f941c3693150f6
2023-03-30 17:59:39,True,2.315e-10,7.311e-13,1000000000.0,0.0073,0x1e...0275,https://bscscan.com/tx/0x848799b01c5761ac0f56b4a322680385649abb55ec10e0ae02169ebd53cdddd0
2023-03-30 17:58:54,True,2.303e-10,7.311e-13,1800000000.0,0.0131,0x1e...0275,https://bscscan.com/tx/0x7ca21596352797a4f69280d91b87bd70c7a3f48c6491dcef9137bd922377ab91
2023-03-30 17:58:24,True,2.303e-10,7.311e-13,34939218020.0,0.2554,0xbe...fa0e,https://bscscan.com/tx/0xf12d449cc37088fb4839ea5437112ed8ac6a3f1d0a6cb6905a8d6f600b958b80
2023-03-30 17:57:48,True,2.303e-10,7.311e-13,8297898237.0,0.0606,0x67...8621,https://bscscan.com/tx/0xe21d15d40e8181314c65e2a539643e044fdb4e20e812c8b4de0cfc4c1d896561
2023-03-30 17:57:27,True,2.315e-10,7.311e-13,5274956839.0,0.0385,0x50...dcca,https://bscscan.com/tx/0xf48b35618a5c6d1e6d661e2df98e3e34e347247b2c6e7ef1325252a27c11ed65
2023-03-30 17:55:51,False,2.303e-10,7.274e-13,17987471306.0,0.1308,0x08...3b89,https://bscscan.com/tx/0x20e24af9e54abbd8926ee94aaef089001170def233f2ddb94293809cd0fa8fa0
2023-03-30 17:54:39,True,2.315e-10,7.311e-13,1444229504.0,0.0105,0xc1...29bb,https://bscscan.com/tx/0xf49d9f7b31bf4a53f40b9faf5bd35c06fb813b572a325b905a246d9e4ecb6111
2023-03-30 17:54:21,False,2.292e-10,7.274e-13,57813987443.0,0.4205,0xfa...b6ac,https://bscscan.com/tx/0x61cd4d8662f46aff2dce00d0f8e3b8d66489dc5bd1e77b2c9e3a9f69ccd867dd
2023-03-30 17:54:09,True,2.315e-10,7.311e-13,20000000009.0,0.1462,0xf3...8195,https://bscscan.com/tx/0xcc37d659b45b9cb215d4b84e1994804d9c3e86e2742f3c14ec71c18329b95af2
2023-03-30 17:54:06,True,2.303e-10,7.311e-13,6290347534.0,0.0459,0xb3...1ae5,https://bscscan.com/tx/0x87458703189d65a5dc45ea94e733d0ca87b8f48bb474c9b63fe23293b37aeee6
2023-03-30 17:53:48,True,2.303e-10,7.311e-13,6000000000.0,0.0438,0xe5...8233,https://bscscan.com/tx/0x0b8ea9a53419af518b454e3ffaa7d154a208eedb6c7c047d68bb6d50c16f0353
2023-03-30 17:53:36,True,2.303e-10,7.311e-13,1893450520.0,0.0138,0x50...dcca,https://bscscan.com/tx/0xf914e30debd5ad4fe7a0546f09ebf8ecdd8ec5826a4cc64388683e201a8bd283
2023-03-30 17:53:03,True,2.303e-10,7.311e-13,21680969348.0,0.1585,0x0a...e7c2,https://bscscan.com/tx/0x047e6eacb4c3841b2944097c6ce7729d3133b51b6864d3f8d49d110a8edfb84b
2023-03-30 17:52:30,True,2.303e-10,7.311e-13,45136600486.0,0.33,0x7a...9b9b,https://bscscan.com/tx/0xd0c616ed16676c7eea27b3d1756c64e09644ae95875531cf4c12cb47af8a2fc5
2023-03-30 17:52:27,True,2.303e-10,7.311e-13,1914905703.0,0.014,0x8d...f4ea,https://bscscan.com/tx/0x6061147aa67cb2087fd0f4a709c644ed2f93e4e85170b23293b69373c6bb72e7
2023-03-30 17:51:42,True,2.315e-10,7.311e-13,3914392694.0,0.0286,0x77...dff0,https://bscscan.com/tx/0x92f06e2ee2646f17012196a585a0f0a1ee5b6b0fd0d29ec8b27754e0b14b0a64
2023-03-30 17:50:09,True,2.315e-10,7.311e-13,3419484285.0,0.025,0x2d...df24,https://bscscan.com/tx/0xc19d14444d5368d2c5b6cce6ce0eb50a4671a6923bb97379f33de612dba23ed5
2023-03-30 17:49:48,False,2.292e-10,7.274e-13,51414550290.0,0.374,0xe5...3c35,https://bscscan.com/tx/0x4310b32206937ad9b5b24e384e017ee01830ae0135970992175265c512dfdcfc
2023-03-30 17:49:27,True,2.304e-10,7.311e-13,4240072770.0,0.031,0x2f...3d77,https://bscscan.com/tx/0x42661f7d8b2b30abe8042d61bc07654b9f73d4dfcbfb3cbfc5356913cd72c12a
2023-03-30 17:48:06,True,2.316e-10,7.311e-13,29570872769.0,0.2162,0xfb...83e4,https://bscscan.com/tx/0xaee3fe01f35e5a38a417312265c6440239910516d1013b627b7c4c583c26be11
2023-03-30 17:47:54,True,2.316e-10,7.311e-13,5471143773.0,0.04,0x2b...3035,https://bscscan.com/tx/0xfa4649c364baa43a64aa8e12f703f94842aaaac5f6d20274d4ca7a74166f44e5
2023-03-30 17:47:51,False,2.305e-10,7.274e-13,18000000000.0,0.1309,0x07...c3c4,https://bscscan.com/tx/0x84020274d34638d6efb9c59be34e3abdfd3ea39d1f65877ff3e2cedf8f35570a
2023-03-30 17:46:57,True,2.305e-10,7.311e-13,500000000.0,0.0036,0x18...5ff6,https://bscscan.com/tx/0x9726a0c841fc4c06bf05e41adeba926d823bea73c9652c40d9e73b43fdd42a84
2023-03-30 17:46:30,True,2.317e-10,7.311e-13,15729491375.0,0.115,0xca...44f8,https://bscscan.com/tx/0x566722ef8d94283698401f61663d562b31a9c682072614e1632b4e33db22f406
2023-03-30 17:45:03,True,2.305e-10,7.311e-13,7809991865.0,0.0571,0xe1...3851,https://bscscan.com/tx/0xa4184309ec5e3aee78d68b3fb895ab5f8a41ff52d173ea486579b71b49106a06
2023-03-30 17:44:36,True,2.316e-10,7.31e-13,50000000000.0,0.3655,0xc5...7101,https://bscscan.com/tx/0xa9c5d455345fcc1a2276ff04db6c20ac8651b592c7366d606793ec01e70078b3
2023-03-30 17:43:57,True,2.305e-10,7.31e-13,410346344.0,0.003,0x2b...db41,https://bscscan.com/tx/0xb2da9a5460e6b69a5eb93e32ea4d159e202abc5183afe1243ac75864326cd579
2023-03-30 17:43:21,False,2.306e-10,7.274e-13,11764012357.0,0.0855,0x38...c0f9,https://bscscan.com/tx/0x65f3ce4b6b1752924f1065d08337c8a42bde9a34fc33ba9ffedc70ce153d750f
2023-03-30 17:42:39,True,2.316e-10,7.31e-13,16413800001.0,0.12,0xdd...1f30,https://bscscan.com/tx/0x961b4c1dcd3539867f03dc5cc344bf4a14e9e62f5174f9a68166a3dba9690199
2023-03-30 17:41:57,True,2.316e-10,7.31e-13,23294919968.0,0.1703,0xb6...4e93,https://bscscan.com/tx/0xdf4c289930c32464e86dd80b33a2677b69435dd4af4cf364619e582654eb8f3b
2023-03-30 17:41:00,True,2.316e-10,7.31e-13,11569162963.0,0.0845,0xf4...eb87,https://bscscan.com/tx/0xe811722d0395d34e524bb7b2251f319bc50032a55ba31c869aa016562748ad70
2023-03-30 17:39:57,True,2.304e-10,7.31e-13,22606413704.0,0.1652,0x6f...d377,https://bscscan.com/tx/0xb4b2d77f454083884c3a43dd8acce9d6eb06a60aa94ae4b4b10dc4799b5a5ad5
2023-03-30 17:39:42,True,2.315e-10,7.31e-13,5361954841.0,0.0392,0xcc...4042,https://bscscan.com/tx/0x5851df446317f2a92f9bf015b6b50af95b795608a3d3d885b2b9830559f7e155
2023-03-30 17:39:06,True,2.315e-10,7.31e-13,1871563632.0,0.0136,0x08...75ee,https://bscscan.com/tx/0xb5d98ffa16f31dbcfea90038be6f0568b40f6edce5e5402913af90e807350423
2023-03-30 17:38:39,True,2.315e-10,7.31e-13,55797387791.0,0.4079,0x51...1839,https://bscscan.com/tx/0xfe118c9d409577b43aff1208e28c3f425f911c5b095e1938f309c8eb398a2297
2023-03-30 17:37:39,True,2.303e-10,7.31e-13,12995200000.0,0.095,0xbd...47f4,https://bscscan.com/tx/0xf373de919c8424ab7088560256fd75006d6cda2042dacec65f14da010bf3090e
2023-03-30 17:37:24,True,2.315e-10,7.31e-13,33846221452.0,0.2474,0x03...fa33,https://bscscan.com/tx/0x98467187e08efc7ac9c9462179c26d524ca4f01946509d0f67b709c97f222cd3
2023-03-30 17:36:33,True,2.315e-10,7.31e-13,163649540740.0,1.19629,0xd4...1f5e,https://bscscan.com/tx/0xe4387ebf39c2459a20a2d905ebfbe3e9451bf411378b2d171938e7ff9595a047
2023-03-30 17:36:24,True,2.315e-10,7.309e-13,21593138148.0,0.1578,0xe3...bc5a,https://bscscan.com/tx/0x153808ab82553e41ac0b4e044dcfd8a8da4b504abcf7f1d811e62cfedbfb36b0
2023-03-30 17:36:24,True,2.315e-10,7.309e-13,2517909411.0,0.0184,0x94...ad2d,https://bscscan.com/tx/0x4f7f8bd91f91f257ab68140b1c4025bdd238fdcaaaab661fe401ae6d5a01afa1
2023-03-30 17:36:18,True,2.315e-10,7.309e-13,3817148710.0,0.0279,0x77...dff0,https://bscscan.com/tx/0xb7587f14a0434d05072322e7a81dcec7c74fef356cbbc56a1ea34361de53804b
2023-03-30 17:36:03,True,2.304e-10,7.309e-13,236082355.0,0.0017,0x2b...db41,https://bscscan.com/tx/0xe5521c7ad15d5a3c0aa2671111f81858db75622bef5d09991143af07221af50c
2023-03-30 17:35:24,True,2.303e-10,7.309e-13,410411522.0,0.003,0x98...b154,https://bscscan.com/tx/0xbd1160e4f0039d7bb94b4658ea9264f0381baa0f1da01f539e9483a5247f4e17
2023-03-30 17:33:42,True,2.304e-10,7.309e-13,71978972735.0,0.5261,0xc6...08e6,https://bscscan.com/tx/0xd99454e9e714cf4bb362624ec6b535c43209f7e76899e1ca79c5e8b7c365d663
2023-03-30 17:33:39,True,2.304e-10,7.309e-13,32952252824.0,0.2408,0xf8...3947,https://bscscan.com/tx/0xfdc1e94133105f66343b36dc2bd9422a622867178aa87e6c524507334844a7c8
2023-03-30 17:32:45,True,2.315e-10,7.309e-13,3546745250.0,0.0259,0x0d...f333,https://bscscan.com/tx/0xc5984f31dc9250809107f9eb998a270396d420095cd47847678d768a73cf1249
2023-03-30 17:32:42,False,2.303e-10,7.272e-13,62262484106.0,0.4528,0x7d...6301,https://bscscan.com/tx/0x51f3a3b9fdfd23d2e3c6af753c30c380912863163fde56e653598b4012e6a18c
2023-03-30 17:32:24,True,2.304e-10,7.309e-13,6989617473.0,0.051,0x6e...6407,https://bscscan.com/tx/0x86f87a531ccebdb1a52660203a34ec659bd29986e22cce1ddbd7a37a2719cbce
2023-03-30 17:32:00,False,2.292e-10,7.273e-13,304455640811.0,2.21447,0xf9...78fc,https://bscscan.com/tx/0x9fc2bdcddb1830684d9bc224baf4f977a31e6e17a219c95aaca8317f697cd111
2023-03-30 17:31:09,False,2.293e-10,7.274e-13,510851328645.0,3.71636,0x48...0d50,https://bscscan.com/tx/0x9dc88e775d810792904015a04d18f6dbe4ae00f8bfc068573d42cedc138cb538
2023-03-30 17:30:09,True,2.306e-10,7.308e-13,2285000000001.0,16.7,0x4a...d57f,https://bscscan.com/tx/0xd8efa1eab5909eb35f03ae1dd3bccadee42375819763f99de76cf50fb5d6fa26
2023-03-30 17:29:51,True,2.305e-10,7.304e-13,44559703259.0,0.3255,0xbc...64a0,https://bscscan.com/tx/0x6d3a9922ca4c30eb47ff04c723d13bba1ad1f2233f2db1b07295f07bd2a1b9f1
2023-03-30 17:29:30,True,2.305e-10,7.304e-13,7503972179.0,0.0548,0x34...a9ee,https://bscscan.com/tx/0x986fdbcd291347d0fb5843920de3ae58edf164edff17df5f9b7ae60020e131b0
2023-03-30 17:28:45,True,2.316e-10,7.304e-13,8411846587.0,0.0614,0xef...52dc,https://bscscan.com/tx/0x7447596130805909a7c3c136ae18831f20b23bb2e66b2a0cd8b6d86c97c90c87
2023-03-30 17:28:09,True,2.316e-10,7.304e-13,32301393545.0,0.2359,0x63...a7d1,https://bscscan.com/tx/0x3e58f4c72f3d8b1a502c2518fa32f35129943645888273d0474567f784a7d0f4
2023-03-30 17:28:00,True,2.316e-10,7.304e-13,19329228870.0,0.1411,0x6f...d377,https://bscscan.com/tx/0x8df737b7619139e363a7e83880625e77835d78fa7e0683e154763633cfffb4e7
2023-03-30 17:27:03,True,2.315e-10,7.304e-13,2601130509.0,0.019,0xab...a46c,https://bscscan.com/tx/0xec61ebfd0387491cb13be63da5a9ca927ac5fb67a1f82f9aec32f4fbc0844306
2023-03-30 17:26:39,False,2.304e-10,7.268e-13,78158116934.0,0.568,0xea...ca79,https://bscscan.com/tx/0xd27fdfa1ebd722aae606c872d4e9803add8ad99fa56a43d8e751ac727edb343c
2023-03-30 17:26:36,True,2.315e-10,7.304e-13,5666243181.0,0.0413,0x15...4042,https://bscscan.com/tx/0xaaea4fa168add9538e6d0c2e96c90b52bda80c5bcd9f823d4b9fc9b8db5ac84c
2023-03-30 17:26:15,True,2.315e-10,7.304e-13,32893580062.0,0.2402,0xcc...ad8d,https://bscscan.com/tx/0xe5bd412b9bea7c36498dc48aa7afdb85d55148bd8d7c820c8c97496b26ebc04a
2023-03-30 17:26:12,True,2.315e-10,7.304e-13,12320973011.0,0.09,0x63...a7d1,https://bscscan.com/tx/0x6312af2805b8495ecab0cfb4f51705dcac210e41ed1d94725f81be490caa8a65
2023-03-30 17:25:51,True,2.304e-10,7.304e-13,7011680311.0,0.0512,0xa7...42f0,https://bscscan.com/tx/0x21681d0d34eca022a18d96b7adc441b0d9f57fb42527c46dc93f40dd92c38154
2023-03-30 17:24:48,True,2.315e-10,7.304e-13,12933700000.0,0.0944,0x5e...2c87,https://bscscan.com/tx/0x3a7dbb74220598498cf6295b33a55ad27963bba79ec432344d31daebf0282ed8
2023-03-30 17:24:09,True,2.315e-10,7.304e-13,3484542825.0,0.0254,0xac...9a51,https://bscscan.com/tx/0xc417e507960b45dda249bf94a9747c59aa5974d49316fab45c8c41d1f3000347
2023-03-30 17:23:30,True,2.304e-10,7.304e-13,7417611278.0,0.0541,0xa7...42f0,https://bscscan.com/tx/0x0bcd19790d816084fa8cc42847ee97fb4b9f3c38b142fc99c948b961b475eaf0
2023-03-30 17:22:19,False,2.304e-10,7.268e-13,86729369914.0,0.6303,0x1a...fc1f,https://bscscan.com/tx/0xd725043125a4be6c18aa2dd347a1f3c0e3df59fc218536351bbb876c239fcc16
2023-03-30 17:22:16,True,2.315e-10,7.304e-13,20534603872.0,0.15,0x13...e08d,https://bscscan.com/tx/0xc88ef52dd8aa70b4f85f83a45253e40587dfce5bb8b97c26ba7a497e5095061f
2023-03-30 17:21:16,True,2.315e-10,7.304e-13,78000000000.0,0.5697,0x02...d2f6,https://bscscan.com/tx/0x48c8ab341597628b7430ce3508afd6371432b3bce9fe32708f6280242f25f582
2023-03-30 17:21:13,True,2.315e-10,7.304e-13,14295346906.0,0.1044,0x09...f8d7,https://bscscan.com/tx/0x4fc9b05bdf68e90359f30e535531794f9b4130469142b04c90b9b87f71bbc911
2023-03-30 17:20:52,False,2.305e-10,7.268e-13,42467400000.0,0.3086,0x5c...f6a2,https://bscscan.com/tx/0x1defe2ab22aa8c5f0f883a6d9ba5315ac3ec45a9fa0e8eedcde227cb3d9d2a36
2023-03-30 17:20:10,True,2.315e-10,7.304e-13,25000000000.0,0.1826,0x02...d2f6,https://bscscan.com/tx/0x31190d56a59363e73be497f6b13ea4675c1370cb45bcba42290a3093f6d44bde
2023-03-30 17:19:37,False,2.292e-10,7.268e-13,7250511671.0,0.0527,0xb5...71f5,https://bscscan.com/tx/0x4c18735e8994469fb90ff694783e66b25ece049da6112cfdde1f25b6038bb243
2023-03-30 17:19:07,True,2.315e-10,7.304e-13,4626256287.0,0.0337,0x44...1553,https://bscscan.com/tx/0xa4bc02e26d968d4b761df7750f52fb47eb11cd6095260620c428f4f5af640f40
2023-03-30 17:19:01,True,2.316e-10,7.304e-13,7913896782.0,0.0578,0xac...b404,https://bscscan.com/tx/0x53eacacf4abb878569c05376a57dadbf149dcb50b7187c2a639e3341fdfd2f60
2023-03-30 17:18:34,False,2.304e-10,7.268e-13,43369764977.0,0.3152,0x30...e641,https://bscscan.com/tx/0xbc63e82e0c65ace463c52c796d024e788dd181f486b0a17be018d89734c8b3be
2023-03-30 17:18:07,True,2.304e-10,7.304e-13,42439448083.0,0.31,0xbc...64a0,https://bscscan.com/tx/0x4fd2464bb8f58e7286eb43ab386bc343b1b256dc480dfab72ea4e387d9168f66
2023-03-30 17:17:55,False,2.304e-10,7.267e-13,1402553531.0,0.0101,0x23...5cd7,https://bscscan.com/tx/0xce49d5599bfa4aa040823d2af7482a84a64ea5d4be129bcd1b819b8fde85007e
2023-03-30 17:17:55,True,2.316e-10,7.304e-13,41882037037.0,0.3059,0xde...7c0e,https://bscscan.com/tx/0x220aab4bc05dcd438fc38c6bb15b5b8aca1e78e32064b468104dde3fd6b9f035
2023-03-30 17:17:40,False,2.292e-10,7.267e-13,20238808946.0,0.147,0x24...82ea,https://bscscan.com/tx/0xa722e92fb450d6cefd14c5d49e62977ba75d3365c0886a68edb1ac0245070cd5
2023-03-30 17:17:13,True,2.302e-10,7.304e-13,167551635066.0,1.22382,0x59...b4e2,https://bscscan.com/tx/0x7edf544f4caf1119980c62510223cc23067713bd30424f21b2d1e63c5b1d59e7
2023-03-30 17:17:01,True,2.315e-10,7.303e-13,5384420000.0,0.0393,0xd1...f2ff,https://bscscan.com/tx/0xd5ed375aaeb8fb7dd6a643afb4585d8e968620ac4de8a17e6c4abfd4669718a3
2023-03-30 17:16:10,True,2.315e-10,7.303e-13,21277327526.0,0.1554,0x9d...0872,https://bscscan.com/tx/0xdbf899d7f4399cab4ab3fb78f8e1796f5523febbd72787d062b3d5725be994e2
2023-03-30 17:15:28,True,2.304e-10,7.303e-13,1242987797.0,0.009,0xac...63c7,https://bscscan.com/tx/0x7044c1a5d89cb480b895d13d0cfa1c7cbe86a6c33da75808504c4c91ecb066f5
2023-03-30 17:15:25,True,2.304e-10,7.303e-13,13248441902.0,0.0967,0xfb...cdf4,https://bscscan.com/tx/0x4a72377d4613db7a150e8785c484c02db992bbbe58c61eb164d8a47a5c8a0e32
2023-03-30 17:15:22,True,2.303e-10,7.303e-13,3970578314.0,0.029,0x0e...ab8c,https://bscscan.com/tx/0xcfa52ec7b1d22bc1dbfe122bcf736df8074e6fe95ec1f5fd2e641918686cda52
2023-03-30 17:15:04,True,2.315e-10,7.303e-13,15226453331.0,0.1112,0xa8...3fe5,https://bscscan.com/tx/0xc7a7e3c78a4944b3ae471ea440eced931372978203410a158d5163e3081e2303
2023-03-30 17:14:37,False,2.304e-10,7.267e-13,5623181010.0,0.0408,0x4d...3661,https://bscscan.com/tx/0x4734e1ca7197e700af01523b80d220ec81e8b01988fd5d4a1e7d826bd4f6af20
2023-03-30 17:14:13,True,2.315e-10,7.303e-13,55548508556.0,0.4057,0x5c...50a0,https://bscscan.com/tx/0xaab0ed2786a482d38df2b810167dc9a20e954bd27e653e185e843e4ca06d20cf
2023-03-30 17:13:49,True,2.315e-10,7.303e-13,91738571673.0,0.67,0x46...8254,https://bscscan.com/tx/0x6dbdf209979f9ad34453a64057f0f26aaea519f54e55ad0a88a386d516f844be
2023-03-30 17:12:10,True,2.315e-10,7.303e-13,36554306398.0,0.2669,0xa8...3fe5,https://bscscan.com/tx/0xa69987872e2cddf8cecd243fe987eb82a984680ab28e73bfa5d46a55532fa089
2023-03-30 17:11:55,False,2.303e-10,7.266e-13,23552717637.0,0.1711,0x8c...a149,https://bscscan.com/tx/0xae761e776945f8b0f662dc1ddfd139ec426422e937209fcd30107490011284c1
2023-03-30 17:09:58,True,2.303e-10,7.303e-13,40288825254.0,0.2942,0xa9...adf2,https://bscscan.com/tx/0x538bf94ba1fdf7c448c1ee5a957df19ad789cc2610435e4ec15e6bee777502e1
2023-03-30 17:09:28,False,2.303e-10,7.266e-13,2980412797.0,0.0216,0x60...4e36,https://bscscan.com/tx/0x61ed791198310c22f50b288c922f9dda1351b848f1846ba109b259bf8a51de28
2023-03-30 17:09:22,True,2.315e-10,7.302e-13,176265917205.0,1.28723,0x93...4b59,https://bscscan.com/tx/0x43a2d9b1acd402bf12a0d130a35958177a10027c15ce0402cbd5755d7ff026a9
2023-03-30 17:08:52,True,2.303e-10,7.302e-13,63401486728.0,0.4629,0xf8...b3d7,https://bscscan.com/tx/0xaaf7c45c70d79b8102157c5492294729e99a9c2e1e3c0f8ba8aac587199a4194
2023-03-30 17:08:49,True,2.297e-10,7.284e-13,11499823582140.0,83.7649,0xb9...f731,https://bscscan.com/tx/0xc3021afa42bcf3532b5f5df1dc99dcd0de16c6189b9731387e3ac2fccf9f05ea
2023-03-30 17:07:49,True,2.291e-10,7.265e-13,26562283435.0,0.193,0x1b...6acc,https://bscscan.com/tx/0x72e09fbe66ec4771a71031799155a125967a00c21687130eb5d7519b92f6c4a9
2023-03-30 17:07:01,False,2.28e-10,7.229e-13,5623179445.0,0.0406,0x4d...3661,https://bscscan.com/tx/0x2dc514c3523f9f4158573c982f08e11a98cb3491253d25c32b6205f031654ac8
2023-03-30 17:05:55,True,2.291e-10,7.265e-13,23291187921.0,0.1692,0x74...631f,https://bscscan.com/tx/0x1332bbb063e907c6203d9d4246af1f2074e7307ff84d714df539022f203d2cfe
2023-03-30 17:05:49,True,2.29e-10,7.265e-13,334224022117.0,2.42819,0xa8...8f56,https://bscscan.com/tx/0x89b2f2011f613ba1118e23bc03cf7e5e6dd5c749316d43fbaaaecfacdda3a83a
2023-03-30 17:05:31,True,2.302e-10,7.264e-13,8986889988.0,0.0652,0xa2...4db9,https://bscscan.com/tx/0x98de8e0aa744a7df99d9b0c275fff5aa143279f9e0f8f277c8d41af755b76501
2023-03-30 17:05:19,True,2.29e-10,7.264e-13,51456699546.0,0.3738,0x2b...827b,https://bscscan.com/tx/0x4761d99d078bfc3afdcc927c3de3c0e548b914450338aa7775ba2671663d2eae
2023-03-30 17:05:07,True,2.29e-10,7.264e-13,12389137396.0,0.09,0x83...34f4,https://bscscan.com/tx/0xb356f17968c6dfc78364d1dd0d08377be2fd07a364282946b599cf3941c6afe7
2023-03-30 17:05:04,True,2.29e-10,7.264e-13,12000000000.0,0.0871,0xea...e8a7,https://bscscan.com/tx/0x1bc28bd2078decb9166f1b01cc0e95895204f6fb90d9a435307ff8fda1d6a9f0
2023-03-30 17:03:58,True,2.29e-10,7.264e-13,188439582719.0,1.36884,0xbc...49f4,https://bscscan.com/tx/0x1e538000bdcd4a814f06d9110a43059a3d078a1a8744e7c1e33b037e323577e0
2023-03-30 17:02:19,False,2.279e-10,7.227e-13,73434806516.0,0.5307,0x4b...ed8f,https://bscscan.com/tx/0x5b45143b075012f1b3fd4870dd10582ee28fe3f8824f52ec5a12f15836a02443
2023-03-30 17:02:13,True,2.291e-10,7.263e-13,14179545221.0,0.103,0x45...a423,https://bscscan.com/tx/0xb85dc2f4bba39d3a6c5e0dfc1307b916f7c28a68301e010053a1cc688bd5c822
2023-03-30 17:02:07,True,2.291e-10,7.263e-13,4346785917.0,0.0315,0x4d...20c4,https://bscscan.com/tx/0x6d4e4282042fbbcf551957fd7d1af11f9517a5066e9708d2e29e19bb0da7a6ef
2023-03-30 17:02:04,True,2.29e-10,7.263e-13,231235031350.0,1.67959,0x5d...2328,https://bscscan.com/tx/0x3ce74a3c6a502e432545c317a59480d475991f81c937b035d6cd1e963c41c38b
2023-03-30 17:01:34,True,2.29e-10,7.263e-13,11289788405.0,0.082,0xef...5e8a,https://bscscan.com/tx/0x54af4427fff8f41394a5bf8969f475ee4c296611829a55c26ffdc68cf8bfea3e
2023-03-30 17:00:28,True,2.29e-10,7.263e-13,5124551872.0,0.0372,0x1e...e19e,https://bscscan.com/tx/0xf3b6be6950e5c3bfd10ebcd149be2060a39c3d06454613c7cb66d5488fcbb536
2023-03-30 16:59:55,True,2.289e-10,7.262e-13,136568057346.0,0.9918,0x8b...fb2b,https://bscscan.com/tx/0xe4283557b5b43f42c79ff3102606df53fa006d27fff4b1e9854239747204dd70
2023-03-30 16:58:07,True,2.301e-10,7.262e-13,15986163070.0,0.1161,0x26...b05d,https://bscscan.com/tx/0xe72bea39ef8adcbcd0a9f826c25877393595f1249ca57d1da8cd26bfe0fe5f71
2023-03-30 16:57:31,True,2.29e-10,7.262e-13,24403021045.0,0.1772,0x8c...5918,https://bscscan.com/tx/0x2e417b67175db7afb42d8632bc686ad9f26b91e2c8507b944b66c6dc25bf9eaf
2023-03-30 16:57:16,False,2.29e-10,7.226e-13,8210231113.0,0.0593,0x18...8113,https://bscscan.com/tx/0xf4d9442be8c22c241e0e96f881fd4573bdb191a65dd9d4055044e0e22cdd90e7
2023-03-30 16:56:16,True,2.29e-10,7.262e-13,4600000000.0,0.0334,0xa0...5aed,https://bscscan.com/tx/0x42a38e992dd1856722ea9ca4b3840633149fbcda4e474891109403b0a2c91f7d
2023-03-30 16:56:13,False,2.279e-10,7.226e-13,75664343629.0,0.5467,0x37...52fd,https://bscscan.com/tx/0x9f4cc5ce9eae40e81974f1f455684acc5ec43b3f3644ef0010fa094410e1dc94
2023-03-30 16:54:10,True,2.29e-10,7.262e-13,1693548859.0,0.0123,0x8a...19c0,https://bscscan.com/tx/0x09307c5c6022200a4076cd66167657691669f2cd55cbf9262f763d2859a04653
2023-03-30 16:53:52,True,2.302e-10,7.262e-13,5561538482.0,0.0403,0x72...1f77,https://bscscan.com/tx/0x3155887e37136547de3749790cc442c9591052344d4093965319162dbaa599a0
2023-03-30 16:53:19,False,2.29e-10,7.227e-13,432269693931.0,3.12412,0x69...9fac,https://bscscan.com/tx/0x123651d8d88479b99a391c1c9222a3c77d4e38c8f5eed1b5c02589316b3e6d26
2023-03-30 16:52:07,True,2.29e-10,7.264e-13,61322846872.0,0.4454,0x7e...c27c,https://bscscan.com/tx/0x9c08be583242fcbbf14a5b5e1e2bd9301f97b8008e3f3c189f6637805408dba6
2023-03-30 16:51:40,True,2.29e-10,7.263e-13,9976293629.0,0.0724,0x8a...f250,https://bscscan.com/tx/0xf4f6693b371a322d5797099ae5d58d0f2b3dc28f442b509f1109b7aa05b94e16
2023-03-30 16:51:37,True,2.29e-10,7.263e-13,16238700001.0,0.1179,0xb5...ba18,https://bscscan.com/tx/0xa709b5fcad4793c29dbe92f7cfb21353944e402105c81d60b119271cce3e8d2c
2023-03-30 16:51:16,True,2.302e-10,7.263e-13,5971484311.0,0.0433,0x80...397e,https://bscscan.com/tx/0x3da517cee9624de49dd920b827738067dd1983fe899848f7e843089279dccc88
2023-03-30 16:51:07,True,2.302e-10,7.263e-13,591968503.0,0.0043,0x8a...19c0,https://bscscan.com/tx/0x133307f730fe1b7430bead626a540828e6275babe08fab7454a78c4ebb516400
2023-03-30 16:50:43,True,2.29e-10,7.263e-13,1500000000.0,0.0109,0xf6...d348,https://bscscan.com/tx/0x4fa6eff8364b9c03d6c61d0ed002cbd1bbd34c1580547888e956e72f41bb2eaf
2023-03-30 16:50:13,True,2.302e-10,7.263e-13,70000000000.0,0.5084,0x9a...c03b,https://bscscan.com/tx/0x722009ce7a88151d035be7e4102f12759fbce32faaff5bd06841eec3a32ef45b
2023-03-30 16:49:49,True,2.302e-10,7.263e-13,2000000000.0,0.0145,0x95...b8ba,https://bscscan.com/tx/0x752ac1169a5d514722ca351a59fa315c3d951d32f1577c4637d3e296a54badd2
2023-03-30 16:49:28,True,2.291e-10,7.263e-13,8851344566.0,0.0642,0x5c...365c,https://bscscan.com/tx/0xcdf9836eac7ecc1bfdd2e71d4aa39ff4653080d6022878536c17bff9d6efd789
2023-03-30 16:47:45,True,2.303e-10,7.263e-13,91105150373.0,0.6617,0x76...0cba,https://bscscan.com/tx/0x3b6883b6738a5e705a141036c5f8987f796c12b0861aa03e24f9b912269f359c
2023-03-30 16:47:32,True,2.291e-10,7.263e-13,156299963150.0,1.13522,0x2a...b847,https://bscscan.com/tx/0x4086db67cf36d783199d9ad071306d5f44680e063f0ba3ce24c5e917dd9701f1
2023-03-30 16:46:58,True,2.302e-10,7.262e-13,200000000.0,0.0014,0x54...1ce8,https://bscscan.com/tx/0x6b1a849d42ca13be22450f821e88720991547cc6c9c945930a26b263e84267f4
2023-03-30 16:46:55,True,2.302e-10,7.262e-13,11670692720.0,0.0847,0xc9...8fde,https://bscscan.com/tx/0xa4e819c1a8d33494114b64b053a47f52c74b15247edc62ac5a3a1413c3a044ff
2023-03-30 16:45:49,True,2.302e-10,7.262e-13,266072000001.0,1.93232,0x5d...62b3,https://bscscan.com/tx/0x09f1550998a9b410afd0886f8e1f4a669ceeacb8b669c2dcf088fc6f3f3e9051
2023-03-30 16:44:28,True,2.301e-10,7.261e-13,6000000000.0,0.0435,0x54...1ce8,https://bscscan.com/tx/0x57a0aa73724a2f33ba3e366b333e73d04b722397eb9f71d30a671495d0124f2a
2023-03-30 16:44:19,True,2.29e-10,7.261e-13,18600000000.0,0.135,0x8a...0b87,https://bscscan.com/tx/0x5821daaf7ccdd4e61336e081054a3bab2f6b6b06837ad9c1472c4f6df493426b
2023-03-30 16:43:29,True,2.301e-10,7.261e-13,66609464036.0,0.4837,0x50...4833,https://bscscan.com/tx/0xdbba3dac9f022ec6ea3ca6904c92f42f87b6361c944d1fa62030f59ce9b09196
2023-03-30 16:43:26,False,2.29e-10,7.225e-13,4067886675.0,0.0293,0x7e...b247,https://bscscan.com/tx/0x8c31d72504b4786ab5f6b1cabbf16a6edf305bdabc3e811f686d114700de3251
2023-03-30 16:43:17,True,2.301e-10,7.261e-13,43471241249.0,0.3156,0x64...a49a,https://bscscan.com/tx/0x8f6721a267414121765ec96ad846a19479c4429e9d63ea94683c06483d9ee3a1
2023-03-30 16:43:08,True,2.301e-10,7.261e-13,10000000000.0,0.0726,0x45...65b5,https://bscscan.com/tx/0xb1c8f8282801f37643c755c226a2df1ecd8ca28b810977452a4c9cf0840c7f4b
2023-03-30 16:42:59,True,2.29e-10,7.261e-13,22631923898.0,0.1643,0x9f...1756,https://bscscan.com/tx/0xfda5b6c09538f9224143a681f86b2e58fd135ae54dae4f3ce861e280b9cb3548
2023-03-30 16:42:30,False,2.278e-10,7.225e-13,31635051561.0,0.2285,0x52...fb1c,https://bscscan.com/tx/0x687dd8785670e005681e063215bdc9a9944f0ac1eb54095c8807aa88bc67a36e
2023-03-30 16:42:26,False,2.278e-10,7.225e-13,976695960.0,0.007,0x43...550d,https://bscscan.com/tx/0x5ddee92abc8440c008be0b90da11e5cb7c37048e39ae3624de473b40fa4b56ed
2023-03-30 16:42:23,True,2.289e-10,7.261e-13,1528190000.0,0.0111,0xea...b1ee,https://bscscan.com/tx/0x4821b7c1d068b9ebef34cb3cdfb3dda9291df8892970cf1c135b932c35509cec
2023-03-30 16:41:07,True,2.301e-10,7.261e-13,38000000000.0,0.2759,0xec...c34e,https://bscscan.com/tx/0xf8326f074c42f5b8d223f4536e284b33f51baba06e33f6c79f4394e037cfbb2b
2023-03-30 16:40:34,True,2.289e-10,7.261e-13,45522522753.0,0.3305,0x60...3796,https://bscscan.com/tx/0x9845ce15135c0e376e37b1790ee1ad2d65c630605a47c2ea8b712542e3c070be
2023-03-30 16:40:34,False,2.277e-10,7.225e-13,96494663426.0,0.6971,0x2e...34b2,https://bscscan.com/tx/0x59e7ccc4c02b64c5bb1de7a9dda30514781d50795354a55505978f59bcea664e
2023-03-30 16:40:31,False,2.277e-10,7.225e-13,17364983335.0,0.1254,0x22...b55d,https://bscscan.com/tx/0x42e25219f636da24dbd32690ea2610efb8de12ceb7ec0b90dc87393538721195
2023-03-30 16:39:25,True,2.299e-10,7.26e-13,450342814575.0,3.26992,0x2f...41ee,https://bscscan.com/tx/0xfb744ed4b1c82a898fb8e37d8c011f7378251d9a89c42fb0e424db6a2bf1a039
2023-03-30 16:39:13,False,2.276e-10,7.224e-13,16562303838.0,0.1196,0x92...58c0,https://bscscan.com/tx/0x30dfdf8062c6b11493fbe942d43bbdfa7fa723d6246221cc06a0c4f1ad82c2bf
2023-03-30 16:38:16,True,2.299e-10,7.26e-13,30975612872.0,0.2248,0x26...ef81,https://bscscan.com/tx/0x8aae9677259bf4d9a77ff23fc215aa0ea5c27617cc1e7a5624b4aa375174bb80
2023-03-30 16:38:07,True,2.299e-10,7.26e-13,45618476397.0,0.3312,0x7b...a52b,https://bscscan.com/tx/0x31d06f2432ea5a1e473b852197142bb5630252797a4cf588dea0a192f2cdec29
2023-03-30 16:37:55,True,2.299e-10,7.26e-13,11058175000.0,0.0802,0xab...63db,https://bscscan.com/tx/0xc04afef3b0037315fbd4a94a37a764ff1d5423935e64a9056f7024bf4233f5ec
2023-03-30 16:37:49,True,2.299e-10,7.259e-13,66376835684.0,0.4818,0x2e...34b2,https://bscscan.com/tx/0x2941395b3579482665b4cbc360b4548d36adfe68967f939ac9153293b2422590
2023-03-30 16:37:13,True,2.299e-10,7.258e-13,675048519239.0,4.9,0x67...3c7f,https://bscscan.com/tx/0x3594dbe12d1fbd49cec0c4df61c7655a729f42f2575493ef1aa6d23e549e1f9f
2023-03-30 16:37:04,True,2.299e-10,7.257e-13,12992873067.0,0.0943,0x82...d762,https://bscscan.com/tx/0x1a7d4c1ee0951561699eb8713e86f56bae6c03950b7457f159f54a4e83c10aa3
2023-03-30 16:36:28,True,2.299e-10,7.257e-13,42714044953.0,0.31,0x8a...0ed5,https://bscscan.com/tx/0x7b276015a6c6a0a1b77808446ec51e3c98ac8d5ef9dae9307db12c16c8e206a2
2023-03-30 16:35:28,True,2.298e-10,7.255e-13,1116357999488.0,8.1,0x23...e62b,https://bscscan.com/tx/0x5be08b162d8e40861b32c0ae1c09d7bb2889bcdd26039f11695664e7ffa39d2e
2023-03-30 16:35:16,True,2.298e-10,7.253e-13,1386356594.0,0.01,0x46...a472,https://bscscan.com/tx/0xef6f141f6e5bdf0c646a1088809d2fcfcde23897f1d6ba947740b2ce4af1da53
2023-03-30 16:35:01,True,2.286e-10,7.253e-13,45492744987.0,0.33,0x02...fdf2,https://bscscan.com/tx/0x29799bdfda189424f716a421ee10a7aa575ba934db65ead512b9a9723601b576
2023-03-30 16:34:12,True,2.286e-10,7.253e-13,4273607034.0,0.031,0x5c...ae73,https://bscscan.com/tx/0x314537f994ae6cc401ace94b70c4cd4fc6f381d4cbeb0dc0de4476e83abe5bfa
2023-03-30 16:33:14,True,2.286e-10,7.253e-13,7421360000.0,0.0538,0x90...97a4,https://bscscan.com/tx/0x3d45dcc056ade117f2d429238dd7ac033f010624dcd70389c2012bbf7dbd2258
2023-03-30 16:32:55,True,2.286e-10,7.253e-13,4348867238.0,0.0315,0xba...fb67,https://bscscan.com/tx/0x8b59e2a7e37e199768eec459bae69e43c6682c518f471017ba031b40e352bbaa
2023-03-30 16:32:28,True,2.298e-10,7.253e-13,34181479626.0,0.2479,0xac...1fc7,https://bscscan.com/tx/0x4be6a9b5be50715b94c0407058ff99fb32d13bc8137d15d2be804dbe9ca4a425
2023-03-30 16:31:35,True,2.296e-10,7.253e-13,44115997840.0,0.32,0x13...c5d4,https://bscscan.com/tx/0xa81f45adb28e8fbaa9dcdc2228859fec98192ffeb9427c41ce04826babc6c34e
2023-03-30 16:31:32,True,2.296e-10,7.253e-13,228540296166.0,1.65764,0xbf...13f0,https://bscscan.com/tx/0x2dcc6467429b1831e23b486b2ac8556babd112c03d6dfaf64cb94f71050d0242
2023-03-30 16:31:17,True,2.295e-10,7.252e-13,2393459389.0,0.0173,0x3b...17d2,https://bscscan.com/tx/0x4c6342c2692fac8dc61710b5a48a735bcdde723c2ab73ace8103724a208e1fb3
2023-03-30 16:31:14,True,2.295e-10,7.252e-13,434319604358.0,3.14974,0x79...c976,https://bscscan.com/tx/0x28bb67eb95964f725e2c19c72a11903a1ee46c6f285369d151082846b2bae2d4
2023-03-30 16:30:41,True,2.282e-10,7.251e-13,56598855990.0,0.4104,0x6b...7900,https://bscscan.com/tx/0xd25f55f615698d717f46df27e0eaa991b1df189c72cf951eaa09b6aecc3f0a14
2023-03-30 16:29:47,True,2.296e-10,7.251e-13,4273388217.0,0.0309,0xa5...3c67,https://bscscan.com/tx/0x0791600599723bfe5a568de2c6bc2ab9edaed62e1195b560b2793264a03f1207
2023-03-30 16:29:41,True,2.285e-10,7.251e-13,46000000000.0,0.3335,0xd7...1166,https://bscscan.com/tx/0x1cc93d978026fb4d63314c4817a5593bb8e20c9c0a18c925126227f426ba7fbc
2023-03-30 16:29:32,False,2.273e-10,7.214e-13,46546896670.0,0.3358,0x16...f209,https://bscscan.com/tx/0xed8545823d5460f5e07cb42b360ef342ad9e8a300be9142b00c35e2bcd06bc34
2023-03-30 16:29:23,True,2.285e-10,7.251e-13,6375138976.0,0.0462,0x0a...afde,https://bscscan.com/tx/0xe598a237272d22b719b9ad6fe1e52fe770584323e3d0af21a27ddb2d4ef06ab6
2023-03-30 16:29:14,False,2.285e-10,7.215e-13,6188094240.0,0.0446,0xaf...be2c,https://bscscan.com/tx/0x5e93eb97f1d70ecb3bf76eab8e1f1edc4068561c00147c6ef518e2ca656f9ac3
2023-03-30 16:29:08,True,2.296e-10,7.251e-13,17928016636.0,0.13,0xeb...2e5e,https://bscscan.com/tx/0xc81ea46967e3455659d76a6e7acf2bc8fc0d035a8090bc3ea9f1e0c1077920a0
2023-03-30 16:28:59,True,2.284e-10,7.251e-13,16296702424.0,0.1181,0x16...9573,https://bscscan.com/tx/0xc87de18f40cbdd7c992932823e7a781e0d4506f00df9c3787c6ff68fdfa0610d
2023-03-30 16:28:47,True,2.284e-10,7.251e-13,10832400001.0,0.0785,0x92...9e32,https://bscscan.com/tx/0xf3a68f08d840a7bb2377566b4e6f3ff2bef525625b8964c2b036801927fbcac7
2023-03-30 16:27:02,False,2.285e-10,7.214e-13,3985757176.0,0.0287,0xe3...18b9,https://bscscan.com/tx/0x5926fa72a6aef74bd3bc9dd3ce48b9bcc2ada7e21c7aee11cf900bf16ca852b4
2023-03-30 16:25:44,True,2.296e-10,7.251e-13,9771669167.0,0.0708,0x88...03d5,https://bscscan.com/tx/0x09055786c97903599318d6e0cbd74ad95ee4ed1dba5a955e5c76f186a8987fe8
2023-03-30 16:25:08,False,2.273e-10,7.214e-13,16212969664.0,0.1169,0x61...11e2,https://bscscan.com/tx/0x8a83bdb2ca235084cd4e32300da3d82622be41b49c6c22358a6d0d5ff3177209
2023-03-30 16:25:08,False,2.273e-10,7.214e-13,8206221258.0,0.0592,0x3d...eb21,https://bscscan.com/tx/0x51351d9df8bb99695cdab68cf08afac8c92c40f16d1d7c0ae936004b13d1844d
2023-03-30 16:24:50,True,2.296e-10,7.251e-13,1715120006.0,0.0124,0x1f...6db9,https://bscscan.com/tx/0x29e6f34910c41689215018a9f3616a71b2227c32da5e8c23fcf8be74f29caf74
2023-03-30 16:24:05,True,2.296e-10,7.251e-13,23170504017.0,0.168,0x6f...477e,https://bscscan.com/tx/0xe155a095084bf748829ee726201eefd228c9607bf87be2627d196d8a1fb42fab
2023-03-30 16:23:47,True,2.296e-10,7.251e-13,21445160953.0,0.1555,0xe1...1818,https://bscscan.com/tx/0x1298e8ac16d03590f7c5da685ad3dfd563d31529b57f499757aa240834bc2b1f
2023-03-30 16:23:44,True,2.296e-10,7.25e-13,69148422873.0,0.5013,0xbd...fe42,https://bscscan.com/tx/0x1dfcb34bb867a2c70bf3ff202180ecb4eb3f29535033bea1a35e6420cbe53459
2023-03-30 16:23:38,True,2.297e-10,7.25e-13,1379158270.0,0.01,0x0c...c888,https://bscscan.com/tx/0xd4a12b84e918898a53cb26eaea61616b38e47811e29c690143695311f89a2fea
2023-03-30 16:22:50,True,2.297e-10,7.25e-13,2200000000.0,0.0159,0x85...5514,https://bscscan.com/tx/0x4dccb2dffcb9963e2e29af4039e9ddd4f813758e90fef374a9cbe0d777405a61
2023-03-30 16:22:35,True,2.286e-10,7.25e-13,23659555644.0,0.1715,0x38...5558,https://bscscan.com/tx/0x7f400678d33bd3839e4336ba893fd0b273d4b54b8bd6930edc45bc4419ba9407
2023-03-30 16:21:59,False,2.285e-10,7.214e-13,5607405319.0,0.0404,0xab...12a4,https://bscscan.com/tx/0x0eb4255d906ea31b3ec336922f529a0c6312d633fc5828eb77289bbfc3e60db5
2023-03-30 16:21:56,True,2.286e-10,7.25e-13,34479528962.0,0.25,0x83...34f4,https://bscscan.com/tx/0x6f32a0faaa7530506b1abb972a1ab9048192e419460ba9e3ca2ea886d6f23d37
2023-03-30 16:17:23,True,2.294e-10,7.249e-13,911826278511.0,6.61,0x67...3c7f,https://bscscan.com/tx/0x289a89306ec549181192c88264a1b83e84e74e485268d7d2a9951905a201c518
2023-03-30 16:17:02,True,2.294e-10,7.247e-13,14863937301.0,0.1077,0x32...fd72,https://bscscan.com/tx/0xbbc090e66171592eb0da34de9d4fe9ce1dd0a35acec654f1ae68814a23ad2b25
2023-03-30 16:16:47,True,2.283e-10,7.247e-13,31073309223.0,0.2252,0x74...9982,https://bscscan.com/tx/0x206066c963ed0b6fc930ac51ff1e48c42d666550a4e421ea073a73a185b2bbc7
2023-03-30 16:15:20,True,2.295e-10,7.247e-13,21629376164.0,0.1567,0x2b...2ee9,https://bscscan.com/tx/0x8db0cbb64fe2068b975be2a63ae8cade2907a65a17a16c5902651f9283198d6a
2023-03-30 16:15:17,True,2.294e-10,7.246e-13,479329991857.0,3.4736,0x03...e4f9,https://bscscan.com/tx/0x0a77b18b4283bfedf5a44f5f683448904d5a3dd2c8960ae8b7bf3ce318644284
2023-03-30 16:15:14,False,2.283e-10,7.209e-13,4500000000.0,0.0324,0xeb...805b,https://bscscan.com/tx/0x7ac813839fc1f8ccba8ea2057183c1f8e93833e89b22d974b95009c17d9f5a3c
2023-03-30 16:14:47,False,2.283e-10,7.209e-13,1774819039.0,0.0128,0xa9...af16,https://bscscan.com/tx/0x1a8b6973e5a60d838f0c0ef81f4e9799753d5a0641ad60aaac5142765de8837a
2023-03-30 16:14:29,True,2.294e-10,7.245e-13,47295000000.0,0.3427,0xd0...646e,https://bscscan.com/tx/0xc334f4cb225e829c1346eb05d3ef616be997a208db07b6df5e7492a91a94a6c2
2023-03-30 16:13:56,True,2.283e-10,7.245e-13,21520225355.0,0.1559,0xfa...4382,https://bscscan.com/tx/0x3805ef05b51ed6d709cdf2d779298a19d5f78919b0f5a9882df9939ccee64001
2023-03-30 16:13:50,True,2.283e-10,7.245e-13,2139160256.0,0.0155,0xae...5612,https://bscscan.com/tx/0xd375e9c88e97688ec0c3cbe87e4971314055fd334ce1e9ebb873f5ac322c6a75
2023-03-30 16:13:38,False,2.284e-10,7.209e-13,133368692213.0,0.9615,0x8d...1268,https://bscscan.com/tx/0xd5160ad03bbae1bd1d06083f019e4323c67524e91df362653c107a2c7013e7ed
2023-03-30 16:13:11,True,2.296e-10,7.246e-13,3670272643.0,0.0266,0x85...4f60,https://bscscan.com/tx/0xf4dc6e2c39330f741b2cdc216c0bf315bb63b90df91ed3124b593573f932e67b
2023-03-30 16:12:53,True,2.296e-10,7.246e-13,7355192959.0,0.0533,0xcc...ad8d,https://bscscan.com/tx/0x761135a3fc90718c9934f2f40c7c7aca14ee6d7cc3996933370bafcd881a15f9
2023-03-30 16:11:47,True,2.3e-10,7.246e-13,8280200501.0,0.06,0xa4...3db9,https://bscscan.com/tx/0xcb4d15f86636856b4a67960dcb4d06b4d1a9984efdc125ca076738b19490e1fc
2023-03-30 16:10:44,False,2.289e-10,7.21e-13,6300000000.0,0.0454,0xe5...17a4,https://bscscan.com/tx/0xb6643d5c405c3ba3304e622a42b12f6043ad8b6fca277bcac2ec8b4f9d2bdac0
2023-03-30 16:10:35,True,2.3e-10,7.246e-13,42922800000.0,0.311,0x1a...855d,https://bscscan.com/tx/0x47a6a0c8310f27849a1c5c35e22beaf14a16d1a492818bb6c90cdd620870fc64
2023-03-30 16:10:05,True,2.288e-10,7.246e-13,8764538245.0,0.0635,0xa9...af16,https://bscscan.com/tx/0xf420bcc046a4419f174a240b458a1e34fe80d3829fad1a0336fe746b249efb10
2023-03-30 16:09:32,False,2.276e-10,7.209e-13,11829450056.0,0.0852,0x17...1256,https://bscscan.com/tx/0x10252a5a175b8a438e6e4207c5fd5faee6d1015ab3cb83717a9689cf2f459764
2023-03-30 16:09:17,True,2.299e-10,7.246e-13,2255505160.0,0.0163,0xce...2447,https://bscscan.com/tx/0xe50ed5a2ba2e52508ae56538ee9915b056c2e1fd39a31d7e59683b8b98df2db0
2023-03-30 16:09:11,True,2.299e-10,7.246e-13,3500000000.0,0.0253,0xe3...386b,https://bscscan.com/tx/0x8c05dc754fd5f467a0ac1392c2c1f6c228ba60809da5f464549716694ad0ab9a
2023-03-30 16:08:47,True,2.299e-10,7.246e-13,37067804428.0,0.2685,0x7a...9b9b,https://bscscan.com/tx/0x11a56e27603d6ddc3fd2a51d3bf2ec009f78e84fbaccfb660a69f193eb6b3194
2023-03-30 16:07:47,True,2.299e-10,7.245e-13,7072926459.0,0.0512,0x6a...4383,https://bscscan.com/tx/0x14b05836b361b81c57b365599c272416a86bb6a2b4cc54033f48fe9787b3236e
2023-03-30 16:07:23,True,2.288e-10,7.245e-13,3975075949.0,0.0288,0xf3...b758,https://bscscan.com/tx/0xf3af4d2db1e09810180b3d03243dab0f9a56aece45910df283378f542cf0fe60
2023-03-30 16:06:56,False,2.276e-10,7.209e-13,23108164649.0,0.1666,0x0f...5771,https://bscscan.com/tx/0xf3ed2ea8d11c487502430e6ba58f60f6f5f48b4c776e12c1843f584686bf9a83
2023-03-30 16:06:44,False,2.288e-10,7.209e-13,43758000000.0,0.3154,0x1c...3c2a,https://bscscan.com/tx/0x1e312fa0c7c1d62abc6b70612db3fa3eb227f2c62a8ca944cc610e2c61a9fefc
2023-03-30 16:05:53,True,2.299e-10,7.246e-13,43112240309.0,0.3123,0x9d...f475,https://bscscan.com/tx/0xea64818d0f2e54dd98d5c21e376d2c3633fab5d3bb912128e1bdc63acd4b7e01
2023-03-30 16:04:41,True,2.289e-10,7.245e-13,50980638543.0,0.3694,0x39...94e9,https://bscscan.com/tx/0x2f792a934b4cfeeba2c70334bc98aeb5f1e29ddfaa92c85b4b9941d9cc397541
2023-03-30 16:03:50,True,2.301e-10,7.245e-13,8853313136.0,0.0641,0x72...cc78,https://bscscan.com/tx/0xfced7ccfae5b8b3892ae324151a11555f765e5a11396ea80c0bb7524c1158cd6
2023-03-30 16:03:38,True,2.301e-10,7.244e-13,569372774918.0,4.12505,0xce...1c2f,https://bscscan.com/tx/0xd759015f8c93ede6891e8eab36995a103ca70cd53c2ec295c40da1fdb8238d56
2023-03-30 16:03:32,True,2.3e-10,7.243e-13,37332043707.0,0.2704,0xd7...9069,https://bscscan.com/tx/0x3c1bfa62271990582bb55e0d3a3b9adb5807d8ce6a39357e3a120489095e0037
2023-03-30 16:01:44,True,2.29e-10,7.243e-13,13804700001.0,0.1,0x41...d619,https://bscscan.com/tx/0xd69cface2a877f92cdff687edea0f15f01397cf072a9f232481cbff263061c10
2023-03-30 16:00:44,True,2.302e-10,7.243e-13,43567929647.0,0.3156,0x51...bb8f,https://bscscan.com/tx/0x67d3fe1b825e79ba67d7da61c6b5169ecb45fc070aa63dd08c2d2af684aa10cb
2023-03-30 15:59:44,True,2.291e-10,7.243e-13,77076224357.0,0.5583,0x2c...3e5d,https://bscscan.com/tx/0xb906fe464f56dcf75c898e5e283e1636649d119bd3076de66914fc5b07bd6bdb
2023-03-30 15:57:20,True,2.302e-10,7.243e-13,39346128091.0,0.285,0x53...6d07,https://bscscan.com/tx/0x31b9b51ca5b6d1f0d5ddf3b5c6b008de9b0717e2a928293845079d9cc87a83be
2023-03-30 15:57:17,True,2.302e-10,7.242e-13,458426000001.0,3.32021,0xdb...54d4,https://bscscan.com/tx/0x22276ba8a431fc4654a5d46a1a22e0d4459323fb86c2ef632aee8088377fb4fa
2023-03-30 15:57:11,True,2.301e-10,7.241e-13,136000000000.0,0.9848,0xef...3646,https://bscscan.com/tx/0xcfb44216463abc8e5bac0de222de6001f29cd7e99039f58d93f5cebbf9decc31
2023-03-30 15:57:08,True,2.301e-10,7.241e-13,11047497627.0,0.08,0x8c...4f9b,https://bscscan.com/tx/0x042d3fc8277379f40ed981678177838510ff97b60f3ecdb46d6c2f3e7e9d64e3
2023-03-30 15:56:02,True,2.301e-10,7.241e-13,117382936849.0,0.85,0x36...ac93,https://bscscan.com/tx/0x36aef601adf0f15912e084e74936230c9345c22206c72109b1cbdc5a9d2979b8
2023-03-30 15:55:53,True,2.301e-10,7.24e-13,116952000000.0,0.8468,0x1f...4f4f,https://bscscan.com/tx/0xadd52fac0a5fe1fc2660c03e8f3beccd02f118656caeb966a9bb2836ec6a3de3
2023-03-30 15:55:32,True,2.289e-10,7.24e-13,165735681402.0,1.2,0x87...bf78,https://bscscan.com/tx/0x5a6cfdf469bee225f4611708add4cc9d7139e892e6cbed4dc83e44676d85be36
2023-03-30 15:55:17,True,2.289e-10,7.24e-13,97881476916.0,0.7086,0x04...742a,https://bscscan.com/tx/0xf4c2331a32154756bb212f8c1fe89f5d436536f14a6956f2b9ede91fe49128cb
2023-03-30 15:53:59,True,2.301e-10,7.239e-13,8831316413.0,0.0639,0x36...ac93,https://bscscan.com/tx/0x6e868b1bcf53d5cfb0357f5f25669f58795b665cc80b40fcf0dcf0d156a24ae8
2023-03-30 15:53:02,True,2.29e-10,7.239e-13,165755277524.0,1.2,0x80...74af,https://bscscan.com/tx/0x8087be09917becf1b15da48083d622bad99ebfacfb904f6f356cb4c58e3dfde2
2023-03-30 15:52:44,True,2.289e-10,7.238e-13,248704873709.0,1.80036,0xe7...0e87,https://bscscan.com/tx/0x56365e8ff5a78d92efff3d18f3df97d988b9a2eb446dcde13b1aecb5f050eafc
2023-03-30 15:52:09,True,2.301e-10,7.238e-13,21029474683.0,0.1522,0x6a...148a,https://bscscan.com/tx/0xcdefc9ca251a7bde2f9e09d2c278c31f33289e1992b49adbcda6d31fbf0d681d
2023-03-30 15:52:09,True,2.301e-10,7.238e-13,5490000000.0,0.0397,0x94...f7df,https://bscscan.com/tx/0x40fa5563fcbe572cff7f9e7db49372d4a4be237b16ab9025846932d6417bb1ce
2023-03-30 15:51:31,True,2.289e-10,7.236e-13,967259179492.0,7.0,0x9b...6f24,https://bscscan.com/tx/0xf1c83652bd1e3da633d8efc521c827425455a2274fbd7d9bb184449cfac2ce00
2023-03-30 15:51:25,True,2.289e-10,7.235e-13,49977517789.0,0.3616,0xb0...1747,https://bscscan.com/tx/0xa391315c24bc39d0caca245d5e6931f2d3a539fc22d83922fb18143b0cc9f085
2023-03-30 15:50:28,False,2.277e-10,7.199e-13,53764364451.0,0.387,0x5b...0108,https://bscscan.com/tx/0x4531b780c915bdb3f4c3a14c14e69a407045fc12652fecc8f978b331ece17235
2023-03-30 15:50:01,True,2.3e-10,7.235e-13,27952132720.0,0.2022,0x84...1d30,https://bscscan.com/tx/0x724c71bf5b0caf92d4d3846345b5042da16d02625e73bc4d656f3c120a3b6273
2023-03-30 15:49:19,True,2.3e-10,7.235e-13,61174141430.0,0.4426,0x87...bf78,https://bscscan.com/tx/0x56e9ad5023ddae0b018c7ab005855149ee53023fb94fd1cccb9fd467451c008f
2023-03-30 15:48:40,True,2.289e-10,7.234e-13,291866178867.0,2.11156,0x1b...16b7,https://bscscan.com/tx/0x1111d93a1f72b9fd23ede55a6a27d5dd7baf7c2b30fdcc7affcb367342f21ab5
2023-03-30 15:47:25,False,2.288e-10,7.198e-13,6755628898.0,0.0486,0xfc...1b38,https://bscscan.com/tx/0x43309bc8506c573af5afc90ce32eef54171ce1ba7d3e9f74ab47e72c9c9a7d26
2023-03-30 15:46:46,False,2.288e-10,7.198e-13,1853970259.0,0.0133,0xd3...a9c5,https://bscscan.com/tx/0x611db829b2131375fd5dd2855cfa7d76d95507ef9ef016c049694854beb487d6
2023-03-30 15:46:40,True,2.293e-10,7.213e-13,12987194979533.0,93.6886,0xb9...f731,https://bscscan.com/tx/0x7343f6907397712580a47f73e7177d6581b7e85f55b661dd647a1a247cd754ea
2023-03-30 15:45:25,True,2.276e-10,7.193e-13,6255492712.0,0.045,0xfe...1871,https://bscscan.com/tx/0xc48a6ba1ec130fe06158b4950f1c1fbdbaf7fecb44e945f4ee7ee05a3fcf91ae
2023-03-30 15:45:16,True,2.276e-10,7.193e-13,8500000000.0,0.0611,0x87...da79,https://bscscan.com/tx/0x1345c11e29dfc26fd250bb781bc580f783d2ce35d046fd8953b2e726c5813f36
2023-03-30 15:44:34,True,2.276e-10,7.193e-13,1462751445.0,0.0105,0x35...22a1,https://bscscan.com/tx/0xc4294bf68f67f1a03f3606cd7425b3389a844ccbded74531156d657730618ce8
2023-03-30 15:43:28,True,2.287e-10,7.193e-13,34565870785.0,0.2486,0xe8...9978,https://bscscan.com/tx/0x02bcfd814515cb7bab6570f87053ac9a487e6a0479390f0c4388c8c0a18e5034
2023-03-30 15:43:10,True,2.287e-10,7.193e-13,11121131940.0,0.08,0x9e...ef3e,https://bscscan.com/tx/0x9664334d49782d18d45ce4545c37c6138d1e9f3bf4cb296bef6ece5cef1cd737
2023-03-30 15:42:46,True,2.276e-10,7.193e-13,4000000000.0,0.0287,0xf8...00b6,https://bscscan.com/tx/0xb7635caf45a1a19ee37da2d7b0c31833c249bf5724339ce304a3028edae2c5f3
2023-03-30 15:42:37,True,2.287e-10,7.193e-13,21175574830.0,0.1523,0xfb...fd81,https://bscscan.com/tx/0x0afb729a6c295f5728f8fb816e8b72bd81ec20c89ef548b493d9deeb49ccdf64
2023-03-30 15:42:22,False,2.275e-10,7.157e-13,262277501164.0,1.87736,0x5f...359e,https://bscscan.com/tx/0x708f62584a14b37a0e02f5ae874d00107702452d6aad7cc9625261965180d84a
2023-03-30 15:40:52,True,2.287e-10,7.194e-13,400000000.0,0.0028,0xe1...76f2,https://bscscan.com/tx/0x2eb84b2dbffc28ddd31913b61430911ee0c38ceb11bfbfcb7ee48b047b889207
2023-03-30 15:40:52,True,2.287e-10,7.194e-13,9730040809.0,0.07,0x53...6d07,https://bscscan.com/tx/0x09559ba944fb9aedc103eb0ebeb230b8d3132a550dd3be5023be1ecc2d237f5d
2023-03-30 15:39:58,True,2.275e-10,7.194e-13,7498155732.0,0.0539,0x2f...8542,https://bscscan.com/tx/0xcb296201a3ba6da1ce345e5b2070f6ea07cce59925164a774acd1f2a4aca5e72
