datetime,buy_order,price_USD,price_native,amount_token,total_native,maker,etherscan_url
2023-03-20 21:47:20,True,2.582e-10,7.715e-13,2592252541.0,0.02,0x02...159b,https://bscscan.com/tx/0xf1839e97bde05d2d0544badce97f4b4c36df81654680f370ac3618a1a2f930ab
2023-03-20 21:44:11,True,2.584e-10,7.711e-13,24527821953.0,0.1891,0xfa...eefc,https://bscscan.com/tx/0xebc0f3603090dd4c80e479b9847f3206d7f14638e09c664e662a5ce7eff988e4
2023-03-20 21:39:56,True,2.584e-10,7.711e-13,1840870001.0,0.0142,0xa9...af16,https://bscscan.com/tx/0xd578e0beee39011abdf21e212cfbaf74e0b25b76f40fd6330bbc3e8729498d01
2023-03-20 21:39:35,True,2.597e-10,7.711e-13,19248749959.0,0.1484,0x96...2fe8,https://bscscan.com/tx/0xd69e4e16a3f8487fa4001bce85068e19e0961bf125a725e18cc340628cf646cd
2023-03-20 21:38:47,False,2.584e-10,7.672e-13,17420914631.0,0.1336,0x7a...3714,https://bscscan.com/tx/0xfde9dd2a7d5f3eb2c8702c157bd1496ce14755b4bf373f0058a172fd7edca8be
2023-03-20 21:37:29,False,2.585e-10,7.672e-13,5737508417.0,0.044,0xf4...f67f,https://bscscan.com/tx/0x998a712300686ee0dc201828a2b31eb34b14a853b21fd167b6c47b8943a3e7b2
2023-03-20 21:37:02,False,2.585e-10,7.672e-13,2703355484.0,0.0207,0xdf...4dd3,https://bscscan.com/tx/0xfadb2b108973c5c72722f4034bf410aca9d652f3678bdd7d2a42b3054504aed6
2023-03-20 21:34:56,False,2.572e-10,7.672e-13,9000000000.0,0.069,0x3d...201e,https://bscscan.com/tx/0xc8ddfc08845d31d297bbced15693729798d6c23555dbf17de8a5dec337e89e2e
2023-03-20 21:33:02,False,2.572e-10,7.672e-13,3500245845.0,0.0268,0xcd...f8cf,https://bscscan.com/tx/0xeb8cee6c1e9bcef0b301c0be42825a544ab6660697ce48504c17c1aac0ab8a4b
2023-03-20 21:30:23,True,2.596e-10,7.711e-13,48167811358.0,0.3714,0xba...278c,https://bscscan.com/tx/0xc39714888b667b9fb0e8bfbba059d788998bb0bbbe20cbabd619b71b4d0d706f
2023-03-20 21:30:08,True,2.583e-10,7.711e-13,6733136239.0,0.0519,0xa7...2dfb,https://bscscan.com/tx/0xc924338ea12b3f480ea0eee76115aa8dff51d289ecafb26f3c05b16d2e0565f2
2023-03-20 21:27:02,False,2.583e-10,7.672e-13,4915205440.0,0.0377,0xb4...73bb,https://bscscan.com/tx/0x9fe32b05849f2f1c58fe4fd3d64c8601c96197a7478d34e716700c3edae48433
2023-03-20 21:25:11,False,2.57e-10,7.672e-13,31821535651.0,0.2441,0x9e...09e5,https://bscscan.com/tx/0x42d19fcf2de8a99905b8738d144203502b5bdf732b7779d35ca621d4d541d5f3
2023-03-20 21:25:05,False,2.57e-10,7.673e-13,303692894222.0,2.33034,0xbc...dad0,https://bscscan.com/tx/0x5f8223ef03241c3c2ced0ad4e651847ebbd5168d1b033ceba1bc06f3eb15665c
2023-03-20 21:23:47,False,2.571e-10,7.674e-13,423344982143.0,3.24902,0x6d...9a8d,https://bscscan.com/tx/0xc2dc154d3de4d224e7b7a9729942c70845172ced55e63c01bab65303fdd4d115
2023-03-20 21:22:43,False,2.584e-10,7.675e-13,13500000000.0,0.1036,0xba...59f8,https://bscscan.com/tx/0x66ac4dc90ce15fc946c01b57a9045e8a058dec87a53a3bf64fd626f9c05057f4
2023-03-20 21:19:41,False,2.585e-10,7.675e-13,144935550572.0,1.11248,0xdd...f228,https://bscscan.com/tx/0x3b3a31662b472202f6b9cc941befc03f0a25503250bf305d318a9a19a821a022
2023-03-20 21:17:38,False,2.573e-10,7.675e-13,5017135161.0,0.0385,0xb1...f65e,https://bscscan.com/tx/0xc6a5c9665c87cb4dc7fcbf743f8625ae38210338cb324a03452cb863b28261de
2023-03-20 21:16:35,True,2.585e-10,7.714e-13,2524576233.0,0.0194,0xc2...409a,https://bscscan.com/tx/0xb8c3596d25caf66dfd15c4d0d2cda4373ec1681878a6a2dddda6f3e817506923
2023-03-20 21:15:17,True,2.598e-10,7.714e-13,518506574.0,0.004,0xa7...af18,https://bscscan.com/tx/0xf5728dd02245273dd213411534f39527ceacbb1b42b46ea69d1dcc131dc69e83
2023-03-20 21:14:20,True,2.598e-10,7.714e-13,12417431606.0,0.0957,0x90...54c0,https://bscscan.com/tx/0xf51585e321fc6b59d5e67e8c79371776fa0eef8f8501fc080d3e41bfe618f5f0
2023-03-20 21:11:56,False,2.574e-10,7.675e-13,14369037369.0,0.1103,0x3c...1bb9,https://bscscan.com/tx/0x2ea3f841dd7dec16455625e56959c0173c0130061c03c2878c93d2a1f751f9e1
2023-03-20 21:11:11,True,2.602e-10,7.713e-13,307421136147.0,2.37142,0x99...edec,https://bscscan.com/tx/0x07d1af094dc9d48341d93f27c30d4fdc8e10732e39b4871f32614a194d81962e
2023-03-20 21:11:02,False,2.589e-10,7.675e-13,361792671122.0,2.77694,0xbe...9582,https://bscscan.com/tx/0xb5f76669caad8d10e30b61495a1fd5fe1d57ebd5756acd1419f0768f7287f1f7
2023-03-20 21:10:11,True,2.602e-10,7.714e-13,20258767984.0,0.1562,0x6b...b51e,https://bscscan.com/tx/0x1e2b6132baa1e9cce459a93ffabfc5e65d2e45fdeeaa387435a8950e7c9489a4
2023-03-20 21:09:41,True,2.601e-10,7.714e-13,10785612361.0,0.0832,0x43...8f02,https://bscscan.com/tx/0x1d219bad3884c8d8091432cd6e81c924fc1f5811e71b2be2d3fb8ca4a7557011
2023-03-20 21:06:38,False,2.574e-10,7.676e-13,17755350033.0,0.1362,0xc8...ed91,https://bscscan.com/tx/0x5a3c8780ebb9058508a9aac5ace3e43aa008ef0cda751010a5577fe325717276
2023-03-20 21:06:29,False,2.574e-10,7.676e-13,3921825804.0,0.0301,0x1b...82c3,https://bscscan.com/tx/0x9b4a2b01c11d54a4362f19f3d186e9c26eee1d8ce2ed4ae76f1128f6fa11907e
2023-03-20 21:03:28,False,2.585e-10,7.676e-13,18995441837.0,0.1458,0x56...69f8,https://bscscan.com/tx/0xd2493855883bd566cb6d001ebc8e72c8c26a051f596cb60223b2b43202615ff7
2023-03-20 21:02:43,True,2.585e-10,7.714e-13,5833034012.0,0.045,0x1f...7611,https://bscscan.com/tx/0x7ec2812dbccced6052564eadb21e695bfb2a581a8acb2c2fc1b5e4b65e3de65a
2023-03-20 21:02:43,True,2.585e-10,7.714e-13,938235000.0,0.0072,0xc7...100c,https://bscscan.com/tx/0xab259bf970f240ef352b5ebfff155317b4e93768cf37f65da1fa6e197c829691
2023-03-20 20:57:55,True,2.586e-10,7.714e-13,189424897.0,0.0014,0x97...be67,https://bscscan.com/tx/0xd6ee5f87a83dcc31685646bef8859ffbdd04898084f895b8d1eaac7ff955fe94
2023-03-20 20:55:25,False,2.586e-10,7.676e-13,1792743654.0,0.0137,0xe6...bd96,https://bscscan.com/tx/0x7229786def551031d1878454a7fd0a921a7c862a5143634c10cf10d9c1b67823
2023-03-20 20:55:07,False,2.573e-10,7.676e-13,186333403346.0,1.43038,0xb0...64c7,https://bscscan.com/tx/0xc06e8885f43a01427d94bc9cdc3e24774a571f8de2f370125dde631ea7e9cf88
2023-03-20 20:55:01,True,2.586e-10,7.715e-13,700000000.0,0.0054,0x29...4836,https://bscscan.com/tx/0xa1d0ccb14f9dfcf96379ec81798038811c745a87424b7157a2b56e2c8e1d7f42
2023-03-20 20:53:25,True,2.587e-10,7.715e-13,18972964039.0,0.1463,0x1a...50ab,https://bscscan.com/tx/0xc1e3e64a9497409ef69b9c0f5022fa3f6f7e971a3f54b8406678117b3425e074
2023-03-20 20:53:04,True,2.601e-10,7.715e-13,36128691706.0,0.2787,0x26...aa9b,https://bscscan.com/tx/0xffa6efa390dd8c295c2a178f53228b910ec942198e821e516ccee5b2ee68fd70
2023-03-20 20:51:49,True,2.601e-10,7.715e-13,2509999999.0,0.0193,0xa1...4a35,https://bscscan.com/tx/0x28c881ebc30e38232c2e03bc1db999b87bbefd0d04ea7b2db4f53075289734ff
2023-03-20 20:51:07,False,2.575e-10,7.676e-13,10513721108.0,0.0807,0x9e...30d8,https://bscscan.com/tx/0x463120b16ac4cf8821008ac2257c76aa7763411c115a391b9d31719104a269b6
2023-03-20 20:51:04,True,2.588e-10,7.715e-13,1000000000.0,0.0077,0xc1...14c6,https://bscscan.com/tx/0x82533029b99bb54d4f53242ccb3ec98aedb4c3b0eadc35ab5b8d88cdf89b4214
2023-03-20 20:50:34,False,2.588e-10,7.676e-13,1962720000.0,0.015,0x14...4449,https://bscscan.com/tx/0x2987783da18a128114d1ee9c1d097f415be1d6b0d328afd2f0bd68bac5cc6343
2023-03-20 20:49:55,True,2.601e-10,7.715e-13,1000000000.0,0.0077,0xc1...14c6,https://bscscan.com/tx/0xbeec52d20a795784bb9ce49b3fba1bb2b2fd307fa7233a8287fc2d4672be5168
2023-03-20 20:49:22,True,2.6e-10,7.715e-13,1000000000.0,0.0077,0xc1...14c6,https://bscscan.com/tx/0xfea53a8901fc34e2d69133e8cb5cbfdbf71252436f77b7079064acc6a3f69ef4
2023-03-20 20:49:16,True,2.6e-10,7.715e-13,319537000.0,0.0024,0xdf...15b5,https://bscscan.com/tx/0x417123f3821be4586ee49eda2706e27b753d4546f875335dd08546696e063658
2023-03-20 20:49:10,False,2.587e-10,7.676e-13,46491829579.0,0.3569,0x3f...9a4d,https://bscscan.com/tx/0xca44b97e551a21a87f1a8a1cca66aff3bd69badfcc8f8b48e61ebaf85704f0b3
2023-03-20 20:49:04,False,2.587e-10,7.676e-13,19165874269.0,0.1471,0x3f...9947,https://bscscan.com/tx/0x9fe459d80aea581303bbc40c0d9eef07ae7c63fd45c324d131ce9e9e7ea215b8
2023-03-20 20:48:46,True,2.588e-10,7.715e-13,1000000000.0,0.0077,0xc1...14c6,https://bscscan.com/tx/0xfab7563371ab15b6fc45cef9d8da1a49fcd6e8da0b1bc7a31ebf5dc8fecc0878
2023-03-20 20:48:19,True,2.601e-10,7.715e-13,1000000000.0,0.0077,0xc1...14c6,https://bscscan.com/tx/0x0b4bb74c09ebb480cbed23ab739dbbce54bc8dda99291ec40027c0d144d8e0f0
2023-03-20 20:47:40,False,2.574e-10,7.676e-13,2449390192.0,0.0188,0xbc...22a5,https://bscscan.com/tx/0x488a23a3ba8654c86745cd6baa6ba9f40ac54eda7557b0ab87a60f2fa507b004
2023-03-20 20:47:22,False,2.588e-10,7.676e-13,42227586728.0,0.3241,0x73...935b,https://bscscan.com/tx/0x94bdaaef8dfcc75c7875db86c5efe41977a125f23da80075aba9ca99697507dd
2023-03-20 20:46:55,True,2.601e-10,7.715e-13,3000000000.0,0.0231,0x29...4836,https://bscscan.com/tx/0xdb3753aae8fffd69a948fde459182bc903aa8ecf3fde9b2877fd7c97ffbf78b7
2023-03-20 20:44:46,True,2.591e-10,7.715e-13,19185832282.0,0.148,0x9f...9610,https://bscscan.com/tx/0xadd69cc76aa47023efa6b0ade32c87396372d5ea192bbe46cf4f9c20b61ce5c1
2023-03-20 20:43:49,True,2.604e-10,7.715e-13,3888147827.0,0.03,0x3d...90c1,https://bscscan.com/tx/0x0fdd083c67dcc0eacf7a7655c9f8c6b4e6c215dc850f51c3dfb066feb3260981
2023-03-20 20:42:34,False,2.578e-10,7.676e-13,6711385214.0,0.0515,0x84...58e0,https://bscscan.com/tx/0x7c15f107b37d492e3ec1297fb213153b60ad8c174b7c90f832e0f7bdc85af795
2023-03-20 20:42:31,True,2.591e-10,7.715e-13,840548797.0,0.0064,0xc9...b6d1,https://bscscan.com/tx/0x76a8dd78a1a4dab57c594f3dbb0af4bd55aa33a5c86ad816233cddac18e97467
2023-03-20 20:42:04,False,2.578e-10,7.676e-13,10247633098.0,0.0786,0x50...1382,https://bscscan.com/tx/0x8ef0f647b29472c5f8d698c7aa5ab4dbbad5b3ca7fc41120388293de7e4d96f3
2023-03-20 20:41:16,False,2.578e-10,7.677e-13,22090552625.0,0.1695,0x7f...06a9,https://bscscan.com/tx/0xd09fabf62950b09836b0744c57efc7e5c4eb9e5bf7e3f033cd31b419fbfedbe5
2023-03-20 20:39:10,True,2.593e-10,7.715e-13,388823632.0,0.003,0x72...719d,https://bscscan.com/tx/0xedc8c08844ab38a1a75935770856817cecff971c173fc83bfed132a62db8ce1b
2023-03-20 20:38:49,True,2.606e-10,7.715e-13,388823701.0,0.003,0x72...719d,https://bscscan.com/tx/0x6a62d7f3727d5d4e9976835184ed582dbac325b1f98a13115b115666dbbe9356
2023-03-20 20:38:37,True,2.606e-10,7.715e-13,38361888355.0,0.2959,0x14...10aa,https://bscscan.com/tx/0x4dbe37d37a3553c6c82713b707b37fcea57b8285bd184e78e1719c7bbd93a1d3
2023-03-20 20:35:28,True,2.603e-10,7.715e-13,23000000000.0,0.1774,0xad...4cb1,https://bscscan.com/tx/0xe739f9dc6e1c0b447a91afa6ae78cbe984fe4f541a3f94f749820125ca55d019
2023-03-20 20:35:10,False,2.577e-10,7.676e-13,19683666255.0,0.1511,0x0a...83f1,https://bscscan.com/tx/0xb5ba0277121a9e25510fe2c1be6270330392c15234e22ff01850da238591c008
2023-03-20 20:34:46,True,2.603e-10,7.715e-13,3783292440.0,0.0291,0x10...2c33,https://bscscan.com/tx/0xf8bbdf087ffe1644669a6a53d5184b8109d0c5dd5a016473057ced6d2bd2f3e8
2023-03-20 20:34:16,False,2.576e-10,7.676e-13,23039552583.0,0.1768,0x96...e396,https://bscscan.com/tx/0xc5ec742f5572b7f82fd12bd02e33761ae7ec4a4edf6d063fec8fbdece5b2fac5
2023-03-20 20:32:58,False,2.59e-10,7.677e-13,195024757114.0,1.49727,0xdd...2441,https://bscscan.com/tx/0x2891efd03aad8292ac9430533d3cd1ae461f14e71b2b5ae9a261dcf9bd8696f2
2023-03-20 20:31:49,True,2.59e-10,7.716e-13,26000000000.0,0.2006,0xbb...5af2,https://bscscan.com/tx/0x2ccef6b6daf6f6d53133b56d193756ac5b3d8dc439cfd94fa8033c5ae1e7fe29
2023-03-20 20:27:42,True,2.59e-10,7.715e-13,331766528108.0,2.55975,0x93...0800,https://bscscan.com/tx/0x65d9b83a5dc82912e0ef434d22c7f895b8b4e56f54946cb569e66f164687d246
2023-03-20 20:26:33,False,2.577e-10,7.676e-13,4644328029.0,0.0356,0x2e...0a22,https://bscscan.com/tx/0xa14ee2bc5b9de7c102b40be2224c8eed09ded0446a7622312e09d3bf79e66b47
2023-03-20 20:23:26,False,2.598e-10,7.676e-13,5439147742.0,0.0417,0xea...52c5,https://bscscan.com/tx/0x93f2238b390b527c3fe958fdbeedfcaab047a4b476069bbd7731271acc83aff0
2023-03-20 20:22:36,True,2.602e-10,7.714e-13,1333333333.0,0.0102,0xfc...e63b,https://bscscan.com/tx/0xdf1cc4fff4919ddbd644f6a61eae6be6621a4955b582d82c533b6afcb6d2fae3
2023-03-20 20:16:17,False,2.588e-10,7.676e-13,18969000945.0,0.1456,0xb3...17f2,https://bscscan.com/tx/0x4e5853f23da56b1a9fdceb3049dfb9f30724b59fe5a3cc268639309c36012b49
2023-03-20 20:15:17,False,2.588e-10,7.676e-13,14255352908.0,0.1094,0xe6...2ee1,https://bscscan.com/tx/0x1c7c042799819d116b6be9e3f69a5ff58e68fb20dbc460881ce8d1214d0989ad
2023-03-20 20:14:08,True,2.601e-10,7.715e-13,6480832395.0,0.05,0xd5...d34e,https://bscscan.com/tx/0x8662f919e61b8babb538197fe4a8589cae191684a0a51c4a9c873b0ff5a284a0
2023-03-20 20:14:08,False,2.588e-10,7.676e-13,14760000000.0,0.1133,0x8c...bad7,https://bscscan.com/tx/0xa77ab973ea997813f5ec85701b227d064eb2289f67951847058876589ab19d28
2023-03-20 20:14:08,True,2.614e-10,7.715e-13,4206257743.0,0.0324,0x32...a47f,https://bscscan.com/tx/0x5e395f454a1479a1ac6ecc0b73768a4db74f31a3138fe850f59eb1129c623f43
2023-03-20 20:12:59,True,2.601e-10,7.715e-13,1377388501.0,0.0106,0x15...4042,https://bscscan.com/tx/0xc2365efcfba0fa4a7aa47ba458fb0bb4085dbca84d8a63ea19be678db88df3b4
2023-03-20 20:12:23,False,2.601e-10,7.676e-13,13342997132.0,0.1024,0xb3...82ec,https://bscscan.com/tx/0x2bebd8388c797d23d0a3580d4e03f4f8992874e7cab29364069c441488a08c94
2023-03-20 20:11:47,False,2.601e-10,7.676e-13,11775105958.0,0.0903,0x13...7254,https://bscscan.com/tx/0x62f5f4f97e82ee09ca2342f65da0e5644055f3ba865578dc2096545b72d22b43
2023-03-20 20:10:38,True,2.614e-10,7.715e-13,1698500000.0,0.0131,0x3a...5b66,https://bscscan.com/tx/0xc1f077763d0697c7f8175e82138bd0f3027054767287bc4b4651245f35cb1b76
2023-03-20 20:10:05,False,2.601e-10,7.676e-13,3092296184.0,0.0237,0xd7...2c8e,https://bscscan.com/tx/0x235895593c72ac7eeb5a0241b406b49cf0bbe471966dbbe2fc1b6b34910ba37c
2023-03-20 20:09:11,False,2.603e-10,7.676e-13,10713793612.0,0.0822,0x75...759a,https://bscscan.com/tx/0x434bccf1c805d63009191f1c43a363f6f813f043d7065efa282b1b263f93248f
2023-03-20 20:07:08,False,2.603e-10,7.676e-13,11723580000.0,0.09,0xd3...5e23,https://bscscan.com/tx/0xbec91d27094d7d56ebfdf08ab5fa87f3b24b8e7d7f75f208e19c92ea7ce11b9b
2023-03-20 20:06:53,False,2.59e-10,7.676e-13,36000000000.0,0.2763,0x9d...7142,https://bscscan.com/tx/0xde6cbcd674f4e02a31a63f6fb1ae6ceddbffd18f06105138907b3e5c19637f31
2023-03-20 20:06:14,True,2.603e-10,7.715e-13,1345328094.0,0.0103,0xe8...3b3a,https://bscscan.com/tx/0xf29d1390854c491f942e9b14c8e9ad5faf093c403d01135eb5a3de4ba61e8de8
2023-03-20 20:04:29,False,2.591e-10,7.676e-13,8197924552.0,0.0629,0xe9...a52b,https://bscscan.com/tx/0x3a55296485f948fcf80816d56eb79dee54c8f67a3093ab910dd10a1a5eef59f2
2023-03-20 20:02:32,True,2.617e-10,7.715e-13,705813319.0,0.0054,0x7a...f5b6,https://bscscan.com/tx/0x02c12252f245dc055e67514d045710847d8ed5ec4b5f29019f4205954797a3c1
2023-03-20 20:02:23,False,2.604e-10,7.676e-13,18720000000.0,0.1437,0x03...cbfd,https://bscscan.com/tx/0xb7ab1912f3966a7cb4f0d7eded9730d5e975e294443c355a72ba76601a5c420f
2023-03-20 19:58:20,True,2.604e-10,7.715e-13,30559349740.0,0.2357,0x95...3017,https://bscscan.com/tx/0xa69d63f102a112bf5269b4ce1b60da098a2bc6aacad9f148c8fb7c86b5f2bd4f
2023-03-20 19:56:26,True,2.617e-10,7.715e-13,12079180153.0,0.0931,0x30...c310,https://bscscan.com/tx/0xa2b775b8d99d43dc8b25fc1b92e07788fb535653ce9cf0fda706d3fefd065bc1
2023-03-20 19:55:20,True,2.617e-10,7.715e-13,24500000000.0,0.189,0xc2...1ad6,https://bscscan.com/tx/0x6477d25d071e33879d230d0c28c6468b1014b9c09789462b45727fec47baa556
2023-03-20 19:54:56,False,2.59e-10,7.676e-13,24539569780.0,0.1883,0xab...112d,https://bscscan.com/tx/0xf43457c29e9224849bb47f2514310f18c0fea68cd8fb2d920a5b650fa9deb8f3
2023-03-20 19:54:14,True,2.617e-10,7.715e-13,25265987603.0,0.1949,0x8b...8737,https://bscscan.com/tx/0x91ef6773e469f1198e4816cb1a4518e83be8ab5386d2ede68c9345f1d7f66ead
2023-03-20 19:52:41,False,2.591e-10,7.676e-13,118100063249.0,0.9066,0x08...8cb5,https://bscscan.com/tx/0xd96fee39a0400688f9b1d4583ae6ebc2d8e50a1cadce0d9e4d86f34c81901724
2023-03-20 19:49:35,True,2.604e-10,7.715e-13,1160000000.0,0.0089,0xef...e223,https://bscscan.com/tx/0xf5426c3e93340c94af9ef5c45b183e4d23927bbabea69e812359b7adca0914a6
2023-03-20 19:47:59,True,2.604e-10,7.715e-13,9025973190.0,0.0696,0x15...4042,https://bscscan.com/tx/0x1687f64d028b2d1a4c90e33bd82a18ecd39b275b2083468d3fddc36eca346a15
2023-03-20 19:46:47,False,2.603e-10,7.677e-13,16137292533.0,0.1238,0x95...3017,https://bscscan.com/tx/0x3c26657b97e74ac26198d16ab39636d134e919940e2b6763464d9f201d71d026
2023-03-20 19:45:08,True,2.616e-10,7.715e-13,388819480.0,0.003,0x3e...880b,https://bscscan.com/tx/0xd71fef4378b0e2bc579d51e496faf4d977be524b47ac0c547b3e0fcf3190e709
2023-03-20 19:44:29,True,2.602e-10,7.715e-13,800000000.0,0.0061,0x90...757a,https://bscscan.com/tx/0x65991d650657b2d8248ab5873db29d393e50178c3506fdcb3e718df0f97a6e6a
2023-03-20 19:43:50,True,2.615e-10,7.715e-13,20000000000.0,0.1543,0x37...a14c,https://bscscan.com/tx/0x4fc7922075b1bdaa5043505a01b168d072593062d8db33c01468c75c9d6ec033
2023-03-20 19:42:50,False,2.589e-10,7.677e-13,84846393393.0,0.6513,0xba...f494,https://bscscan.com/tx/0x790f366c8ef256551068fab904804ab0d08f84da43739bb1b694d77b0f476069
2023-03-20 19:41:39,False,2.602e-10,7.677e-13,7650000286.0,0.0587,0xf4...f67f,https://bscscan.com/tx/0x3203084589086bcff405023a93beabc49432bacad4245e7eb7c0d0274e6ffa57
2023-03-20 19:40:31,False,2.589e-10,7.677e-13,17578585614.0,0.1349,0xde...2b2f,https://bscscan.com/tx/0x9ced41860689c811e78f051a847d10bc4a4fac6ab92380dfe08c3b5b4160dad2
2023-03-20 19:39:46,True,2.602e-10,7.715e-13,129601224.0,0.001,0xb9...3414,https://bscscan.com/tx/0xb7d56326661788713f2e0c7ff32689c288c2ad840b66ccb2778f24483c73f597
2023-03-20 19:39:04,True,2.615e-10,7.715e-13,25920246.0,2e-05,0x73...95f5,https://bscscan.com/tx/0x061a34c9b02919bda13a0b2db0a735f346270753c957a59ac3808991950c594c
2023-03-20 19:38:52,False,2.602e-10,7.677e-13,90000000000.0,0.6909,0xd0...f42b,https://bscscan.com/tx/0x87d9831d9814ad96477c6bc4cfee408f39ea06e0c0493305b05094e3d09b8d81
2023-03-20 19:38:28,True,2.615e-10,7.716e-13,13932553691.0,0.1075,0x62...2a1e,https://bscscan.com/tx/0xf6214853b9a0281f24e52fd7440b5de11f9b89b11f895d423a90e151c13dfff4
2023-03-20 19:37:55,True,2.602e-10,7.716e-13,1943951772.0,0.015,0x1f...eacb,https://bscscan.com/tx/0xb197636c8d7cd2324bb373223b7e4d8d24ffd71c8d2ba8de686048076b10b210
2023-03-20 19:37:40,True,2.602e-10,7.716e-13,10301670217.0,0.0794,0xc7...3a1f,https://bscscan.com/tx/0x579aa69c9665a78595f9af95a4c099bfa0e67f7c1e912dce328a6c66f3f5392c
2023-03-20 19:36:07,True,2.601e-10,7.716e-13,4478048324.0,0.0345,0x3e...880b,https://bscscan.com/tx/0x1bc39201e841e65c58d2cea6314d9076e4348d04ceb45a0c65ce98f63f5752f6
2023-03-20 19:32:04,False,2.588e-10,7.677e-13,7125493251.0,0.0547,0x5e...7442,https://bscscan.com/tx/0x9c4a9f6df1fc0156b85c2e32faf91d358c86bf7351ebbdf57fae5bb15bc04703
2023-03-20 19:31:52,False,2.601e-10,7.678e-13,456296002842.0,3.50366,0x1f...ed6a,https://bscscan.com/tx/0x06bf84725d9f13119f065cdbddebb9114b7e0451f16c12c53df6166948ce76dd
2023-03-20 19:31:31,True,2.613e-10,7.717e-13,10365646767.0,0.08,0x84...dba1,https://bscscan.com/tx/0x699d1321b061dc964783140de5629ddb8dc7f57a90dd4565512bbbb6f128a8e1
2023-03-20 19:30:25,True,2.597e-10,7.717e-13,6063931780.0,0.0468,0x00...4009,https://bscscan.com/tx/0x8ca88d19bc1e5465af2d3b221152641e0337cf05ec12d822346bcdf7c8e288ce
2023-03-20 19:30:16,True,2.612e-10,7.717e-13,141021506.0,0.001,0xb9...3414,https://bscscan.com/tx/0x2102b154c5a1dae41f3a19632647005472266635afa75ec06734ffae3a311810
2023-03-20 19:30:13,False,2.599e-10,7.679e-13,3109573105.0,0.0238,0xb4...6c39,https://bscscan.com/tx/0x3dd6a5ba992f02347872536c83a7edbdcfe5d02171f5cccb3cdfdd9af5ffc5fd
2023-03-20 19:29:43,True,2.612e-10,7.717e-13,10000000000.0,0.0771,0x1b...ec92,https://bscscan.com/tx/0x2ccc7a81433203b21672592229927b4af35e31c5bba8a6ae395a3cbab273592d
2023-03-20 19:28:01,True,2.598e-10,7.717e-13,5451308496.0,0.042,0x50...0559,https://bscscan.com/tx/0x0eab0341317f0d3d024d49b0eecf3df972ccd411587a1a211ead9408975fe8fe
2023-03-20 19:27:46,False,2.585e-10,7.679e-13,106460678162.0,0.8175,0x6f...6e91,https://bscscan.com/tx/0x073eca83b22241f8da14974c9b354ea6051b26e28c82a6bf4325760ea33ced7c
2023-03-20 19:27:10,True,2.598e-10,7.718e-13,3832690000.0,0.0295,0x94...b353,https://bscscan.com/tx/0x497088849bf1f5d6fba7db4fe833da0500e1093960c0c552352f7c270c342266
2023-03-20 19:26:07,True,2.61e-10,7.718e-13,100000000.0,7.718e-05,0x1b...ec92,https://bscscan.com/tx/0xf0d2a419b561171f95daf604e6c151e329ffcfa2c41dfc091d150996b9410b07
2023-03-20 19:25:22,True,2.611e-10,7.718e-13,3757414996.0,0.029,0x3f...8a38,https://bscscan.com/tx/0x24ca1a9e9ea967fc2118831709d0f9288070346858209ce9eb6460408ee9bef8
2023-03-20 19:21:58,True,2.595e-10,7.718e-13,19435008498.0,0.15,0xf2...258c,https://bscscan.com/tx/0xe6e696f1d72d9514db1a343f77989f6f001562fc079d0507745c150fce7aceaa
2023-03-20 19:21:52,False,2.582e-10,7.679e-13,24771025151.0,0.1902,0xe5...61f2,https://bscscan.com/tx/0xe0feab354d44761645a9b48df30fdc257e34919320d92a2dc71327ae6777edb8
2023-03-20 19:20:40,True,2.595e-10,7.718e-13,10365291255.0,0.08,0x3f...8a38,https://bscscan.com/tx/0xed44773aa2d79ff36ea13d0749d2a1a1d83b869266fec4a6fb7b558bd38d539a
2023-03-20 19:16:46,False,2.577e-10,7.679e-13,14829030653.0,0.1138,0x31...ba29,https://bscscan.com/tx/0x1dd35d3ab0c2f011c3c52f36a0920a3d275bbb429f67511635c00ea8ade3348c
2023-03-20 19:14:40,True,2.603e-10,7.718e-13,2213261321.0,0.017,0xe6...bd96,https://bscscan.com/tx/0x762df9e5cc9979b72e2876c155aa3637d270c9428eb89670b8e7ad6d57516451
2023-03-20 19:14:31,False,2.578e-10,7.679e-13,6817931469.0,0.0523,0x25...12c7,https://bscscan.com/tx/0x1cdeddd06dc4d6d2cbda8d17a2c7214e2e6411309271e099332d99487095e684
2023-03-20 19:13:49,False,2.578e-10,7.679e-13,6317055432.0,0.0485,0xf4...f67f,https://bscscan.com/tx/0x448906ce3fbbf74b7504c02dd041e2a165164a6b321933001cd45bf523eedafb
2023-03-20 19:13:16,True,2.591e-10,7.717e-13,454304000001.0,3.50602,0xac...d203,https://bscscan.com/tx/0xfd5bcfb8e7599f72e8bc25e370601abe12ec94d929b008b26bf764ea086b4ab1
2023-03-20 19:13:13,True,2.591e-10,7.716e-13,6000000000.0,0.0463,0x96...eeb3,https://bscscan.com/tx/0xcd8573e910838e1a1a2e1d68bb25c675c6c36e234cd0f374ef1396f7ce5158c8
2023-03-20 19:12:55,False,2.59e-10,7.677e-13,7584836780.0,0.0582,0xed...9884,https://bscscan.com/tx/0xfbf036d810f302c968192553e42003b0a171be9ed8d097abc5ee23c303886ece
2023-03-20 19:12:13,False,2.589e-10,7.678e-13,367632959119.0,2.82292,0x6b...f863,https://bscscan.com/tx/0x06af7a477401373c3c5ff580a04899976fd1660dca774616b55ecfc387ae9a45
2023-03-20 19:12:04,False,2.59e-10,7.679e-13,2490371315.0,0.0191,0x3d...201e,https://bscscan.com/tx/0xc300cd370337ce8fd9f5d2b5ec9a021b510a78245504a80d2e9f0934f61d31ff
2023-03-20 19:11:34,True,2.601e-10,7.717e-13,2304538926.0,0.0177,0x46...1299,https://bscscan.com/tx/0xf3cf8d19756bf764c7fba0673899bbda60663c0bbeda2fadeca650a2f94ce8a9
2023-03-20 19:07:55,False,2.575e-10,7.679e-13,263811222304.0,2.02601,0xc1...7d71,https://bscscan.com/tx/0xf44226cd322ee924456385e218f7c8b6cdbda5294c2f88f9de55d2d2e09423bd
2023-03-20 19:06:19,False,2.576e-10,7.68e-13,5545424151.0,0.0425,0x51...4be5,https://bscscan.com/tx/0x93303344695530eddad052b86752dc055281a6f8cb88e2fb588b205a418ce9b6
2023-03-20 19:06:10,True,2.587e-10,7.718e-13,4000000000.0,0.0308,0x8e...11ab,https://bscscan.com/tx/0xf3fc4a056396e3893407bc962a16ad03fea1f05b5eeba77a8ad25e302d4c6adb
2023-03-20 19:05:55,True,2.588e-10,7.718e-13,1000000000.0,0.0077,0x52...c8cf,https://bscscan.com/tx/0xde23c1541e69789b95b971f78aea0e321a85fc3b7b4a35e2098fa023fa1863b4
2023-03-20 19:05:49,True,2.602e-10,7.718e-13,10000000000.0,0.0771,0xa6...9ac7,https://bscscan.com/tx/0x2e9bdd7767bfab16f2f0931fc3a3c20462c7483c60e91119134e140f86a68dc2
2023-03-20 19:04:55,False,2.576e-10,7.68e-13,28440997082.0,0.2184,0x68...ee4d,https://bscscan.com/tx/0x7a8da893b3a3ab821744d62dfd279d6e9456274ce108f9e0960c81fcdbda0797
2023-03-20 19:04:16,True,2.602e-10,7.718e-13,32998912596.0,0.2547,0xe4...db77,https://bscscan.com/tx/0x67ebf74e3ff955436c4e8d40023da186db8228b061b0ccc0baf86dca951519c8
2023-03-20 19:04:07,True,2.602e-10,7.718e-13,8591439053.0,0.0663,0xe6...7f30,https://bscscan.com/tx/0xe5194d1191019dd40c9a380192d6e45a4bb0969d4f0bcefdc5decad0f02b2d2d
2023-03-20 19:01:58,False,2.581e-10,7.68e-13,12249331331.0,0.094,0x0d...fa58,https://bscscan.com/tx/0x4db730d650b90703fa46865511622621c05f38fd60d063e193eb8e18944dd326
2023-03-20 19:01:46,False,2.594e-10,7.68e-13,4206792483.0,0.0323,0x13...7ef9,https://bscscan.com/tx/0x197a661b8ff7dcf2502c8758a2301eabbbec22856ca88926a0e36734df51aed3
2023-03-20 19:01:34,False,2.594e-10,7.68e-13,1691338350.0,0.0129,0x89...e98e,https://bscscan.com/tx/0xf1a4868902eb9da3d6d84611ca555d88c553fb71c755d69f5f82ca508abd38ec
2023-03-20 18:58:28,False,2.585e-10,7.68e-13,144036474061.0,1.10627,0xf4...175c,https://bscscan.com/tx/0x2c19ee69c5b710d04322541a0bd1b9d73a0655379fca08fe86bd9f5203b08eba
2023-03-20 18:58:04,False,2.585e-10,7.68e-13,22520439317.0,0.1729,0xf0...2f38,https://bscscan.com/tx/0xfcad4e00e8b6090c5801486c243ee2d697e41027d0db67e26af6330b6e1f460a
2023-03-20 18:56:31,False,2.586e-10,7.68e-13,2742707880.0,0.021,0x55...2c36,https://bscscan.com/tx/0x37496bcad5484dc56663451659e96ab4dc3e78fcd3ce801d65d7cec9a287adb1
2023-03-20 18:55:25,False,2.599e-10,7.68e-13,27885773742.0,0.2141,0xf6...da54,https://bscscan.com/tx/0x4e7bd1c7c89f47ea574f66295bca42ee767340eadd346abb6985f66153ae2b76
2023-03-20 18:55:19,False,2.599e-10,7.681e-13,244555564514.0,1.87851,0x9b...3c49,https://bscscan.com/tx/0x7cf466f4b837bf1e31dfeab3f31946b3792666cb5d5e6b8f4a31ead252e389aa
2023-03-20 18:55:10,False,2.6e-10,7.681e-13,34511344825.0,0.2651,0x56...30f8,https://bscscan.com/tx/0x1dcd7dc75f00a0cf8b49d97c4af61b30fd3b1d086bfb22a9ad2f36f81d3bf564
2023-03-20 18:55:01,False,2.599e-10,7.681e-13,21204946250.0,0.1628,0x3d...201e,https://bscscan.com/tx/0x63f269d8cc96c103bd58aba5748841f0b0bf0c7c185fdd20092f6e2387d412c0
2023-03-20 18:54:58,True,2.612e-10,7.72e-13,6868961124.0,0.053,0x07...9e5e,https://bscscan.com/tx/0xdf06ff8afb573e01b3cf4f8a1163e479f74999377f7e04058045c31f3ab95215
2023-03-20 18:49:04,True,2.611e-10,7.72e-13,5463020000.0,0.0421,0x47...713b,https://bscscan.com/tx/0x3ba09609569d0e4e263808b8817feed2dcc1bf66190558d0e47776418397687d
2023-03-20 18:48:07,True,2.611e-10,7.72e-13,1000000000.0,0.0077,0x55...b68f,https://bscscan.com/tx/0x6b33cae73424420a7808d53b061a0162da7b36d87ef121e00772dd4b6a272ce8
2023-03-20 18:48:04,True,2.611e-10,7.72e-13,28000000000.0,0.2161,0x4c...06b5,https://bscscan.com/tx/0x9ca58e3c2177941d02c91b5967f73e85c72499e89c4d24f24f35b4c6d9a90d76
2023-03-20 18:47:49,False,2.598e-10,7.681e-13,44727378048.0,0.3435,0x6e...6cc1,https://bscscan.com/tx/0xf5c6254e19fd5b38eff91e615062173d8e069b92e21abfc8b80efea68d97ffec
2023-03-20 18:47:37,True,2.596e-10,7.72e-13,10000000000.0,0.0772,0x55...b68f,https://bscscan.com/tx/0x7c90e9f4aa86a884dde55415f9099ff2321956c2530e214451c48cace88b0a66
2023-03-20 18:46:10,True,2.611e-10,7.72e-13,3000000000.0,0.0231,0x1e...2341,https://bscscan.com/tx/0x5001c42278094ab40280d5d34ecd9b7a51413d722dcffb55f925f14f4b3672e9
2023-03-20 18:45:55,False,2.598e-10,7.682e-13,256161117665.0,1.96792,0x05...7066,https://bscscan.com/tx/0xb75d909e1b2d7ce700f5b325706c62ddcb546695e9da3728d8f679a584efdbf2
2023-03-20 18:45:52,True,2.611e-10,7.721e-13,2764650223.0,0.0213,0x2f...c74c,https://bscscan.com/tx/0x17779c6174509cfde2efd361723db76eb5b62a026181cb17e153feb9791388f3
2023-03-20 18:42:55,True,2.611e-10,7.721e-13,19143462699.0,0.1478,0xe1...fdbe,https://bscscan.com/tx/0xe4d88ee3fab48dc8b705eca1d4540b717f7ea3a7a616b3231a4f03014d48efe3
2023-03-20 18:41:46,True,2.611e-10,7.721e-13,6846195157.0,0.0528,0x51...4be5,https://bscscan.com/tx/0xaf09c1245b7cc45a69b3714449dc2ba77c992d105d8c1afd0422e328a204e3ca
2023-03-20 18:40:28,True,2.611e-10,7.721e-13,9000000000.0,0.0694,0x94...3647,https://bscscan.com/tx/0x2363dae358a7c48ce254d7b0ac1d8203f0f808eae1d1146814ee296721198def
2023-03-20 18:39:55,False,2.586e-10,7.682e-13,38630200555.0,0.2967,0x3d...691e,https://bscscan.com/tx/0x348694585030f7d8e22eed5a020745bfcb37c3713b6467eab25f45543d7aedec
2023-03-20 18:38:04,False,2.598e-10,7.682e-13,1427863352.0,0.0109,0x06...5c09,https://bscscan.com/tx/0x6849397621ffa2aa220710ec2494d646ed5680b76fe2b089ad33afab3e3b4a23
2023-03-20 18:37:10,False,2.598e-10,7.682e-13,10321034835.0,0.0792,0x57...2097,https://bscscan.com/tx/0x3f39ff2a56f1febb8d44a36dbdeeddcf9cce86c8b0b93f64b6e1474e595ba387
2023-03-20 18:36:46,True,2.611e-10,7.721e-13,40000000000.0,0.3088,0x49...9a2e,https://bscscan.com/tx/0xa02f1adcc63bfab1e44e9daf6779e26393cd7c1cec912dcf4cbba4a3188e7780
2023-03-20 18:35:52,True,2.598e-10,7.721e-13,5370106730.0,0.0414,0xe6...7f30,https://bscscan.com/tx/0x65af7f36a98030338a9f664189c89eb84b1522572d237014f55fc67ee58c7055
2023-03-20 18:34:28,False,2.597e-10,7.682e-13,72000000000.0,0.5531,0xa1...6779,https://bscscan.com/tx/0x0b5cc5eebe51ca71b9b0b5941b951f90728b33b7c56e3aa3a5240bba0444532d
2023-03-20 18:31:49,False,2.594e-10,7.682e-13,1949221884.0,0.0149,0x12...b903,https://bscscan.com/tx/0x9f2a5e05394e8674f27e914d61df977a8fab60bda4e4349ad169b82c4d9e6a0a
2023-03-20 18:31:22,True,2.594e-10,7.721e-13,7252471289.0,0.056,0x2e...05ab,https://bscscan.com/tx/0x9de8184430dc4e9a55c6c2e1d1e2d88f8bb669e7119cd9ccfe97ffa136e626da
2023-03-20 18:31:07,True,2.595e-10,7.721e-13,16733602983.0,0.1292,0x2a...7550,https://bscscan.com/tx/0xfcd3879205e4bd1696e8c7ff419656346782a84a417451a1d254a2f8fa2bf534
2023-03-20 18:29:25,False,2.594e-10,7.682e-13,8458194115.0,0.0649,0xb4...4cc7,https://bscscan.com/tx/0xff56ee2cc5b27b8d94af8621ae659da61d81bba8e62d0c0b49861dc072ad59ce
2023-03-20 18:28:07,True,2.607e-10,7.721e-13,1738237295.0,0.0134,0xde...9aa9,https://bscscan.com/tx/0x19c35f9749c94c0d92504560bcd78284d95249a60e4e6b6308b3b628fa074f49
2023-03-20 18:26:55,True,2.606e-10,7.721e-13,3742264786.0,0.0289,0x6d...9275,https://bscscan.com/tx/0x5d9a464b699cee0c9be5f6df5d52d1e475ac1ec42bdee4a1abdae5d55e04c8de
2023-03-20 18:25:10,False,2.592e-10,7.682e-13,34110000000.0,0.262,0xe0...0382,https://bscscan.com/tx/0x0739a510c23a9d76a0988b1396a4e174d6eb0559bc710e03f12c376e3422b032
2023-03-20 18:25:04,True,2.605e-10,7.721e-13,3650147283.0,0.0281,0x9b...b164,https://bscscan.com/tx/0x09ac7837418daea8ac3cad97c9a4e662d6a6b2e7ac580a7a36eb3313de66a1b4
2023-03-20 18:24:34,False,2.594e-10,7.683e-13,59522849727.0,0.4573,0xaf...14e9,https://bscscan.com/tx/0x19dd7f824a9909ff9b8c90a0988ef7325eeaf9bd49151ad2db7f41d5ae55fd52
2023-03-20 18:24:04,True,2.605e-10,7.721e-13,1084716018.0,0.0083,0xe6...7f30,https://bscscan.com/tx/0xc198b235bdb6a7ff422d354fd8426a92b3c35f71b2a5d98cd379152d79ff26b5
2023-03-20 18:23:40,False,2.58e-10,7.683e-13,41707917035.0,0.3204,0x15...996e,https://bscscan.com/tx/0xac3ad007174f7fd59fb30ebf5fcfd4056400e357d9b51bcea51c6f5cac48a114
2023-03-20 18:23:04,False,2.593e-10,7.683e-13,6927477086.0,0.0532,0x09...7301,https://bscscan.com/tx/0x04f6ad8e8b14bd1c739a2011f5394d2958802dcdd510c7248c99146617d1fd49
2023-03-20 18:21:19,True,2.605e-10,7.721e-13,91427306587.0,0.7059,0xe7...9d8a,https://bscscan.com/tx/0xa6904e68bb02155544d9f7ec74f2e5cafdab5e4358379f5c79f8dcccd5ea16db
2023-03-20 18:18:58,False,2.593e-10,7.684e-13,978220943739.0,7.5174,0x9b...3c49,https://bscscan.com/tx/0xf25e5da47187c26ef15695e8501fd39e1fa94d69c05075b33dafd86865da8628
2023-03-20 18:18:46,False,2.594e-10,7.686e-13,2281258468.0,0.0175,0xb3...d317,https://bscscan.com/tx/0xeb42a6e1b00a0a1bbcd796552208605cc703df32b219f602163f2eac6fee1ee5
2023-03-20 18:17:49,False,2.594e-10,7.686e-13,1689243068.0,0.0129,0x04...a324,https://bscscan.com/tx/0x7a70300b6f87b3bf9e39fd1b1548eeedebb3f2173f8ba914c46ef6c20dbec9d7
2023-03-20 18:17:40,True,2.594e-10,7.725e-13,5000000.0,3.862e-06,0xe4...99d1,https://bscscan.com/tx/0x03f8bbcdc3897c331e6e82dda3c4569f5c0bc66a0e0a497f46e9458978295281
2023-03-20 18:16:52,True,2.606e-10,7.725e-13,8543623878.0,0.066,0x67...a562,https://bscscan.com/tx/0xf12b950ca8d7cdc7ea4a484a2f63adaccadc71bc7c2d7450deedf03cdf8af88e
2023-03-20 18:15:25,True,2.604e-10,7.725e-13,14239447506.0,0.11,0x22...a0b8,https://bscscan.com/tx/0xa2ca6eebffc1a3937df5babdab65926f3f5404dcca6bc92cac42728ab8271774
2023-03-20 18:15:22,False,2.591e-10,7.686e-13,39317573187.0,0.3022,0x02...4b5d,https://bscscan.com/tx/0x5491f83a868cfa92efe43e2c69a5d38b3468b769c57f74c984c7890bec7ce464
2023-03-20 18:14:43,True,2.604e-10,7.725e-13,33406571010.0,0.258,0xe7...9d8a,https://bscscan.com/tx/0x332e17011a6b7f9dbdb892dce2987de707a1a048e85fae8a0c4f91e7a08a7c4d
2023-03-20 18:11:06,False,2.591e-10,7.686e-13,18453840588.0,0.1418,0x55...52e7,https://bscscan.com/tx/0xe3089189e2ab29d4315bd195e6aa7d671290c8df48b4ca4f92a3ffde91e77a47
2023-03-20 18:09:51,False,2.59e-10,7.686e-13,7372540744.0,0.0566,0x91...dcee,https://bscscan.com/tx/0xd59bdbd47b30fcf46f0117adeb7b8700a9f81b2cf73a21fffb24c725f4eb223f
2023-03-20 18:09:51,False,2.59e-10,7.686e-13,22500000000.0,0.1729,0xaf...60a3,https://bscscan.com/tx/0x6133736ac6102d9a8f9f50d937e8a72f0d332a84abef9087521207b64c264974
2023-03-20 18:09:37,True,2.59e-10,7.725e-13,7593803619.0,0.0586,0x15...5671,https://bscscan.com/tx/0x1fac8761c0946f2a425f6f1e0a7f8de732c5dc8cce826c193996b5b2f19aee6d
2023-03-20 18:08:25,True,2.6e-10,7.725e-13,18216031720.0,0.1407,0x54...7d5d,https://bscscan.com/tx/0xfab55c72c5bb509960c55096ccb801c0c97f09e3fa9ba5d82263cc36eb3600c6
2023-03-20 18:07:49,False,2.587e-10,7.686e-13,35660462029.0,0.2741,0x3f...b4bc,https://bscscan.com/tx/0xbea3b3c412d00f4c083efd8543fef7d56fd796898cd0ac8ecc96d016952fabd4
2023-03-20 18:06:58,True,2.599e-10,7.725e-13,100000000000.0,0.7725,0xf7...cb26,https://bscscan.com/tx/0xd4212651b3f7117c240ff5135b728d60eb2d8635fa78216754ba219d5a6da5ca
2023-03-20 18:06:13,True,2.586e-10,7.724e-13,63732400000.0,0.4923,0xe6...9388,https://bscscan.com/tx/0xab06f35f55ccbf46cd13b55817e05d2cc94049370ef06b2feb78a339f8f97ee6
2023-03-20 18:06:13,True,2.586e-10,7.724e-13,34270358519.0,0.2647,0x15...4042,https://bscscan.com/tx/0x2d0b66c9bc0d17d8153873a396813b1e4f0cb40b8973963df07400d4fe175751
2023-03-20 18:06:01,True,2.584e-10,7.724e-13,3883740737.0,0.03,0xcf...0e01,https://bscscan.com/tx/0xe608d1ddcb3490a4fa1e1a6ed55cbea59434becb6aecb94188e3dc3d2c33172f
2023-03-20 18:03:07,True,2.596e-10,7.724e-13,11651263720.0,0.09,0xac...63dc,https://bscscan.com/tx/0x8b6a6a3ea1360a7e5f0a55ca340c790d5010b90edf19c2307efb447b5b9aba6e
2023-03-20 18:00:40,True,2.586e-10,7.724e-13,10000000000.0,0.0772,0xb5...3891,https://bscscan.com/tx/0xcfccc2775d5839922696f3f91fc8c09c444027a77c2c6b09afb985ee01741f7f
2023-03-20 18:00:13,False,2.572e-10,7.685e-13,43105331643.0,0.3313,0xdd...d791,https://bscscan.com/tx/0x6e7d0a123ae11cded5470472c09bd806b366d82098a19bff77ada1f5a5220709
2023-03-20 17:57:34,False,2.587e-10,7.686e-13,12600000000.0,0.0968,0xaa...e5d0,https://bscscan.com/tx/0x8bb566ebf6ff8dc72fb8806fc933d3dc94f156812625640714c79cef1d88fcdd
2023-03-20 17:56:25,False,2.59e-10,7.686e-13,7673825192.0,0.0589,0x18...902a,https://bscscan.com/tx/0x31ace7e4463824cb7ebae6eff40313aa2ef0451e8f28e255dec364e1756343b0
2023-03-20 17:56:13,True,2.591e-10,7.724e-13,194183518.0,0.0015,0x4d...7194,https://bscscan.com/tx/0xdc1dec271876b038a33d9d4a69e2cfa186cbaa03588891dc64479001a05d21aa
2023-03-20 17:56:04,False,2.591e-10,7.686e-13,7806357194.0,0.06,0x2d...5130,https://bscscan.com/tx/0x80a618b3bc7b40dae0d98324759d937aaec1edf3b67f11ca43fee8a4ce35b3bd
2023-03-20 17:55:55,True,2.604e-10,7.724e-13,5178215052.0,0.04,0xfb...42f1,https://bscscan.com/tx/0x24b874ae8a05f4b661f4ae69f2ea42cb1954fb66c1db9596cd1640943cef6250
2023-03-20 17:53:52,False,2.577e-10,7.686e-13,68113864338.0,0.5235,0xb7...b273,https://bscscan.com/tx/0xe785e78ede23b0822a0148e40cf2414dfc7b24d03e950fbb1278f7ac6e384578
2023-03-20 17:52:31,False,2.578e-10,7.686e-13,310656228492.0,2.38797,0xb7...3702,https://bscscan.com/tx/0x8ec1172bc3b34d2769d684e6d419f9f0345204f3dbb9cfe9cec4824dcc5e7c47
2023-03-20 17:52:04,True,2.603e-10,7.725e-13,25886776062.0,0.2,0x55...73cc,https://bscscan.com/tx/0x6a0cfc9c1fb4695146e703a3044ff552aab955b42044c2af8e875073a755c6d8
2023-03-20 17:50:40,True,2.59e-10,7.725e-13,4024568922.0,0.031,0x19...0432,https://bscscan.com/tx/0xaddb22f11a8e00b4c43ac22a426a3920134338bd0fa92e8330855ee970e8d9ec
2023-03-20 17:50:34,True,2.603e-10,7.725e-13,27769407305.0,0.2145,0x92...45ba,https://bscscan.com/tx/0xcbd961978d95af264b19d1f706359a18aeb9e659aceafc2cc1adb8ed5d9cf95f
2023-03-20 17:49:10,False,2.576e-10,7.687e-13,45000000000.0,0.3459,0x1f...7611,https://bscscan.com/tx/0x6c4a2339b035aed8bcfb24f07ded3cbdb42bcd6bf75c3bf9b18aaad2222b9bd9
2023-03-20 17:47:22,True,2.594e-10,7.725e-13,38217300000.0,0.2952,0x0c...dd0d,https://bscscan.com/tx/0x3239dab39425f764af1056a9935464bb58dc8b80d9820472960674ad75ce32d8
2023-03-20 17:46:16,True,2.607e-10,7.725e-13,692040908.0,0.0053,0x15...4042,https://bscscan.com/tx/0x269997ff881beef95ed81bd2f75328c4b92215d9d37bb65ed04e750689442ad8
2023-03-20 17:45:25,False,2.594e-10,7.687e-13,11596293766.0,0.0891,0x6c...e179,https://bscscan.com/tx/0x9f01c7f4dc7ce684d92689b2f4640968379d8cc372600106075fb51139fe5e0c
2023-03-20 17:42:58,True,2.594e-10,7.725e-13,1941533256.0,0.015,0x4d...7194,https://bscscan.com/tx/0x145c2f04561ef8c4756c185466ef933213f7594efb2a945eb217efd2b495d941
2023-03-20 17:42:52,True,2.594e-10,7.725e-13,2588713697.0,0.02,0xaa...0482,https://bscscan.com/tx/0xbbdfc9bf601ac104e252fc6d07829a9f25dbed2f83913db9d10987a5e2e2b2ea
2023-03-20 17:42:28,True,2.592e-10,7.725e-13,123806118177.0,0.9564,0xdd...9151,https://bscscan.com/tx/0x2ba1f3cf10c86377cbe46d7b5a3c7e59cd3a6721588c840ba9a414ab24a01bc3
2023-03-20 17:41:37,False,2.592e-10,7.686e-13,4532258593.0,0.0348,0x6c...b2fe,https://bscscan.com/tx/0x1ca7d7226f4f3dc1b9a79d5e9a76355e618aed9117db234b4ba3beb72e3fda4e
2023-03-20 17:40:31,False,2.591e-10,7.686e-13,1251094490.0,0.0096,0x93...e33d,https://bscscan.com/tx/0xbf6193696bcc1b47585f6077b93115f1e3bd560410069b64cf776c9079ebe288
2023-03-20 17:39:34,False,2.592e-10,7.686e-13,47501387692.0,0.3651,0x0f...3477,https://bscscan.com/tx/0x8c3e1a451db74608e5f129b12e02e5bfcdffb857cce1b85aa59be74fa9364dcc
2023-03-20 17:35:43,False,2.577e-10,7.687e-13,4347237700.0,0.0334,0xa4...f8f6,https://bscscan.com/tx/0x38648b077f793cd351ea350d368e6770b9f6af6a31e2cc12fc4403465d70cade
2023-03-20 17:33:31,True,2.59e-10,7.725e-13,1294397349.0,0.01,0x45...65b9,https://bscscan.com/tx/0x1595830bb8647b102fee8613309e8f9edb31d4d573ddebadf01a52867b8fa5af
2023-03-20 17:33:22,True,2.603e-10,7.725e-13,6212201685.0,0.0479,0xd8...2728,https://bscscan.com/tx/0x8e1faf49307e233495c8b666e8d7585752448dd5fbef30b03b7f185cd31ac75a
2023-03-20 17:31:59,True,2.589e-10,7.725e-13,10000000000.0,0.0772,0x22...f9f2,https://bscscan.com/tx/0x54c4c708c603a7e52051125d18b2559f9e6631a8b855238f08af1815a89ebe80
2023-03-20 17:31:47,False,2.589e-10,7.687e-13,47302447254.0,0.3636,0x92...98bb,https://bscscan.com/tx/0x437134d78a5ccf9552a892fc1d9dcbf3712febc56dbb0d2b40a91dd57de7c969
2023-03-20 17:31:25,True,2.6e-10,7.725e-13,80884800001.0,0.6248,0xac...d203,https://bscscan.com/tx/0xfdb6587e78725c71a052472baa5e807c667a74a6fc714fc6190cb2e8ed1e7251
2023-03-20 17:28:15,False,2.576e-10,7.686e-13,18548395341.0,0.1425,0xec...c992,https://bscscan.com/tx/0x0668d8de61790c0b48e9966bc8d4add97a7fab2d591e142de911c30c374fb6c4
2023-03-20 17:28:06,True,2.588e-10,7.725e-13,7528889391.0,0.0581,0x5c...f35e,https://bscscan.com/tx/0x881003638dbd97b9eff1c6912c13e3881130a7e511f3bb60f34b284899162ed2
2023-03-20 17:27:39,False,2.576e-10,7.687e-13,239584345363.0,1.84176,0xc9...9191,https://bscscan.com/tx/0x28e9b2f5144f5e9c0dd15a5236d0ee90261365f4cbba1d6b71c9660f989f7e57
2023-03-20 17:26:57,True,2.59e-10,7.726e-13,245913031.0,0.0019,0x4a...c56c,https://bscscan.com/tx/0x7dec3f691b42f96dbc64ed2cfab8d8094186304ebbecd68b2b83f18796b54d7b
2023-03-20 17:25:12,False,2.578e-10,7.687e-13,58542120000.0,0.45,0xa4...96bc,https://bscscan.com/tx/0xfb1e925b2609acb44f78aafb51018c6f206bf9ee7372cd36b7a4cdbde8fed062
2023-03-20 17:25:12,True,2.59e-10,7.725e-13,371056885829.0,2.86673,0x5c...4f49,https://bscscan.com/tx/0xd510bee7b8934f17b29de012a856f55ec1d48e2bb25193ecf9a52d7b45578c48
2023-03-20 17:24:57,False,2.577e-10,7.686e-13,1440000412.0,0.011,0x9d...6ace,https://bscscan.com/tx/0x6ccf7f4ef159eb4a378a8e80f1f0c12ef05a62122220fbc720622ba05face400
2023-03-20 17:24:18,False,2.59e-10,7.686e-13,79093168583.0,0.6079,0x3a...617c,https://bscscan.com/tx/0x94f7832ebec649051a1c5ccc017ae423aad99dcd07f5e7ca0d788c6a62f7a263
2023-03-20 17:24:18,True,2.603e-10,7.725e-13,6622877332.0,0.0511,0x07...70f6,https://bscscan.com/tx/0x2a488501e26d8acbcd4214802ae73662a0c63865be20e7d74298babb0d47dc39
2023-03-20 17:23:29,True,2.59e-10,7.725e-13,59988033802.0,0.4634,0x98...ffc9,https://bscscan.com/tx/0x2fd6bf9c251f6cdbe431c1f612e9f52bc223e8795bf718260c1b7853de600286
2023-03-20 17:20:50,False,2.58e-10,7.687e-13,216598500000.0,1.665,0xa4...96bc,https://bscscan.com/tx/0x4e183640950c2708529a8f8bbd8f4e0b23812f84263d9cab728e092b8e1428a5
2023-03-20 17:18:34,False,2.597e-10,7.687e-13,7885309036.0,0.0606,0x97...178d,https://bscscan.com/tx/0xe408ba243f9f6659a9422073b1c011269e2fdf8bb75c4b8210e8918a5cad1dff
2023-03-20 17:17:39,False,2.597e-10,7.687e-13,11212157307.0,0.0861,0xf0...c1fc,https://bscscan.com/tx/0x31a5b54ccd3e3cd1f2070b8e0377a103e11ec1756366ab5330ba12002f2ce552
2023-03-20 17:14:41,True,2.611e-10,7.726e-13,6919420000.0,0.0534,0x3a...5b66,https://bscscan.com/tx/0x8870a5044d872d16032d07e48d05aa6d1629e7a7b3f5a40ec8aecef06f88e814
2023-03-20 17:11:45,False,2.589e-10,7.687e-13,1305021532.0,0.01,0x01...44c5,https://bscscan.com/tx/0xa1cb56d5eceee83312367c39f677b5ccae0b5aa1aa777ef75a1c9f9b6f04fb70
2023-03-20 17:10:09,True,2.617e-10,7.726e-13,2000000000.0,0.0154,0x7f...8c0a,https://bscscan.com/tx/0xc6131cb0b4212bd98286b93c5e90acf83a1b9918d0fb8a90cd3b4a9dc4618988
2023-03-20 17:10:03,True,2.605e-10,7.726e-13,4918427550.0,0.038,0x13...3bc2,https://bscscan.com/tx/0x67419867e7d138c553c52c444f715b117b4e61e11c5c5986110f8671508eb94a
2023-03-20 17:07:42,False,2.592e-10,7.687e-13,3604985494.0,0.0277,0x9d...6ace,https://bscscan.com/tx/0x26f4b7f30fcf20a4ccc771454ece920c283dc4c1ce621e7cda6804c52c6bbb0b
2023-03-20 17:06:45,False,2.604e-10,7.687e-13,5100490043.0,0.0392,0xbe...36c1,https://bscscan.com/tx/0x4fb625b19f48b76cb7be20b14f91a8af03454fa9a6e9de96eab5fffd3e65f1a1
2023-03-20 17:06:27,True,2.617e-10,7.725e-13,150715000000.0,1.16439,0x3a...5b66,https://bscscan.com/tx/0xe71fb144a0d2c6c14230142a43d331b0243cc7ec87d27e0244bebdf3642c8fb5
2023-03-20 17:05:07,False,2.602e-10,7.687e-13,30939343937.0,0.2378,0x7b...c824,https://bscscan.com/tx/0x83382156d9e41d9eaa692206d23370b1cdebfd23379bc647475abe69a59ad761
2023-03-20 17:04:07,False,2.602e-10,7.687e-13,93010138209.0,0.7149,0x05...7066,https://bscscan.com/tx/0x891d7d9dc8ecb64a6f2ae76c9208ae53ecf387a8fd4e1cc0be45f97f16a78549
2023-03-20 17:04:07,False,2.602e-10,7.687e-13,9000000000.0,0.0691,0x18...aeb0,https://bscscan.com/tx/0x4b70e84515655e18ce2235e84ba21cbb3998b9e9ae992295d8f57f8c4f84e433
2023-03-20 17:04:04,False,2.605e-10,7.694e-13,3923447444000.0,30.1883,0xbd...e18d,https://bscscan.com/tx/0xf1a9d09cc8bb35f19a188123c82e887f17b0ebadf8cabc3a5671a76d072cf7c7
2023-03-20 17:02:13,False,2.609e-10,7.702e-13,434763791060.0,3.34855,0x9b...3c49,https://bscscan.com/tx/0xadba64ed8a8a842777417a32287afb941e4b4d1c9be62e3271543bef0bf85fc3
2023-03-20 17:01:49,True,2.622e-10,7.741e-13,5722468758.0,0.0443,0x97...bc5a,https://bscscan.com/tx/0xd3f5681997651bf9aee529aa6a1f3d0e9d073870dabf3eafa9d59e6d1fededf3
2023-03-20 17:01:40,False,2.596e-10,7.702e-13,20606883502.0,0.1587,0x6d...533f,https://bscscan.com/tx/0xa845997f949356a4f36425e1b2b9d0d034bb81d91a97063cd5cc27547c6ee077
2023-03-20 17:01:31,False,2.598e-10,7.709e-13,3923444354392.0,30.2488,0xbd...e18d,https://bscscan.com/tx/0xf52c77363f1a254a60bb1b5faceae63d8cb167df339a51e5a7ee3760f9160cf8
2023-03-20 17:01:22,True,2.626e-10,7.754e-13,285412202059.0,2.21334,0x7a...63cc,https://bscscan.com/tx/0xec29a30e3fd0f74223aa7ba03f694b43479794f313d7a80012abf01de070013f
2023-03-20 17:01:07,False,2.614e-10,7.715e-13,9490640860.0,0.0732,0xa7...54ab,https://bscscan.com/tx/0x9d66000dff5fc460e34a851a9044046757fb3e71dfd3fa358f9eedebf03f5725
2023-03-20 17:00:43,False,2.614e-10,7.715e-13,13500000000.0,0.1041,0x06...2ce7,https://bscscan.com/tx/0xd3fc7630c6057c4ceb571fe1d8ca8ca96b83a4b00a55ed49cc924d812062a965
2023-03-20 16:59:37,False,2.601e-10,7.715e-13,1800000516.0,0.0138,0xff...7afa,https://bscscan.com/tx/0xd178cd9e6a007c5f161eef90ce8c4cf00d0c5ca4d2c576db260c8baa95133344
2023-03-20 16:57:58,False,2.599e-10,7.715e-13,14796796619.0,0.1141,0xff...7afa,https://bscscan.com/tx/0x16b8779b867d30476297e9c51fbfce0e63a566d294ab01422821bc6025bcd336
2023-03-20 16:57:31,False,2.612e-10,7.715e-13,94558322729.0,0.7296,0x6f...5f25,https://bscscan.com/tx/0x9ea1c3dbcd316af6cd13083fc75243bb95cd73032b1d8c483192b8631931558b
2023-03-20 16:57:07,False,2.611e-10,7.716e-13,100333965699.0,0.7742,0xbd...9397,https://bscscan.com/tx/0x0a5f554eda9b008c1f9666ce6365ca9bbdfc79db8a0378f141523467d27f34ab
2023-03-20 16:55:46,False,2.598e-10,7.716e-13,9000000000.0,0.0694,0xcf...ff81,https://bscscan.com/tx/0xe1373f2f1b5e8552ea75822dde5d7522bf77b1c2b87b86c89efedfe7beec0bba
2023-03-20 16:53:49,False,2.61e-10,7.716e-13,17064511171.0,0.1316,0x9f...ce23,https://bscscan.com/tx/0xe45797145a18d31e0f20dd65fb8494008cfffb7ba9383623501c8ba79db332ba
2023-03-20 16:53:01,False,2.598e-10,7.716e-13,3257194049.0,0.0251,0x6e...a58c,https://bscscan.com/tx/0x4b95bace35fd4dfe9128781dbab314a2e571427a88cfb1a0692e32cfdec996c3
2023-03-20 16:52:05,False,2.598e-10,7.716e-13,14398714988.0,0.1111,0x92...f181,https://bscscan.com/tx/0xb4072897ead61cea0d5329a87c754259138bf68c54e590d302bc6958e2d5d15e
2023-03-20 16:50:30,False,2.598e-10,7.716e-13,28831961088.0,0.2224,0xc7...1d93,https://bscscan.com/tx/0xd9640a983229f11b5f4917b2c9c4d8fb11a1e471284914967eb3f8574ca7b6ea
2023-03-20 16:48:56,False,2.613e-10,7.721e-13,2615628254375.0,20.1962,0xbd...e18d,https://bscscan.com/tx/0xdafd2f9fc50681b23a6e0aedbaba2dad76ba7ddbf9536c76b8d5e7e57464f7eb
2023-03-20 16:48:15,True,2.628e-10,7.764e-13,33226874435.0,0.258,0xc3...aa43,https://bscscan.com/tx/0xee93ce156114f99d6d86e4bf7720d25a1f77dac86688fd2ba559db77a9c57573
2023-03-20 16:47:03,False,2.602e-10,7.725e-13,10932900587.0,0.0844,0x60...a12c,https://bscscan.com/tx/0x4c796fcafeab89af2dd5b2a90f1295d745d232e3ba4c3742e20c26e56648204f
2023-03-20 16:47:00,False,2.602e-10,7.725e-13,4500000000.0,0.0347,0xcf...ff81,https://bscscan.com/tx/0x8ca337d0a6329b27f185444431557af3bfcc9fb669bed35ec0977b8b7b32b601
2023-03-20 16:46:46,False,2.615e-10,7.726e-13,41582634827.0,0.3212,0xcd...b082,https://bscscan.com/tx/0x7103ff10d52d23c34c0d8fad4e3d4c2f3292c8ab8acaef14669dad31f47987bc
2023-03-20 16:46:25,False,2.615e-10,7.726e-13,1599397246.0,0.0123,0x8e...4e4b,https://bscscan.com/tx/0xd05c899bd0886599ddc5cb83eacaa133921a26f1ad938b7cbc98edda631fb585
2023-03-20 16:45:10,False,2.602e-10,7.726e-13,2463257957.0,0.019,0x79...ec3e,https://bscscan.com/tx/0x3daa5a65a925e8748729430776837da2ac69fad313ce616c2cc10b18da582eed
2023-03-20 16:43:28,False,2.615e-10,7.726e-13,26808654603.0,0.2071,0x11...ff19,https://bscscan.com/tx/0x5b605c4a76df3072bc660912d3e7252f2a3a1e7b56ddc1cc610978ee38c73010
2023-03-20 16:43:25,False,2.615e-10,7.726e-13,49337719866.0,0.3812,0xf5...9757,https://bscscan.com/tx/0xf17a2ac032f7c61f9760b1d69ed7e332ac5b552c3baf88b5ed12918e2ee6f185
2023-03-20 16:43:22,True,2.628e-10,7.765e-13,31667801619.0,0.2459,0x48...b50a,https://bscscan.com/tx/0xd966dbc86279a0485f42d3882b3a581d4406601cf663f7f8a833cd37d8a047ce
2023-03-20 16:41:53,True,2.628e-10,7.765e-13,2704433882.0,0.021,0x13...d3a0,https://bscscan.com/tx/0xc1221d10eda11cd0ca7916f5c052668e2ccd7c8bb4f675448f08eda64bed5082
2023-03-20 16:35:11,True,2.617e-10,7.765e-13,10475713055.0,0.0813,0xef...0f34,https://bscscan.com/tx/0x41b707f297d27f51138dcb8c9510c03e1db13778921554a04a6536d11e946449
2023-03-20 16:34:47,True,2.631e-10,7.764e-13,9500000000.0,0.0737,0x23...21b7,https://bscscan.com/tx/0x56896f9a303eeda25c5fc95b2441c8f4f9aa3df8f7746198191e66b0c8da5e9f
2023-03-20 16:33:35,True,2.63e-10,7.764e-13,103029504519.0,0.8,0xe3...f0f9,https://bscscan.com/tx/0x3506c46100cdaff35f8e99eb0cc4c2b6a7a3df3b30366fd63f4ef8b5a6ecd860
2023-03-20 16:32:38,True,2.617e-10,7.764e-13,1416689645.0,0.011,0xcb...cca6,https://bscscan.com/tx/0x8c20d8f91668d30fc1e4222936aecda6cf9867d728531e6d1bd2d2ceefebbf43
2023-03-20 16:32:11,False,2.604e-10,7.725e-13,24662250000.0,0.1905,0x73...935b,https://bscscan.com/tx/0xdba804246a9ebb3c384cfd0e2bdc55113f31f3efc7f07b0e77184e78372520df
2023-03-20 16:29:05,False,2.616e-10,7.725e-13,3005671041.0,0.0232,0xe4...4e7c,https://bscscan.com/tx/0xb2dfe9aa9394adbdf328a76f694260ee2a588ab367b1b4897cd70a4fc7e903ba
2023-03-20 16:27:02,True,2.615e-10,7.764e-13,5264722172.0,0.0408,0xdd...620d,https://bscscan.com/tx/0xa98a2c64788f686f1c4a89970e38da45b1f979b022b74bab1addd8344fa0d408
2023-03-20 16:26:20,True,2.628e-10,7.764e-13,9385647085.0,0.0728,0x63...0920,https://bscscan.com/tx/0x8992852922d853820d7073f648ccff6534746a86e8534568794ccc2f3e6dc290
2023-03-20 16:23:56,False,2.616e-10,7.725e-13,16404607051.0,0.1267,0xb8...9d66,https://bscscan.com/tx/0xeaf4297785dddbc833051451e9f8b16a63c511472201501deb0295ce50194f1c
2023-03-20 16:22:02,False,2.604e-10,7.726e-13,81492685085.0,0.6296,0xb7...f164,https://bscscan.com/tx/0x077aa8926815856756997913d7836d6da9296fc7f267e510fba758e21fc84502
2023-03-20 16:21:23,False,2.616e-10,7.726e-13,5971306336.0,0.0461,0x85...2473,https://bscscan.com/tx/0xc2e18a30bbd8e7343f19864fee015f32e94929a3a854a032793649eaae39799d
2023-03-20 16:21:17,False,2.616e-10,7.726e-13,59056757082.0,0.4562,0xa3...3a57,https://bscscan.com/tx/0x9a1b03906ae64f28b60726d6002249b007654395097faf3b7dc1f5fb988a5c1c
2023-03-20 16:20:59,True,2.616e-10,7.765e-13,28331702115.0,0.22,0xc2...bad0,https://bscscan.com/tx/0xb1a9f203518e19ec3c5ac7c2448da6d398c7a9b411b84de093f59209cc1dd9ee
2023-03-20 16:19:53,False,2.616e-10,7.726e-13,4500000000.0,0.0347,0x9e...d962,https://bscscan.com/tx/0xdb34bc7c16c4269687bab28cbe8f5ab3484173e92802378aa50dc02cf0060234
2023-03-20 16:18:20,False,2.602e-10,7.726e-13,64088260637.0,0.4951,0x05...7066,https://bscscan.com/tx/0x517f6affcae28e8963108c2499d1a8aa5f9e94f1cb3b4296a3dea3ace168f97c
2023-03-20 16:16:38,False,2.615e-10,7.726e-13,9255773924.0,0.0715,0x1d...3b92,https://bscscan.com/tx/0x2a3f49719fd94504af57200deffda702acdf10fb6a5f4ae55eea6e6cbf6ed67d
2023-03-20 16:14:40,True,2.628e-10,7.765e-13,3755676636.0,0.0291,0xc9...6204,https://bscscan.com/tx/0xeb18ce3a713437ad9903981d77fbb4abce99b1e81e55ff5aee36c16f352c16b6
2023-03-20 16:07:20,True,2.615e-10,7.765e-13,3414060000.0,0.0265,0x65...8689,https://bscscan.com/tx/0x1ae71dd0bd5765fb9302d1b9deed8e01b3460a7dc9a618655845d30cc962c813
2023-03-20 16:05:50,True,2.629e-10,7.765e-13,10111111111.0,0.0785,0xc3...e62d,https://bscscan.com/tx/0x02610198cc296e2cbdbfa90ab7bc34244d1a394f1c8706a3b2d4f44145ab34d1
2023-03-20 16:03:58,True,2.629e-10,7.765e-13,1305817990.0,0.0101,0x74...9437,https://bscscan.com/tx/0xa122f1c1db4b72196a3ab2b02beae7697ba1e0e25093e17a297c9cb2c09ca282
2023-03-20 16:02:40,True,2.634e-10,7.765e-13,10066140380.0,0.0781,0x55...a4e1,https://bscscan.com/tx/0x65e62d637ce4c71c68867c1d7454d1bf2c456506ae647433467ac41c7de6c2b3
2023-03-20 16:02:37,False,2.621e-10,7.726e-13,45008882832.0,0.3477,0xf4...2211,https://bscscan.com/tx/0xa311cc90648a680bfe4ec4662580b90a6f8dd2405c605fe43176d9f1dcb814b8
2023-03-20 16:01:10,False,2.608e-10,7.726e-13,11866697955.0,0.0916,0x85...65bc,https://bscscan.com/tx/0xe3cf880f26e067447387c9d0df470f5546cd8b465c9d9fc77c6edc230e2bc42b
2023-03-20 16:01:01,False,2.621e-10,7.726e-13,37545066333.0,0.2901,0x82...8983,https://bscscan.com/tx/0xc566ac1f8d0bed8ef68ddcbf7b44c9a1f2aefbb7849f90448651f02bc977a8d1
2023-03-20 16:00:10,True,2.621e-10,7.765e-13,5537238643.0,0.043,0x8d...55c6,https://bscscan.com/tx/0x21250a3345d1d49313e8edca25a9b0dcfb600f0b232421893a986756c2a332d2
2023-03-20 15:59:19,True,2.622e-10,7.765e-13,1711843886.0,0.0132,0x33...cd2b,https://bscscan.com/tx/0xd650b29aad1de91a02d65f270322ed7c202d7808b0075f2625f453429322f1ea
2023-03-20 15:58:58,True,2.635e-10,7.765e-13,340840302.0,0.0026,0xfd...1955,https://bscscan.com/tx/0xb91b2b56b3fceb0956c4def68229b01e6bf9ed9976e394eb0e18a8b0f9cd73bb
2023-03-20 15:58:25,False,2.602e-10,7.727e-13,153939091479.0,1.1895,0x8d...0748,https://bscscan.com/tx/0x084b21d34d1f17297d12e04126d712916621129ee60bb62bd0447e6cceba17c1
2023-03-20 15:55:52,False,2.615e-10,7.727e-13,4327791789.0,0.0334,0x9b...d423,https://bscscan.com/tx/0xbdc5bc550013de9fe4e1ecc631abf6cc48049920a0a88547e5dd7d6a10ead982
2023-03-20 15:52:40,True,2.615e-10,7.766e-13,15867767559.0,0.1232,0x99...446e,https://bscscan.com/tx/0xf9c110015b639d372a05d7174c8936fc4dc9412045123e4d63510a4959498039
2023-03-20 15:52:37,True,2.615e-10,7.766e-13,7725906111.0,0.06,0x9d...8d52,https://bscscan.com/tx/0xff9b9e7a473fc94b43826edece15e645be440a394894c5b50843167aa823ab53
2023-03-20 15:51:40,False,2.615e-10,7.727e-13,7021300809.0,0.0542,0xee...fc82,https://bscscan.com/tx/0x1a130279cf536cdada6848fb3b59ae1f561842c16a9e2c548f016e0b1bc1d1ff
2023-03-20 15:51:01,True,2.616e-10,7.766e-13,5794428931.0,0.045,0x54...3e6e,https://bscscan.com/tx/0xd091f2efeb439a68eff6a5f79a215edfee19f57f049f52b9e556a9887824341a
2023-03-20 15:50:52,True,2.616e-10,7.766e-13,3464552531.0,0.0269,0x28...5469,https://bscscan.com/tx/0x6f784dffdd21f311ab9d28ae5c417fe6fcc99505e22bc6a40aba779c7ee5dace
2023-03-20 15:49:10,False,2.604e-10,7.727e-13,14215127908.0,0.1098,0x5f...761a,https://bscscan.com/tx/0x6228a98a231aaa937404a24703e8045be041ab757ea5fb10cd09ba3272da4c2d
2023-03-20 15:45:10,True,2.627e-10,7.766e-13,13080659251.0,0.1015,0x8b...6a6c,https://bscscan.com/tx/0xa576010e7c0d15dce20f5177657268da28f79060d67f6abf8e6e48fa091f3f91
2023-03-20 15:44:40,True,2.627e-10,7.766e-13,21021165405.0,0.1632,0xb7...5d7f,https://bscscan.com/tx/0x8c6828e9d481cbcb5117e39aa7ee865143c70052febf3c7be2c41267077f0f2f
2023-03-20 15:44:37,True,2.627e-10,7.765e-13,16022759812.0,0.1244,0x28...5469,https://bscscan.com/tx/0x59029165288226b49dd65f3a322fd7708fcaeaad704a28720068c4513421c9e1
2023-03-20 15:43:55,True,2.627e-10,7.765e-13,324967923354.0,2.52349,0x61...e6c2,https://bscscan.com/tx/0xdacd8d5ec8f40b3a6ed6e3c4593ca69d7c83c87df6be919011b1246d86dc8a1f
2023-03-20 15:42:58,False,2.597e-10,7.725e-13,1263185212.0,0.0097,0xe7...3b62,https://bscscan.com/tx/0xdb41ab014905df76d3580261f56b14351f65bca02ea92e138f8d608b426fef3b
2023-03-20 15:42:19,False,2.611e-10,7.726e-13,4500000000.0,0.0347,0x43...7731,https://bscscan.com/tx/0xaad1cf12afc8fbd32e8bd0786f356117ceaa5d963d7d0ebcf3f1b31024da54c0
2023-03-20 15:39:58,True,2.623e-10,7.764e-13,74747731558.0,0.5803,0x61...e6c2,https://bscscan.com/tx/0x4173614f13f8b44344342cdebaa4d397571dd4db7f366ef960488641aecf4c68
2023-03-20 15:37:22,False,2.609e-10,7.725e-13,8816890333.0,0.0681,0x8d...55c6,https://bscscan.com/tx/0x7a5867af583d909c8434a9dd6eeabb06b265076067f96d508efe8453bd0e6104
2023-03-20 15:36:37,True,2.622e-10,7.764e-13,231835060447.0,1.8,0xeb...2e5e,https://bscscan.com/tx/0x659093dff0a5049e229e598efdf6fffb3605cc5abf856201ec9e2e36366a6edb
2023-03-20 15:35:19,False,2.596e-10,7.724e-13,8100000000.0,0.0625,0xa3...e2dd,https://bscscan.com/tx/0x4ba43e5e87728750dc2d7c2f12eecb2cca0fe557e3edd727f232939696342951
2023-03-20 15:34:22,False,2.608e-10,7.725e-13,127970300283.0,0.9886,0x6f...5f25,https://bscscan.com/tx/0x32656a76cef43d9fdfc345e836a35dc632d2fc0d7229c30cc7fe3939d2a7ba20
2023-03-20 15:33:07,True,2.607e-10,7.764e-13,5855582323.0,0.0454,0xc3...3ba0,https://bscscan.com/tx/0x370613d9ee113a1bffd6534e36e2b58c20b0e780a80b2ce4bb4c5fea520b7fd4
2023-03-20 15:33:01,False,2.595e-10,7.725e-13,301350851863.0,2.32822,0x55...fb11,https://bscscan.com/tx/0x616044eb1b07167f5989d7f9bfb93c7978d1eb2ca655dbe88e69aadd3662691e
2023-03-20 15:29:28,True,2.606e-10,7.765e-13,3219468143.0,0.025,0xe2...33a5,https://bscscan.com/tx/0x491713b27261275c4fa202d823175f377d6a818ec38f5be37cff1e6e4bbb5518
2023-03-20 15:29:10,False,2.593e-10,7.726e-13,900000000.0,0.0069,0x06...4856,https://bscscan.com/tx/0x42e301669e671362a59c0954ba79cbe72a1b44a2fbc4a9121be6c77a71a3445d
2023-03-20 15:28:52,False,2.593e-10,7.726e-13,4072474455.0,0.0314,0xdf...d1fd,https://bscscan.com/tx/0xcc5d5afa030c29cc48b098ad9c9f4454614fa530bc5af408627cbaa07d233473
2023-03-20 15:28:07,True,2.606e-10,7.765e-13,2382400000.0,0.0185,0xb0...b84f,https://bscscan.com/tx/0x0a05fff28307011fea469a635d94cd6aa0d61ee27037d7ced017a5f89c4ca04d
2023-03-20 15:26:31,False,2.605e-10,7.726e-13,11648160008.0,0.09,0xd3...5e23,https://bscscan.com/tx/0x6006f1b88a96b9374aa5753ccfaec7bab8f842d6cb80f33b4444d3bc0cfe0bae
2023-03-20 15:24:55,True,2.618e-10,7.765e-13,4636010000.0,0.036,0xb0...b84f,https://bscscan.com/tx/0x010fc49e62b8d25c84a796ed815cac7ad7aa900803c720f2fe32337758634bce
2023-03-20 15:18:34,True,2.618e-10,7.765e-13,29454499247.0,0.2287,0xbc...9b55,https://bscscan.com/tx/0x7d5f25df86d73bcb6a441c20a9dc4aedf2a6ecea67bfe0f34b32a9f19c0c9adc
2023-03-20 15:13:07,True,2.62e-10,7.765e-13,4467010000.0,0.0346,0xbf...facb,https://bscscan.com/tx/0xb13b04842d181b901e10d48591fc1e8cfd1e14c8310d705873734a1a916f633b
2023-03-20 15:12:58,False,2.594e-10,7.726e-13,54000000000.0,0.4172,0xa9...4466,https://bscscan.com/tx/0xaa48b06bf1c335f9ac852269ebd0c1729a025a47f558a2dfb60f5b88353939c5
2023-03-20 15:12:22,False,2.607e-10,7.726e-13,2912888370.0,0.0225,0x52...12eb,https://bscscan.com/tx/0x190aaaa154ba4544ee624772143b29bcef66ed799d3ada0eb3224d1920cabbee
2023-03-20 15:11:01,True,2.623e-10,7.765e-13,8200000000.0,0.0636,0x55...73cc,https://bscscan.com/tx/0x391b478577397c9f3549dda8e46b1e00b960ebf216d222d8e1b116605033f4d1
2023-03-20 15:10:40,False,2.61e-10,7.726e-13,16269083074.0,0.1257,0xa8...5c02,https://bscscan.com/tx/0xc3b3aa26d02c8f2844c1be1e3134e19fd72c708339f0c4ad1cd20331bc11b05e
2023-03-20 15:09:37,True,2.623e-10,7.765e-13,20000000000.0,0.1553,0xdb...acaf,https://bscscan.com/tx/0x7c31094cf54e10e693ccab37a4d73ee371bc67f92a518237647788774c1043b8
2023-03-20 15:09:25,False,2.595e-10,7.726e-13,1757117418.0,0.0135,0xa8...5314,https://bscscan.com/tx/0x4bf1c493252b3fc6b08b77cc22a9f9899ec2ca5e2a7d6bf8bcf8ee8d488d4c07
2023-03-20 15:08:43,False,2.609e-10,7.726e-13,6354099638.0,0.0491,0xc5...5eb3,https://bscscan.com/tx/0xf990ff68015cd5151294a2493547eb72e4feca0dc3fca4134f8a0ff4e0c2bcbf
2023-03-20 15:05:28,True,2.606e-10,7.765e-13,2264417633.0,0.0175,0x60...9cf9,https://bscscan.com/tx/0xffd4bbcad15f825a45b937427c5c1c1ce2cd9725ae283730d18be92bd104ed97
2023-03-20 15:03:43,False,2.606e-10,7.726e-13,90000000000.0,0.6954,0x19...ec94,https://bscscan.com/tx/0x6b6c162f4e556539f117d6cedce4981db40212876b4399af1c53e38acca60e36
2023-03-20 15:01:34,True,2.615e-10,7.765e-13,10000000000.0,0.0776,0xf7...cb26,https://bscscan.com/tx/0xf147c7234650bb4a65130ee3ae56f3dba57b04ec0a8a181b081e1f8f73dbb19b
2023-03-20 15:01:07,False,2.603e-10,7.726e-13,3865394192.0,0.0298,0x35...8349,https://bscscan.com/tx/0x35668cdc4f41e066ff79333d60fa9219bbc3cb45efc38ea405ce02f25957b4a6
2023-03-20 15:00:49,True,2.615e-10,7.765e-13,5200000000.0,0.0403,0xf6...1d95,https://bscscan.com/tx/0xfe31c885490bb68b1cbaa7ce451489abb06994dc2e923068f0b6b3c5f39ca135
2023-03-20 15:00:07,False,2.588e-10,7.726e-13,1968363847.0,0.0152,0x5c...50df,https://bscscan.com/tx/0x20f52a50ced27a5adc259f5efb4c41019836e3c2d63782265f014f65c16eab75
2023-03-20 14:59:01,False,2.589e-10,7.726e-13,5566770275.0,0.043,0x3f...6ec4,https://bscscan.com/tx/0x199364011ff8a373fa43708ee677059d6d1fc20bceb32aa6a2fe517a0813990b
2023-03-20 14:58:37,True,2.615e-10,7.765e-13,766058001.0,0.0059,0x11...cf66,https://bscscan.com/tx/0x26605a81345edb67db8c20269f58c946122638d76ae45d01a9cd19b3e5db77cd
2023-03-20 14:58:04,False,2.602e-10,7.727e-13,355153236113.0,2.74445,0xd4...bd4e,https://bscscan.com/tx/0xae4a9931bfc972ac6e20bc726487649437d25a2188b510a1dffcceccdc095eb9
2023-03-20 14:57:52,True,2.615e-10,7.766e-13,9326471608.0,0.0724,0x6a...4d81,https://bscscan.com/tx/0xee4d68c78274226a6c721b0a4c27916f4e7f1748527855f131324f6f041a808c
2023-03-20 14:57:31,True,2.601e-10,7.766e-13,10000000000.0,0.0776,0xf7...cb26,https://bscscan.com/tx/0xa5c91d59abd7b3d66f764eec31232fda7495b1389e77c62e7700ef4fab3eb955
2023-03-20 14:56:58,True,2.614e-10,7.766e-13,6437620001.0,0.05,0x2d...8959,https://bscscan.com/tx/0x024d101c19a4242bec631193abb4de632f7bce04d1c46e6c31823463c07f8e40
2023-03-20 14:54:19,False,2.603e-10,7.728e-13,17223754385.0,0.1331,0xd1...c55b,https://bscscan.com/tx/0x2f3e100144d591b4d185cc24d78aee6ad7dab4f44689a15718c76e6bb1c54708
2023-03-20 14:54:01,False,2.59e-10,7.728e-13,10117584456.0,0.0781,0x47...af10,https://bscscan.com/tx/0xada3e028e40e6a3224634329ac989948f9f62d412ac2f0395af74a4130b96e1b
2023-03-20 14:53:46,True,2.616e-10,7.766e-13,4635047093.0,0.036,0x30...f156,https://bscscan.com/tx/0xd44ea26d9a3ebceeccaf3404035bd666d9a0923209becece17236f44a41aea4e
2023-03-20 14:53:07,False,2.588e-10,7.728e-13,77152512511.0,0.5962,0x41...50bb,https://bscscan.com/tx/0x57468a75a4f97d5ca04d892fd26806a66752030c37a25d4ef139eb0918d93444
2023-03-20 14:51:46,False,2.601e-10,7.728e-13,62800000273.0,0.4853,0x9d...a28e,https://bscscan.com/tx/0x560e535bb7d67dc814c09dce2999c28140048e27f9e528caecce3ec906c49137
2023-03-20 14:51:19,True,2.6e-10,7.767e-13,1165030001.0,0.009,0xf5...8e6d,https://bscscan.com/tx/0x808b509e22af3f61601af257bb644bb8df0622fa5c46b3681a7614489348bb0f
2023-03-20 14:49:52,True,2.613e-10,7.767e-13,1248809913.0,0.0097,0xfd...1955,https://bscscan.com/tx/0xf33760a23ef271d06bea34ec8a0d58e9791ee0ca54b84faa4b7bf1582501468d
2023-03-20 14:48:13,True,2.6e-10,7.767e-13,400000000.0,0.0031,0x94...c2e6,https://bscscan.com/tx/0x7a762b8c589748613cae1cccafc37bd3c496253ac0464806b3e5fc8313440564
2023-03-20 14:45:52,True,2.613e-10,7.767e-13,297300000.0,0.0023,0x94...c2e6,https://bscscan.com/tx/0x2c2334877771da79d2705a858690dbe03133a14129b345478cbe560b6570247e
2023-03-20 14:45:10,False,2.587e-10,7.728e-13,25200000000.0,0.1947,0x03...a63a,https://bscscan.com/tx/0xc4ca1f329b8fed8a1c7ebae64ed45b51187a285715f61df20264a7ff6eb3ca8e
2023-03-20 14:44:49,True,2.612e-10,7.767e-13,108685138179.0,0.8441,0x73...d8d2,https://bscscan.com/tx/0x718190498226b03acc7cff4cae4bd114662e8e68bad3bb72099be9f9eecf9bba
2023-03-20 14:44:25,True,2.612e-10,7.767e-13,40000000000.0,0.3106,0x94...c2e6,https://bscscan.com/tx/0x8589c3f1b2d4f1cc541531943ce9bf6575c80dd4112cf8e857c82b209e5ee505
2023-03-20 14:39:49,True,2.616e-10,7.766e-13,2679860217.0,0.0208,0x80...1ed0,https://bscscan.com/tx/0x1c77acaf8dd9ecc4bcc229f51ba38dcae3987db6e853477158b6b33808d104f2
2023-03-20 14:39:07,False,2.591e-10,7.728e-13,224995662709.0,1.73889,0x03...3ffe,https://bscscan.com/tx/0xf2c51467e87e780d8fcd5c50eacc87f22d8a51cad474ed2972488007d9a2341c
2023-03-20 14:36:40,True,2.622e-10,7.767e-13,3400000000.0,0.0264,0x0b...ea8b,https://bscscan.com/tx/0x446beb2d82cffb49b44d8138003105cedc3ff2f9711a7933e43c5e9345500776
2023-03-20 14:36:02,True,2.626e-10,7.767e-13,9000000000.0,0.0699,0x8c...612b,https://bscscan.com/tx/0x336717b0909c19e9619ce7caa4790a21639fd508aba38900f5e95514c9752d34
2023-03-20 14:33:55,False,2.621e-10,7.728e-13,6966333207.0,0.0538,0xef...2c18,https://bscscan.com/tx/0x200be36dc8c8f934afc12f0e40740e2d81e1897c056ff04e411e08ef2a8cc28d
2023-03-20 14:31:49,True,2.62e-10,7.767e-13,11586440042.0,0.09,0x28...b0b0,https://bscscan.com/tx/0x42a7075a62c446fd487ab2d583e705ee10ea830af1434a4645160c2b4766e5e6
2023-03-20 14:29:44,True,2.633e-10,7.767e-13,32184879627.0,0.25,0x3e...09c4,https://bscscan.com/tx/0x5e2451cb0d11496add8a5a6154d2ac67210477e79da0c8a8312143088c66f7b2
2023-03-20 14:29:23,True,2.633e-10,7.767e-13,3861132879.0,0.0299,0xec...d245,https://bscscan.com/tx/0x7c8a1c622b18742d486febd1db05ba94c6f8fbc36e594c9b9cb76274d69863e4
2023-03-20 14:28:41,False,2.62e-10,7.728e-13,3065596803.0,0.0236,0xbe...9706,https://bscscan.com/tx/0x1c712ad65393f86016e9b39a8c6c53fed1a912d545094fa9861b6fe74f947fd1
2023-03-20 14:27:20,True,2.632e-10,7.767e-13,54857900001.0,0.4261,0xf7...8d56,https://bscscan.com/tx/0x8e087a38b13a1b1869771058ae938cb2c98c2d8e098e82467d394684fca1a100
2023-03-20 14:26:50,False,2.606e-10,7.728e-13,32512985236.0,0.2512,0x34...7278,https://bscscan.com/tx/0x8d8fba8547385ac60bb62fefcbdfc9d9691b2105c36e8e9e5b65560bb0dbb365
2023-03-20 14:24:29,False,2.62e-10,7.728e-13,900000000.0,0.0069,0x03...a63a,https://bscscan.com/tx/0x1e93f85d338858c3c9d5ae41c55d6943c7ebe773e048b9bb5fb83b4cc2d4bbc3
2023-03-20 14:24:29,False,2.62e-10,7.728e-13,5189063556.0,0.0401,0xa7...6711,https://bscscan.com/tx/0x36037eb4a1aa2808693de5e709a69c34997c30c041b7329d75fa1201bffa86af
2023-03-20 14:20:11,True,2.62e-10,7.767e-13,140230621.0,0.001,0xd9...3d88,https://bscscan.com/tx/0x30b7ec7c8fa86e187674928eb37b46202daf9530c6c1764912a05a8e9d287950
2023-03-20 14:20:08,True,2.633e-10,7.767e-13,1862695545.0,0.0144,0xdd...620d,https://bscscan.com/tx/0xe827bcee7682970f8c3106def29cd6392485a6d80b6d1abebecf1bf16b467364
2023-03-20 14:19:41,False,2.62e-10,7.728e-13,1120890810.0,0.0086,0xf2...0e8a,https://bscscan.com/tx/0x79d6643c534c878742f8d680e1e370b89ec0f8bdeb2ff8acefb2492e6d61260b
2023-03-20 14:18:17,False,2.621e-10,7.729e-13,258300000000.0,1.99644,0x6b...4c99,https://bscscan.com/tx/0x252cf90d29269f3a9db07ce47a8ec4d7d9a283fc5859c6f4f0be8fcf358bd086
2023-03-20 14:17:41,True,2.635e-10,7.768e-13,1372073201.0,0.0106,0xdd...620d,https://bscscan.com/tx/0x6f4045441c969ae7028a200d92f60fb4870710e82581049c5e271b6944a17af7
2023-03-20 14:16:05,False,2.621e-10,7.729e-13,18275920993.0,0.1412,0xf5...4c77,https://bscscan.com/tx/0x9fe4c0e0fca01f86c3038affb75f118cc7dd686fabdd3054a35668971df57691
2023-03-20 14:15:47,True,2.634e-10,7.768e-13,10667700000.0,0.0828,0x6c...c8f8,https://bscscan.com/tx/0xd5b731d07564726390120e82325a2c974965ad5075beee1bf07253bea6a954b5
2023-03-20 14:15:35,True,2.621e-10,7.768e-13,39470170249.0,0.3066,0x7a...08ee,https://bscscan.com/tx/0xd7f4d93fa774fa5c03e7a1c33c29c294ca5d66616735cbb39f327e539844e86f
2023-03-20 14:14:56,False,2.608e-10,7.729e-13,2194253783.0,0.0169,0x9c...092b,https://bscscan.com/tx/0xf4f4b81483992a129d17c31cf5e28bf51634903af5467183d8e14538cfdd7038
2023-03-20 14:14:53,True,2.621e-10,7.768e-13,13653220287.0,0.106,0xb5...dc89,https://bscscan.com/tx/0xdf28bab6ff92dbffa066085517a1a4881888eb17c7f9832c466b40674f267b0f
2023-03-20 14:14:41,True,2.621e-10,7.768e-13,12715238110.0,0.0987,0xc8...788b,https://bscscan.com/tx/0xf9c5cd90caedb0662d758be89fb11f05895d714d0c26257efee7ea00f58daaf9
2023-03-20 14:14:14,True,2.621e-10,7.767e-13,129725163280.0,1.0077,0x7a...08ee,https://bscscan.com/tx/0x413cdbf8cdaaac7ab12e2508d764b239b07a07f953239eaa03a53f1a11da1c64
2023-03-20 14:13:11,False,2.62e-10,7.729e-13,281614476507.0,2.17673,0x9e...dce0,https://bscscan.com/tx/0x74b9e5a62018e60e92447dc432f9475ecb3782e2f2448be77c7506b88232c795
2023-03-20 14:13:11,True,2.633e-10,7.768e-13,1623447426.0,0.0126,0xb5...dc89,https://bscscan.com/tx/0xf462cec51d5cd6b44481c4f9dbdde557230505b035432cec3d3ce7657f466f16
2023-03-20 14:12:56,False,2.607e-10,7.729e-13,3941606839.0,0.0304,0xd5...8f44,https://bscscan.com/tx/0x3e6c1da37fa5ee0e313759ccc0493af44099b64c3e22d2d0de74daaed4f87c0f
2023-03-20 14:11:47,True,2.636e-10,7.768e-13,768864520.0,0.0059,0x91...4416,https://bscscan.com/tx/0x6275d856894c40ba0e15e233d93d39b1571424b81d316c64c10e7af2cb5ba620
2023-03-20 14:11:44,True,2.636e-10,7.768e-13,31264884353.0,0.2428,0xb5...dc89,https://bscscan.com/tx/0x73871410c4ac8907c5c4e568fcaaa6bc9de362ac012da87c458da8accf3c3ba9
2023-03-20 14:10:05,False,2.61e-10,7.729e-13,12887400086.0,0.0996,0x21...4748,https://bscscan.com/tx/0x0c4676c334d08b877646465f83452c6867d2265faaab3e56faff813ac0c216bf
2023-03-20 14:09:47,False,2.623e-10,7.73e-13,81000000000.0,0.6261,0xa1...6779,https://bscscan.com/tx/0x107f125774553e666fa363642a38aed4bf681723de2f6b1eab08dff01d1a1924
2023-03-20 14:08:35,True,2.622e-10,7.768e-13,690000000.0,0.0053,0x63...1e6e,https://bscscan.com/tx/0x1a92f71e6475db69086c54a8a163137e3d9021eac6910ed5daf5b6a6baadea59
2023-03-20 14:08:29,True,2.622e-10,7.768e-13,28317925304.0,0.22,0x28...2136,https://bscscan.com/tx/0x07e2fbdcfc9b1b85d9fa76d4e90abf125db725b8f8215cba578f11aa77da31e0
2023-03-20 14:08:23,False,2.622e-10,7.73e-13,21946071839.0,0.1696,0xea...453f,https://bscscan.com/tx/0x9469eacb79aa95280a63226f337374a9fcdc6f4d07755f8233cb554f72c56388
2023-03-20 14:06:26,True,2.635e-10,7.768e-13,2000000000.0,0.0155,0x0d...166e,https://bscscan.com/tx/0xd2db3294934c4aafb90b820b3ca0965f0af31623ca3551932ad4adeeec8321d8
2023-03-20 14:06:11,True,2.635e-10,7.768e-13,2110000000.0,0.0163,0x45...5e58,https://bscscan.com/tx/0x20d8b2160ac824389b8ed41f3e194f2bf25ae378619ffa628e541372defb4e75
2023-03-20 14:04:56,False,2.622e-10,7.73e-13,3242701412.0,0.025,0x29...4103,https://bscscan.com/tx/0xe5833f360ed7203cacb88c4e144ca246d593e972a623cf08491861b879b3ae01
2023-03-20 14:02:02,True,2.634e-10,7.768e-13,110146175973.0,0.8557,0x58...405b,https://bscscan.com/tx/0xb4c9e677e532ffff72dbc3e0e7a46280d872fb2909b23f91cfe5304fbfad6462
2023-03-20 14:01:29,True,2.634e-10,7.768e-13,10000000000.0,0.0776,0x7f...d73a,https://bscscan.com/tx/0xa55fadea69ebf0bdbe15a5c572070205ae42ec7902fb463b80fc2d6ff9cdaba4
2023-03-20 13:59:14,True,2.632e-10,7.768e-13,11777700000.0,0.0915,0x56...229e,https://bscscan.com/tx/0xd4993a5e1cf1144eee4fbaa6aa76af5c8e240e4030bc3eb7297f29f407f569ef
2023-03-20 13:58:17,False,2.619e-10,7.729e-13,2426313934.0,0.0187,0x24...e8ef,https://bscscan.com/tx/0x38a63ceac53770b2063bcab83d495ebd7d39e27bd30ef23d1b44eafd7b535d05
2023-03-20 13:58:17,False,2.619e-10,7.729e-13,138647700000.0,1.07174,0x03...3ffe,https://bscscan.com/tx/0xf27810bd4f39de2a2e9ec64d08e3ae6701cb821cbd47bc8cc3730d6e3fb77b46
2023-03-20 13:57:14,False,2.619e-10,7.73e-13,17155600573.0,0.1326,0xd1...2610,https://bscscan.com/tx/0x71dfbaf7ee245f967b33262fab25c7ecdf23a382b66ad54ed207d0e52c6c0a77
2023-03-20 13:56:17,True,2.628e-10,7.755e-13,7349332362761.0,57.0009,0x60...8dee,https://bscscan.com/tx/0x67efdbb6ac921523b0d1e4e87887b42e23aee91367088dd31fb37de89648448d
2023-03-20 13:54:59,True,2.61e-10,7.742e-13,2097067138.0,0.0162,0xf5...c473,https://bscscan.com/tx/0x9792aea367113d5432f8aa7efe1d3143a0d37c9dfcf43a06f0faf4e825a40513
2023-03-20 13:53:53,True,2.623e-10,7.742e-13,904058898.0,0.007,0x2a...f6c9,https://bscscan.com/tx/0x703956cbca0e7b597eb7e424a9180d53e3d07da18986a2996270fabd45491507
2023-03-20 13:50:05,False,2.597e-10,7.704e-13,21394383023.0,0.1648,0x6c...c4e7,https://bscscan.com/tx/0x2909207ba98c6f65cfbbec5e678c8ca1781630e9e2ba60c51b80808d83236e49
2023-03-20 13:48:47,False,2.61e-10,7.704e-13,501462200.0,0.0038,0x23...35a6,https://bscscan.com/tx/0x7b2b13974fad5775283f7cba6ca1ee6ac5fb2a03afcff83ead1f2d84ac145411
2023-03-20 13:48:11,False,2.61e-10,7.704e-13,11229121427.0,0.0865,0x5c...15a4,https://bscscan.com/tx/0xb2111b473ec10e1bb7882304924f406e84ab308071008b75bab880ccd1fb01db
2023-03-20 13:45:53,False,2.612e-10,7.704e-13,27970170669.0,0.2154,0xf3...52fe,https://bscscan.com/tx/0x48f47e1286a34e3f638cfd151929b1db20a37a129b5eb9e8ea9d75a3e0e1cfb0
2023-03-20 13:44:44,False,2.612e-10,7.704e-13,6158065010.0,0.0474,0x05...9b49,https://bscscan.com/tx/0x5d6ef0fb1cc8727ff7b4447ab298d7beb988cddfaa990a7e2bfa47ec6d84b198
2023-03-20 13:44:23,True,2.626e-10,7.743e-13,20000000000.0,0.1548,0x62...c0c1,https://bscscan.com/tx/0x44b75c1751c55908ee1daa64a4bc71a9b9176bdd1af7f9127f9525e3ef2a7b87
2023-03-20 13:43:38,False,2.613e-10,7.704e-13,144000000000.0,1.10946,0x3a...5b66,https://bscscan.com/tx/0x96a4acf9178561c1ca44f67e6f0b211c816773e5c4d4733774552cd422fc0796
2023-03-20 13:41:11,True,2.625e-10,7.743e-13,90000000000.0,0.6969,0xcc...cc82,https://bscscan.com/tx/0xaf0ccb9ab4a92bb28cbcccfef56d1f90ccf6961aaeb926105ef29ac80ca7f633
2023-03-20 13:40:44,False,2.598e-10,7.704e-13,6300000000.0,0.0485,0xcf...b866,https://bscscan.com/tx/0x1cdbe9d0f49121fe90f031002ea6e48e9bba079cc391a2e8ccedcfe160c96f72
2023-03-20 13:40:35,True,2.611e-10,7.743e-13,20000000000.0,0.1548,0xe2...f537,https://bscscan.com/tx/0x421baf1445376326ff11ffdd6857b8fe59c4384734b3b69513e7df6583d7259c
2023-03-20 13:39:38,False,2.599e-10,7.705e-13,301373957448.0,2.3221,0x99...404c,https://bscscan.com/tx/0xaf80b73415ba826b9c0215821316b0cbc8bfa95b222dcb9505128407c1eeb6cb
2023-03-20 13:38:32,False,2.612e-10,7.705e-13,33780708701.0,0.2603,0x5c...ef8c,https://bscscan.com/tx/0x0f1a373680fa1b60ca3856898ab6bc3b2994f271bf30f36e4732a87cfe59eecc
2023-03-20 13:37:17,False,2.612e-10,7.705e-13,38340012969.0,0.2954,0xb6...81db,https://bscscan.com/tx/0x31158a4808094426c5408922817c0ebdd8df0b74339704c7e88185c61d629409
2023-03-20 13:34:47,False,2.597e-10,7.705e-13,49288383730.0,0.3798,0xe4...01ee,https://bscscan.com/tx/0xffb19070bbad5cd62086f951c3284827c6eea2e3c6367196611f17c775aa6cac
2023-03-20 13:34:41,False,2.597e-10,7.705e-13,1374969850.0,0.0106,0x04...0ff0,https://bscscan.com/tx/0x4e388bc86455304e1af2087146349020d2e26c2e8f774b0272a28f86f5652451
2023-03-20 13:34:38,True,2.61e-10,7.744e-13,10700000000.0,0.0828,0xf9...9b2e,https://bscscan.com/tx/0x8a214535654d52af4f725af03a51b41d01203d944bacc51041c4123afaea3c45
2023-03-20 13:34:23,True,2.622e-10,7.744e-13,22597904591.0,0.175,0xb3...dcde,https://bscscan.com/tx/0x7b694a56e92bc8a9ce11e8a4ee0a43636972d09993ca03867c4b2e04c10404f6
2023-03-20 13:32:44,True,2.609e-10,7.744e-13,3873694635.0,0.03,0x6c...31bb,https://bscscan.com/tx/0x37c6cce99966a0b932401c82badc34500793a59365eb58746d5ecabdd601aef5
2023-03-20 13:32:14,True,2.622e-10,7.744e-13,34844685585.0,0.2698,0xf9...8ff1,https://bscscan.com/tx/0x92153650942eaa309ff85fd2f3c50e722e30431c2e32c8a33ffdb21a7596c921
2023-03-20 13:31:08,False,2.594e-10,7.705e-13,3494583366.0,0.0269,0x8f...6844,https://bscscan.com/tx/0xf649ce315045e8021b5fade2bf2d1ebcaa7af67eead09eb3c251bc5f9f4cfd73
2023-03-20 13:28:05,False,2.594e-10,7.705e-13,5770403913.0,0.0444,0x55...7591,https://bscscan.com/tx/0x6c6e38e79b0a00df95b22bade7d4434e9880372869a71833acc80045ea089b98
2023-03-20 13:27:02,False,2.607e-10,7.705e-13,37776067970.0,0.2911,0x32...3b90,https://bscscan.com/tx/0x8e6300d409f0bb5fc634cd71e76a99e373e63425a7717686d01b563897b91970
2023-03-20 13:26:32,False,2.607e-10,7.706e-13,58117926834.0,0.4478,0x7a...a4ef,https://bscscan.com/tx/0x311fc24a59db45159ad37d7e2c33c0d9e0bf93974ecf43e0df230f7f5e8d6484
2023-03-20 13:25:35,True,2.607e-10,7.744e-13,516476532.0,0.004,0x50...f954,https://bscscan.com/tx/0x6a9c81916cc8ae9fab2eceb0e486b73bd175c7d53ea28ea48060c99768cd1342
2023-03-20 13:25:14,False,2.607e-10,7.706e-13,103386877425.0,0.7967,0x40...835a,https://bscscan.com/tx/0xa406552f33421693e844b0e2a1623363f561d3a89c413c0bef8cb3393e8688a0
2023-03-20 13:25:08,False,2.607e-10,7.706e-13,22043849391.0,0.1698,0xd8...9d7f,https://bscscan.com/tx/0xe75411a70511b04cb507bd2094160dd98b8fb0142102361236ea33f33d69b6ce
2023-03-20 13:22:59,False,2.595e-10,7.706e-13,1699137000.0,0.013,0x2a...773a,https://bscscan.com/tx/0x03d681b6b6866a16b02847a8327dfe3aea5b667633bd7bd94bc11363ecf566f4
2023-03-20 13:21:56,False,2.594e-10,7.706e-13,73206913902.0,0.5641,0xe1...fc8f,https://bscscan.com/tx/0xea178dd68024e607f6333934a8d5a8de2cfbc764098b14dfa1149a0a0df6b826
2023-03-20 13:18:26,False,2.594e-10,7.706e-13,9112299895.0,0.0702,0x68...00cc,https://bscscan.com/tx/0xf19ea22685a5775dd8a725d25e9ecc83f1f44dcb69f1a3de79acd4044604a99d
2023-03-20 13:17:50,False,2.606e-10,7.706e-13,14374281425.0,0.1107,0x95...cfc3,https://bscscan.com/tx/0x42cf4ba13f935a7937c80be319e91b002a6b72eff86211a12d883f509fc119eb
2023-03-20 13:17:44,True,2.619e-10,7.745e-13,774635645.0,0.006,0x97...f84a,https://bscscan.com/tx/0xc341b9771913bae13ffe7d6bd0ec1d51bc72506137e1ba2a538b600965ea7d5a
2023-03-20 13:10:35,True,2.62e-10,7.745e-13,11641482363.0,0.0901,0x0b...a9da,https://bscscan.com/tx/0x29f02871d1e04039ab53fef091231d11878315c747af514e4beaed76417669b1
2023-03-20 13:08:47,False,2.594e-10,7.706e-13,9540742890.0,0.0735,0x48...3f2c,https://bscscan.com/tx/0xe5ca9fef488cdb9b5af80040d04f7ca30bba771f9c272342dca9c5183d6f8380
2023-03-20 13:08:47,True,2.607e-10,7.745e-13,1596990001.0,0.0123,0x12...abe4,https://bscscan.com/tx/0x8d1c1ab8bbf7befceab2e5f907c551161dccbdad35b4975b58bb07a05c7cd20d
2023-03-20 13:07:17,True,2.619e-10,7.745e-13,2400000000.0,0.0185,0x53...f4ee,https://bscscan.com/tx/0xe80063cd41dbe98b4836d049301efbcba9e3b2059197b0774613bfb7f15604f8
2023-03-20 13:07:05,False,2.606e-10,7.707e-13,434398226881.0,3.34819,0xd3...ab25,https://bscscan.com/tx/0x6fe25f8946d53b9930f626361edfdc7c67bf771cabb6af8eca958943b8d5bf9a
2023-03-20 13:05:59,False,2.594e-10,7.708e-13,9489157986.0,0.0731,0x1a...bc5f,https://bscscan.com/tx/0x0f5b1e852a6256005079a07c8218807aef049d066ec7369e0c6c76d3ac7fb0b9
2023-03-20 13:05:20,True,2.607e-10,7.746e-13,160663113137.0,1.24463,0x09...829b,https://bscscan.com/tx/0xfc7d1823c4a408f8ff19368e8f8373cea446afaf95fce3ab437b42e7e6bd555a
2023-03-20 13:05:20,True,2.607e-10,7.746e-13,3365558630.0,0.026,0x2d...2b5a,https://bscscan.com/tx/0xdb91ef337eecab15ddea1820df6b7162beab0db9859e274b78665f8563edf71c
2023-03-20 13:05:17,False,2.595e-10,7.709e-13,1075744327505.0,8.29373,0x05...7066,https://bscscan.com/tx/0xd89e4f0090130f095f80b3fd0bc804632554dda3d1c8fe93ac2f446cab7ff745
2023-03-20 13:05:02,False,2.595e-10,7.711e-13,2969995578.0,0.0229,0x65...adaf,https://bscscan.com/tx/0x22b1a6b93d658007565f76d0aee4e9ddd808a470411bf84bf0064611e9069f23
2023-03-20 13:04:35,False,2.595e-10,7.711e-13,4075721248.0,0.0314,0x73...e78f,https://bscscan.com/tx/0xc0fca54ee578dd8dd6605b98b54c51de89c98d13001fb96aa73b77b5600083fe
2023-03-20 13:04:32,True,2.608e-10,7.75e-13,2968500000.0,0.023,0x83...55d9,https://bscscan.com/tx/0x0e99af5ee9f1b2ac8b53506ab090fd953f6feeace9e774e61d190d16ca8342b5
2023-03-20 13:04:14,True,2.606e-10,7.75e-13,7741570001.0,0.06,0x5b...4ffa,https://bscscan.com/tx/0x0857d9fd526e3208fa103b399bab9effccf691218312a183ff07a60459d51d72
2023-03-20 13:03:08,False,2.595e-10,7.711e-13,29420519506.0,0.2268,0xca...b609,https://bscscan.com/tx/0x7862af1925e8d817e87e7b1d9cb8039cab4646e724e07835686b5da25960cbd8
2023-03-20 13:03:02,False,2.595e-10,7.711e-13,7967158373.0,0.0614,0x40...323a,https://bscscan.com/tx/0xece17051ed63a2f39f2c39827ca0bf20abdb1cfb151cef21a2cd2eda4d16fbe9
2023-03-20 13:00:56,False,2.595e-10,7.711e-13,5939991046.0,0.0458,0x65...adaf,https://bscscan.com/tx/0xdc047034c55c850f97f131199291e74f16ee34017c563b3dedd23d10f490285f
2023-03-20 13:00:53,True,2.608e-10,7.75e-13,18972000000.0,0.147,0x83...55d9,https://bscscan.com/tx/0x360dacb287a8867af0e8ba3cad10c726560d91c2dca3b0ea809f5dbbb49a242c
2023-03-20 12:59:26,True,2.622e-10,7.754e-13,3863380398.0,0.0299,0xbf...2c9d,https://bscscan.com/tx/0xef01664c415e6540f0d3fb52154b53254f9ba79bdc1b0af48ae3af336f1305a5
2023-03-20 12:59:23,False,2.608e-10,7.711e-13,3959993909.0,0.0305,0x65...adaf,https://bscscan.com/tx/0x9652f32f2d64eaa1ff18a4a23bf93f6b67474ad2ae7c89013027e91abd701316
2023-03-20 12:59:14,True,2.621e-10,7.75e-13,10322025256.0,0.08,0xb3...da85,https://bscscan.com/tx/0x2751e5d2c2fc479fd3c69045cbbcba49e036deb290c86e3fd7eaac71e1e60cb8
2023-03-20 12:57:35,False,2.594e-10,7.711e-13,4659928895.0,0.0359,0x22...e2a6,https://bscscan.com/tx/0x109ebf0cdbefa6ec62ce5920a8462ef2e8f4520939376caf03c5284b888c50c8
2023-03-20 12:56:41,False,2.608e-10,7.711e-13,5166889629.0,0.0398,0xd1...c041,https://bscscan.com/tx/0xc77eeec83a640c9cd3a08a01260185607df2f743b7a21a35797d46174b9f5c80
2023-03-20 12:56:14,True,2.608e-10,7.75e-13,39596382900.0,0.3068,0xc2...3c87,https://bscscan.com/tx/0x90bdb0cd1f089600fb21c10539cbceea9d7bd39b32ad58478c01d548c43ad047
2023-03-20 12:55:41,True,2.621e-10,7.75e-13,9509499138.0,0.0737,0xfe...d79c,https://bscscan.com/tx/0xc74a8d70aee6f4c9afafb88608f0d8a0a11a125d62ce15908ad7a05e5f0e6963
2023-03-20 12:55:08,False,2.595e-10,7.711e-13,10666825057.0,0.0822,0xe5...daac,https://bscscan.com/tx/0x7e964b64e50f33bc07472be4091868f1e5a1fa3bebb1f30062fda0d65c04b972
2023-03-20 12:55:00,True,2.608e-10,7.75e-13,4128878129.0,0.032,0x47...32c8,https://bscscan.com/tx/0x90fc3176e34e9a34220ffff99dd8a784b5a1ac2474d85f47ca7914da31b67122
2023-03-20 12:53:30,True,2.621e-10,7.75e-13,1904154782.0,0.0147,0xd0...ed21,https://bscscan.com/tx/0x23532a48907601a45cd773fba2563b7a06c35dd302c1b6725962a57b25a36a1e
2023-03-20 12:51:51,False,2.595e-10,7.711e-13,136244899980.0,1.0507,0x9b...9f24,https://bscscan.com/tx/0x13fc735b6735c9280186b9ce32f9080fd0f1070d6adc3e424b386138a15c96bc
2023-03-20 12:51:51,False,2.595e-10,7.712e-13,4592797179.0,0.0354,0x8f...cc0f,https://bscscan.com/tx/0x1092eca995bb05713fe1514455007cce29180527173465d68078bb1531808b57
2023-03-20 12:50:51,False,2.595e-10,7.712e-13,30600000000.0,0.2359,0x8a...937c,https://bscscan.com/tx/0x2f874e94677d631ee4b151e5ece555e08bb37b40fd5a0df600608316995e4145
2023-03-20 12:48:42,True,2.621e-10,7.75e-13,8443046091.0,0.0654,0x95...3017,https://bscscan.com/tx/0xc2e26164507b5e0cbc79e2a9cf5bb30a1c13093b854500581a5d1cf2331555b8
2023-03-20 12:46:39,True,2.622e-10,7.75e-13,141919855.0,0.0011,0xd0...ed21,https://bscscan.com/tx/0x44193ba6a0fe0231b587d5b84b5be49647e3eb5a6a3da8476c65e297c13efe98
2023-03-20 12:45:42,True,2.621e-10,7.75e-13,1548217206.0,0.012,0x20...aaaa,https://bscscan.com/tx/0x2a2a033145f40a6b3ba870352dd6d390260b69fadbd11fb9b89618d916afc895
2023-03-20 12:41:36,False,2.6e-10,7.712e-13,7938956356.0,0.0612,0x5f...cbc0,https://bscscan.com/tx/0x17c407fcee9f503e5225ec98f0d5e48e134c25df6a698c687ed990ea0491470b
2023-03-20 12:41:30,True,2.613e-10,7.75e-13,3096426456.0,0.024,0x20...aaaa,https://bscscan.com/tx/0x30882e57827c86d1d5f928b589cd3efbfee129fef99a7404960ffa7643306b3a
2023-03-20 12:41:03,False,2.6e-10,7.712e-13,71220929924.0,0.5492,0x82...b9be,https://bscscan.com/tx/0x9bdc2bce4b72ae68b03c9166d836181f4bb8880540a56fe82c03a4b99c158329
2023-03-20 12:40:00,True,2.613e-10,7.751e-13,7000000000.0,0.0542,0x3c...9de7,https://bscscan.com/tx/0x4a87a9c598340df97cbf76470d9a2149bd18f616c7b4b4200217fc9f5e5ffbe7
2023-03-20 12:38:39,False,2.613e-10,7.713e-13,885134332536.0,6.82788,0xac...e075,https://bscscan.com/tx/0xa87fca0a23d3a7d08bc9b64c5e21445f88c0f3cc894caad12204b8902a1b323c
2023-03-20 12:38:00,False,2.613e-10,7.715e-13,2341781585.0,0.018,0x2f...decd,https://bscscan.com/tx/0x6974d7f7c1eb19078a79f9b0d77e9a28aa71067e0a4eeef279cfe63cbe8e8bbe
2023-03-20 12:37:54,False,2.6e-10,7.715e-13,21690236941.0,0.1673,0xd5...ed41,https://bscscan.com/tx/0x72eb8648e9f3ab7b7102886d5bf26dc10284233217aeffe2e6afdc306a5c31bb
2023-03-20 12:37:51,True,2.613e-10,7.754e-13,3868813955.0,0.03,0x2e...b512,https://bscscan.com/tx/0xec82cd8d82fca377559bd2611f4e3d47f7376970c1e2020d0c714314475af500
2023-03-20 12:37:12,True,2.627e-10,7.754e-13,1160645526.0,0.009,0xd0...ed21,https://bscscan.com/tx/0x17eecf04b583b1c389920c3841d6bc01c485e7f97300b0a8f9e28166afd1104e
2023-03-20 12:33:06,False,2.613e-10,7.715e-13,4330086713.0,0.0334,0x87...2c53,https://bscscan.com/tx/0x8450ce13032d02b7fd237a00d0bd37c6385f52903f5efe4e0fac3d9d3b9ebf3f
2023-03-20 12:29:06,True,2.613e-10,7.754e-13,5583992165.0,0.0433,0x01...1780,https://bscscan.com/tx/0x6da11b22c3e048d36bdd71f3ef08c1dc810fddd8d49f30ae40b3dd1c2ce34ccf
2023-03-20 12:27:30,True,2.613e-10,7.754e-13,38043746109.0,0.295,0x79...e5a8,https://bscscan.com/tx/0xc178ddf0b5830b599d3f4a96e7dfa299340300bc72c56877de4c804de9529d0c
2023-03-20 12:27:18,True,2.613e-10,7.754e-13,9414317653.0,0.073,0x97...a2d9,https://bscscan.com/tx/0xcf8becdd7c9dc4f8cf4812a0743dd8fd8b5676b2057f64bbffa8a9c6b98253ee
2023-03-20 12:17:36,True,2.611e-10,7.754e-13,1289635722.0,0.01,0x06...b2d3,https://bscscan.com/tx/0x14e07216d51d61675cd862c0a5df2ee9b6ab236cf1e749faaa1a72311f6f8065
2023-03-20 12:17:27,False,2.598e-10,7.715e-13,24028678035.0,0.1853,0xc9...940e,https://bscscan.com/tx/0xe714b1cdb0890239ad30a4f2f5ce9a781fc5181c549d8dd22ac801b44ae3fb48
2023-03-20 12:16:06,True,2.623e-10,7.754e-13,1271225829.0,0.0098,0x8c...ea1c,https://bscscan.com/tx/0x2bbb64c243f16b3f187b9001a79edf520d9bfdcd1c3b32b3e3b70b40f9f73217
2023-03-20 12:15:00,False,2.597e-10,7.715e-13,31622488701.0,0.2439,0x03...6689,https://bscscan.com/tx/0xd39d11e282f1c581353ec39055c6900de9adb5a258a3eb5d01c5f70b3a43db34
2023-03-20 12:14:45,True,2.61e-10,7.754e-13,644790001.0,0.005,0xcb...08c2,https://bscscan.com/tx/0x154f21a12e320890f6326e4d015fa82189bdc9274eeac8a61f2cbd08af33f046
2023-03-20 12:14:12,False,2.597e-10,7.715e-13,38023159563.0,0.2933,0xf8...5b54,https://bscscan.com/tx/0x6f2691168fae42c185c1bda3c9b6382e381f2f7ea37535fa51402d3c24aa25f4
2023-03-20 12:09:06,False,2.606e-10,7.715e-13,83248568217.0,0.6423,0x93...9481,https://bscscan.com/tx/0x30a9dd95da88115e54bdc1abce1344ab10a26a1de346823dabb618932817e2de
2023-03-20 12:04:42,False,2.606e-10,7.716e-13,1032145331.0,0.0079,0x7b...4ce9,https://bscscan.com/tx/0x5dfbfd3ae65e686814523fd6f4e388fdb9d794676501f17ba8a915d688d6ec3f
2023-03-20 12:04:21,False,2.593e-10,7.716e-13,12767417902.0,0.0985,0xa5...afb8,https://bscscan.com/tx/0xd5b81ff59441d80e0a4d4e7d5ffaf2e9d1baf6be40ba37e81ed180bab5227cfa
2023-03-20 12:02:18,True,2.607e-10,7.754e-13,67564285599.0,0.5239,0x9f...6829,https://bscscan.com/tx/0x5560bd0eb58f0535036486a861b5cc58cb7523cb1fc4e5b1408731bfa74ed5dd
2023-03-20 12:02:12,False,2.607e-10,7.715e-13,10288320871.0,0.0793,0xa3...a58e,https://bscscan.com/tx/0xe0b761f77e5aff6f8bba4cfd6fb1cdf8c46648df67a2403c5fd337a4ddcbe2b6
2023-03-20 11:59:39,False,2.598e-10,7.715e-13,493463518.0,0.0038,0xb3...16e3,https://bscscan.com/tx/0xe01660e0351c0779e8278f881b4115585b3a455db509e75278aaf86bc2432e88
2023-03-20 11:58:57,False,2.597e-10,7.715e-13,1242781288.0,0.0095,0xf0...233a,https://bscscan.com/tx/0xe96fe5c17ccb2c0f688a52417ea2b8632cd7caac02d0acd9ee26bfe091a43f04
2023-03-20 11:58:57,True,2.61e-10,7.754e-13,18923913395.0,0.1467,0x2a...784f,https://bscscan.com/tx/0x0f19d2613d903ebf5b8eecd6003c76396d5ea108f4a5eb375ca736fac444c874
2023-03-20 11:58:27,True,2.61e-10,7.754e-13,128956872.0,0.001,0xea...b8ec,https://bscscan.com/tx/0xa76b823885e4aa56c29e439e0201b6e8ed5f3c8603751686fa9dbde3b012acc2
2023-03-20 11:58:24,False,2.61e-10,7.716e-13,171000000000.0,1.31945,0xf0...233a,https://bscscan.com/tx/0x7373e7e1780daee2a5180d6e8bfc5599b9ed61003ca455e9bde306f6a44a5b34
2023-03-20 11:57:27,False,2.598e-10,7.716e-13,13825592460.0,0.1066,0xb1...248c,https://bscscan.com/tx/0x40e0fb6c272cb349f96b83a3e4d079dd9c1a151ec43a50ddb38944f7f682b77d
2023-03-20 11:56:57,True,2.624e-10,7.755e-13,10845294615.0,0.0841,0xa3...ea55,https://bscscan.com/tx/0xd8d2f5027703882d7893ecc6cea6c1739112adf26f8cfcd15d26b8139b686165
2023-03-20 11:56:54,True,2.624e-10,7.755e-13,3094720596.0,0.024,0x14...a2c7,https://bscscan.com/tx/0x85bb4bd72a16c1ec5a5e8d5a7496f58713c66e8f843d728490b9842ad3123972
2023-03-20 11:56:45,True,2.624e-10,7.755e-13,5027328830.0,0.0389,0x78...bbbd,https://bscscan.com/tx/0x7a44565b3467cd243fa036c49ce97ca28cf75d2a4a0e43ad13b63d9740307675
2023-03-20 11:56:33,False,2.611e-10,7.717e-13,359100000001.0,2.77118,0x0a...503a,https://bscscan.com/tx/0x61a3ab181918a16e37c5373a854b4db27da048c8dcefb7eed3f229afe843c17f
2023-03-20 11:55:15,True,2.611e-10,7.756e-13,28999739002.0,0.2249,0xd6...1046,https://bscscan.com/tx/0x0b705aaea1375989348783247834894de36d85ba43ee5a1931b5b2523271e005
2023-03-20 11:54:54,True,2.611e-10,7.755e-13,201394214411.0,1.562,0x61...7795,https://bscscan.com/tx/0x75969a5e3602dc50719b629a26b2c9f0c5994a2629f4b52f41daff2fdd28007e
2023-03-20 11:53:24,False,2.611e-10,7.716e-13,22500000000.0,0.1736,0x24...1180,https://bscscan.com/tx/0x4f9223b46c52757a1bceab8ad62eea624982be694ea12d47ef2be547498cae82
2023-03-20 11:53:18,True,2.624e-10,7.755e-13,203164758.0,0.0015,0x92...cde3,https://bscscan.com/tx/0xe9fa8d5bbedba6da6379af02091a68f90f03751107610c84b42bdcee5a2870da
2023-03-20 11:48:48,False,2.598e-10,7.716e-13,2653200000.0,0.0204,0x47...f718,https://bscscan.com/tx/0x71001bc9a307c72563aef3e4bb71585efd55d5ea318db0c0e0db8c1646ab72ca
2023-03-20 11:47:15,False,2.596e-10,7.717e-13,40500000000.0,0.3125,0xde...9ac9,https://bscscan.com/tx/0x436456e502b10b77619d0bbebff5d786cc6e94a4e5b672f76327e438da122ffc
2023-03-20 11:43:36,True,2.623e-10,7.755e-13,57181925419.0,0.4434,0xc5...1bf7,https://bscscan.com/tx/0x93392c9cfb8e5a7be770b9f29d4d47d5946e3ed7a1ce60f7cd86c54bbfc2ef31
2023-03-20 11:33:24,True,2.625e-10,7.755e-13,6672371113.0,0.0517,0xc1...019f,https://bscscan.com/tx/0x8efb8227a864b4cf195ae702055debfcb885887513dfaf3068f7f9443153b33f
2023-03-20 11:31:45,True,2.612e-10,7.755e-13,8244046583.0,0.0639,0x99...f24d,https://bscscan.com/tx/0x703eebecb2b956adff39c3f925f77ffbc988721c53c43fe07ae54d8dfcf4e0f4
2023-03-20 11:30:57,False,2.611e-10,7.716e-13,12758682514.0,0.0984,0x93...4b59,https://bscscan.com/tx/0x2bcf8d39bd67958c8cbbc05d21d6cd7dfc12d5028d83c118c3dc4ad92aa5e167
2023-03-20 11:30:27,False,2.61e-10,7.716e-13,14312970277.0,0.1104,0x53...56cb,https://bscscan.com/tx/0xb808918daeec9d698095d0c9e2f531b206aa32ea81458907791e6ddce09a379a
2023-03-20 11:30:00,True,2.625e-10,7.755e-13,12789300001.0,0.0991,0x4d...a185,https://bscscan.com/tx/0xe2c12a095087c432e2eae9d50120d51e6969d8f5d0fa36d28872e3f508586fea
2023-03-20 11:26:11,False,2.609e-10,7.716e-13,988061670.0,0.0076,0x06...e6e9,https://bscscan.com/tx/0x67cb62d0b41c8d8954c3a40c46fee894a1dbf58745d84e4b04ac0a93da3e2ac8
2023-03-20 11:24:47,False,2.596e-10,7.716e-13,5216116528.0,0.0402,0xca...d653,https://bscscan.com/tx/0x6231b9ee3743a5f90f350a23674a4b241e5fc2dabee492ffc009fb05cd59d7b1
2023-03-20 11:23:38,False,2.609e-10,7.716e-13,9348092785.0,0.0721,0x97...f59d,https://bscscan.com/tx/0x199d081ce696a1905d2dd7b11c6a568eda48bebeb0d9eab4efdce036d543f011
2023-03-20 11:20:02,True,2.623e-10,7.755e-13,5931163207.0,0.046,0x75...9a79,https://bscscan.com/tx/0xb8e19dec11507ef66431860dcfad394124f7d137bb4e53db24ef4c54fea680df
2023-03-20 11:18:23,True,2.623e-10,7.755e-13,9197502900.0,0.0713,0x9f...6829,https://bscscan.com/tx/0xd10304d9e390370b4f691845fa49f83f77ec8215819178af998b4bd286dabc6d
2023-03-20 11:17:59,True,2.623e-10,7.755e-13,231621928.0,0.0018,0x46...55e2,https://bscscan.com/tx/0x957cdb26570513c0d6003183eff289ee6918fa0668f2f1fbee132790a3c0ed55
2023-03-20 11:16:26,False,2.61e-10,7.717e-13,117373610171.0,0.9057,0x78...2641,https://bscscan.com/tx/0x0d5dd83b77a46ceaa8b56192828bffee566ef0e6594edf7191d7661da79b2283
2023-03-20 11:16:20,False,2.597e-10,7.717e-13,8818782459.0,0.068,0x90...3663,https://bscscan.com/tx/0xe0333cef2c608bc21202e3b2f1cfb10f9f395975607df768774bd2b3404b9cb8
2023-03-20 11:15:49,False,2.597e-10,7.717e-13,14605288207.0,0.1127,0x5c...9a41,https://bscscan.com/tx/0x457b4865f9eab3804722e37c0c3a68965d55d068cb9d95afbab2e7b6304161fc
2023-03-20 11:15:34,False,2.597e-10,7.717e-13,2663285900.0,0.0205,0x2e...a1c7,https://bscscan.com/tx/0x0238a08ce8be330426185fd4e825f3611749db2507e9bce1537885d5be1c82bd
2023-03-20 11:15:16,True,2.623e-10,7.756e-13,1933959710.0,0.015,0x36...b9b4,https://bscscan.com/tx/0x7e692e5b506511347d4699ab41e981e57aa75008e6d6b8f9caf19ec33bdf7954
2023-03-20 11:14:17,True,2.612e-10,7.756e-13,46562046784.0,0.3611,0x46...55e2,https://bscscan.com/tx/0x13912ed3e08f570958a36ee9c29b9f8bdac5946c490d02ba5811b2a48e4a9d5d
2023-03-20 11:13:56,True,2.625e-10,7.755e-13,2870060755.0,0.0222,0x80...5022,https://bscscan.com/tx/0xc6006245eee7bdf3c2259170db9e161fe3c018ce740d4a1540a6eb21ae017232
2023-03-20 11:12:24,True,2.625e-10,7.755e-13,386800930.0,0.003,0x85...7c55,https://bscscan.com/tx/0x5b23ce5a2646d7c94d24d1179ec8c8577ec6f6c0fd5ce380da6f1e38919c76a5
2023-03-20 11:11:27,False,2.599e-10,7.717e-13,6556485031.0,0.0506,0xb5...1e27,https://bscscan.com/tx/0xb027047667c691722617e79b428f0955eaa83119af2d50664182c74352389d5e
2023-03-20 11:09:23,False,2.598e-10,7.717e-13,16680319390.0,0.1287,0x30...48df,https://bscscan.com/tx/0x1495c01c7c7cfa0312f102657e4dd70b5b97eabd8c2e2a2920c4e027a56bab9d
2023-03-20 11:07:38,False,2.609e-10,7.717e-13,1166193000.0,0.009,0x0e...18de,https://bscscan.com/tx/0x94dc527ea0b055d9458363efbf7156d9a859e452f967203881d91e9ef475c309
2023-03-20 11:07:32,False,2.596e-10,7.717e-13,10295610238.0,0.0794,0x84...0144,https://bscscan.com/tx/0x586bc6950a8810613039a786d4a441901457d4b52cceb1668ba7fdecb8829e5f
2023-03-20 11:06:38,False,2.607e-10,7.717e-13,55118298394.0,0.4253,0x8b...c0d3,https://bscscan.com/tx/0x85131941853c10047257bbac0ba7460c66f35a9048ca1995716d7a00d71df23a
2023-03-20 11:04:39,False,2.606e-10,7.717e-13,1400000000.0,0.0108,0xca...129b,https://bscscan.com/tx/0x0470c0e11b0ba6539842d5fa63c0f579647171807c8005590e163b428758bb00
2023-03-20 11:03:59,True,2.606e-10,7.756e-13,570000000.0,0.0044,0xa2...8c89,https://bscscan.com/tx/0x6a58b7c117e44b44ae47561037bbb6adeda6f6f625845073a74ae5656a95a39d
2023-03-20 11:03:59,True,2.606e-10,7.755e-13,186954071880.0,1.45,0x14...9f3a,https://bscscan.com/tx/0xcbc7df93e77d756abd6ad944f1de8b7b6938d710d8a0b630e0aeda1111c1ab33
2023-03-20 11:02:39,True,2.619e-10,7.755e-13,2534371778.0,0.0196,0x61...d6d0,https://bscscan.com/tx/0x0b45de6f870ce150614df7f3ca9895b8391440d1e3ec1fa3847ba686315d2966
2023-03-20 11:01:39,False,2.606e-10,7.716e-13,12940054023.0,0.0998,0x4a...e1ce,https://bscscan.com/tx/0xdb235be64c11fff67c3d156800594ad7eed5a2b732abe571db1de83ed09ed655
2023-03-20 11:01:36,False,2.606e-10,7.716e-13,17550000000.0,0.1354,0x12...7be3,https://bscscan.com/tx/0x52aeb4d94e8e22fd0bcf70d3c81d62555daf60c038575ad767436f424a36d31e
2023-03-20 10:53:33,False,2.606e-10,7.717e-13,45000000000.0,0.3472,0x52...a092,https://bscscan.com/tx/0x54a3460ada1c2aff75e5589f9277e6457c5896777e622bf964e70edd906cbb77
2023-03-20 10:52:57,True,2.606e-10,7.755e-13,6202763856.0,0.0481,0x15...4042,https://bscscan.com/tx/0xe4cfb5727da819f4090659f7665df9f3863de1ec6a7bf9402fd1b9fdd0f85944
2023-03-20 10:52:54,False,2.593e-10,7.717e-13,4550410587.0,0.0351,0xe1...6ce8,https://bscscan.com/tx/0x4e166d239558ab9d40dcfb841b9ffa4b8f85ad215d5bad290418d21b4b966e3d
2023-03-20 10:47:30,False,2.606e-10,7.717e-13,41852532356.0,0.3229,0x1c...b76c,https://bscscan.com/tx/0xb8b15b889a46f0dfeb18e85c7b91dada4f2309d5ce4bc5e0c83364206b2c689d
2023-03-20 10:47:27,False,2.606e-10,7.717e-13,104400000000.0,0.8057,0x9e...6c9d,https://bscscan.com/tx/0xe5d45282834e387b520818c70a42ef49fead7fbc00a9037b6cd979755a7bc1bf
2023-03-20 10:47:12,True,2.606e-10,7.756e-13,5543847495.0,0.043,0x48...0ee7,https://bscscan.com/tx/0x07600d6e00b6319ae51b60e688d638f44a0aa4cfabedde6e3f6f1c5021d23ac1
2023-03-20 10:46:24,False,2.606e-10,7.717e-13,20304510598.0,0.1567,0xff...1a94,https://bscscan.com/tx/0xf1d422f9be2cdbce26005d223a2c977df5b0dae6a4af8def4feade2bff405da2
2023-03-20 10:45:06,False,2.606e-10,7.717e-13,72000000000.0,0.5556,0xc6...ec07,https://bscscan.com/tx/0x8f651da55f813c71e8a9bcb70aa2ee99f7fbf4cb1e84151e1f7882a8b516c63c
2023-03-20 10:40:21,False,2.592e-10,7.717e-13,9000000000.0,0.0694,0xec...2ffa,https://bscscan.com/tx/0x3e9de060faca42cbb5f06d8b8e8a8bca1014b655613473a6fd481729e557ff63
2023-03-20 10:39:54,True,2.606e-10,7.756e-13,14697028389.0,0.114,0xbc...11c1,https://bscscan.com/tx/0x0b764a32ec5eb83f4b30fa1170d9b27c685fc6549b08c5ddf3fb3ba8b21175c9
2023-03-20 10:37:48,True,2.619e-10,7.756e-13,44987705252.0,0.3489,0xcc...d95b,https://bscscan.com/tx/0x71a6965948f1711dd5ef5a157b718f14cd09b849932759c4d76f9ae3b7c1edef
2023-03-20 10:36:30,False,2.609e-10,7.717e-13,9292916993.0,0.0717,0x73...a468,https://bscscan.com/tx/0xcc5ae6aa3970912f779f4f06e4c3c583a330d29c1f4a9c51f2f2dfffa7f8a44a
2023-03-20 10:35:30,False,2.609e-10,7.717e-13,3519471397.0,0.0271,0xd0...cafa,https://bscscan.com/tx/0x6fd629baa257e32cdabb409beccfeb69630493c4c88a56d65e4c5d0957a2fb7a
2023-03-20 10:33:15,False,2.609e-10,7.717e-13,8136332137.0,0.0627,0xd6...25e6,https://bscscan.com/tx/0x0c88352cde337e07fd56862582ffb242493156cee90284266a7b78b47226b007
2023-03-20 10:28:12,True,2.621e-10,7.756e-13,25784785453.0,0.2,0x4d...ca3d,https://bscscan.com/tx/0xe6711122c8aa6c1370f49c65e0157f27b53e94e469c2c8d74c21e96203c285a0
2023-03-20 10:27:21,True,2.621e-10,7.756e-13,42000000000.0,0.3257,0x18...2923,https://bscscan.com/tx/0x87d068392e1c1135803913d1cb24d9f35449e2dff75938780991c34277d5709c
2023-03-20 10:26:00,True,2.62e-10,7.756e-13,12819159175.0,0.0994,0xde...d232,https://bscscan.com/tx/0xd2c2d5585b44eca24d4bf9ad50feee706c563530bbea8f9c944a9712591f5134
2023-03-20 10:25:11,False,2.607e-10,7.717e-13,1905519691.0,0.0147,0x92...30bf,https://bscscan.com/tx/0x1b175b2bcaa5337fb476722a08d10cd8425bb6408e3a7da884cb2e1f94901702
2023-03-20 10:24:38,False,2.594e-10,7.717e-13,81000000000.0,0.6251,0x1c...3c2a,https://bscscan.com/tx/0x11c200919b0291b66656c2e6da03b0d4356b73de293dbf9896b09c158f8ebc97
2023-03-20 10:23:11,True,2.608e-10,7.756e-13,3223078360.0,0.025,0x7a...1509,https://bscscan.com/tx/0x1728ccf27fc48566350ab410444511b20034e6ca34b06e80ab22beb596e41352
2023-03-20 10:15:09,False,2.592e-10,7.717e-13,35419360591.0,0.2733,0xbe...adc4,https://bscscan.com/tx/0x427001590f1b0112a5e7ee27cc828ab8725b632a257796e1e56f6cb84ee49f39
2023-03-20 10:11:09,False,2.596e-10,7.717e-13,2246818610.0,0.0173,0x9e...e858,https://bscscan.com/tx/0xf11e2928a04481af785e59f43143300280ce813d90c8c96537555d525be85504
2023-03-20 10:09:51,False,2.609e-10,7.717e-13,5558186132.0,0.0429,0x97...4c86,https://bscscan.com/tx/0x012dd4bbb5918c3bad22eeb54168425578d72680d38545b748c15bc8e5b7ef68
2023-03-20 10:07:27,False,2.596e-10,7.717e-13,2973204621.0,0.0229,0x4d...9428,https://bscscan.com/tx/0xb7db91cec918eea1191e962a3532441578eb0035247f7fae0568d5eab5d4e168
2023-03-20 10:04:51,True,2.622e-10,7.756e-13,3392843455.0,0.0263,0xc3...6999,https://bscscan.com/tx/0xe299aecf7e6297790716d306702e968896c6da659eada4f61f07f71bd2c2cf22
2023-03-20 10:04:21,False,2.61e-10,7.717e-13,4047818924.0,0.0312,0x39...cf5b,https://bscscan.com/tx/0xd76a1033a32088271df75d7af81cb09f11c0e9cf54435e21598cec9f26a5cfa9
2023-03-20 10:03:54,False,2.608e-10,7.718e-13,13284567586.0,0.1025,0x50...8077,https://bscscan.com/tx/0x987c6daf4600bfbc19c8641da42c00d3db1a2744f84714286fdb7f0426a80ab1
2023-03-20 10:01:45,False,2.595e-10,7.718e-13,7200000000.0,0.0555,0x49...e2e4,https://bscscan.com/tx/0xac138467d26b01692906593a5c3cd12e7205d6b287e050fe4c2cfc8d7237c622
2023-03-20 09:59:42,False,2.594e-10,7.718e-13,14157243819.0,0.1092,0x75...c83b,https://bscscan.com/tx/0x4ddcd9e04f405df9a461c555af868aacd8df260a19bf24f0034b50cfa564fb65
2023-03-20 09:59:18,False,2.606e-10,7.718e-13,5493982608.0,0.0424,0x98...2e65,https://bscscan.com/tx/0x961c6b771c4c153f73fa79ac05d74a96c59e5ee40466de3d49bb002df64ef6fd
2023-03-20 09:58:15,False,2.593e-10,7.718e-13,9020233467.0,0.0696,0xee...a427,https://bscscan.com/tx/0x6c2e288e8e0817ba4f615956489375d7ff7b36bf8f2d7cda958e182b56102138
2023-03-20 09:57:54,True,2.606e-10,7.756e-13,3222941368.0,0.025,0x38...fc6a,https://bscscan.com/tx/0x0feff86f8e19641cfd09e0871307edf36f68c8efeef0d6585ac96a8bfc6147dc
2023-03-20 09:57:27,True,2.62e-10,7.756e-13,601148789.0,0.0046,0xc3...6999,https://bscscan.com/tx/0xb87a0e635c89ff77f9ef5fbe0316b6141c6a92f18227e3f15635c72dda5469d5
2023-03-20 09:56:45,True,2.606e-10,7.756e-13,4292129177.0,0.0332,0x1e...647d,https://bscscan.com/tx/0x881cdb43f3fb69fd54fe4e40edb4ded781c96309e5e0fb3bc9468a3ebd582c38
2023-03-20 09:55:18,False,2.593e-10,7.718e-13,45000000000.0,0.3473,0x1d...083f,https://bscscan.com/tx/0xde86a0286fccfba2fe255d46a2399b682bec8750942d7f50e5eb22d02fb38b03
2023-03-20 09:54:30,False,2.605e-10,7.718e-13,1545097829.0,0.0119,0x1f...bc37,https://bscscan.com/tx/0x02cbd9fb741c8e7369da30946e76ebb0396ae07642f6157d83ccbb6e34eac586
2023-03-20 09:53:39,True,2.614e-10,7.756e-13,19337379563.0,0.15,0x1e...647d,https://bscscan.com/tx/0xae354c1806fa9fc180e4812b2e1ff14e14ef124ba1320de3fac94ea674f0853c
2023-03-20 09:52:24,False,2.587e-10,7.718e-13,36329943332.0,0.2804,0x1a...e2c9,https://bscscan.com/tx/0x4dbde0b9d7d2acd3286a33b172ebd4844424457bd85b147132bb9e2484331138
2023-03-20 09:48:42,False,2.589e-10,7.718e-13,10102780832.0,0.0779,0x4d...1bcf,https://bscscan.com/tx/0x9378976378b44476d1e5bee063869a3eb90f00265e8a150e27e0cdd9b2512f16
2023-03-20 09:45:42,True,2.608e-10,7.757e-13,1682580073.0,0.013,0xa6...dfe3,https://bscscan.com/tx/0x66501b136689b50d3b70bc3195db726f4442fde3b73fb06a53f9183bddb49972
2023-03-20 09:40:59,False,2.609e-10,7.719e-13,422128936939.0,3.25847,0xdc...618c,https://bscscan.com/tx/0xc06aa92f7a3fa5cd0ae55ce2f672cc1f8fc01be4ce0d27c084ba000b612d068d
2023-03-20 09:37:05,False,2.606e-10,7.719e-13,1969747902.0,0.0152,0x32...0b05,https://bscscan.com/tx/0x8a5235e41ac61cf3e45c4e453d67473002f43d4c04e78a168149465c0a4b9c97
2023-03-20 09:34:23,False,2.588e-10,7.719e-13,10077619548.0,0.0778,0xb5...b3b6,https://bscscan.com/tx/0x92efbf73cd0e521ada47b6e6d2396b5bc6ca0a70d4bedf4c759fb93ab75b8050
2023-03-20 09:33:29,True,2.614e-10,7.758e-13,5628710099.0,0.0436,0xd9...efce,https://bscscan.com/tx/0xe54829be0bd42e2fae4e5409a7d19165bfb6235ed064cc16801c69df88e2da43
2023-03-20 09:33:23,False,2.601e-10,7.719e-13,43525748462.0,0.336,0xfd...bf56,https://bscscan.com/tx/0x0ffaf516951cf33a72ddf6d17e28d5e2da91c97ebf98a9ef1a291ed2b8a587cc
