datetime,buy_order,price_USD,price_native,amount_token,total_native,maker,etherscan_url
2023-03-24 09:15:35,True,2.335e-10,7.181e-13,22110293422.0,0.1588,0x15...38aa,https://bscscan.com/tx/0x11c73a1f82b97c74105e8f53f48e04b7c4c093c3d3a7a1872c465525de843028
2023-03-24 09:15:08,False,2.323e-10,7.146e-13,1664456987.0,0.0118,0xdb...a80a,https://bscscan.com/tx/0x4847d035e2bcd2a74c70696017bc86ec378cc2ce1efe229ab53e4a898deba844
2023-03-24 09:12:35,False,2.323e-10,7.146e-13,24733196306.0,0.1767,0x07...147e,https://bscscan.com/tx/0x8e9d9b4e83d57fac46b23ff412273cdba6e1ae248f86149c19e1d8d0f9852214
2023-03-24 09:06:53,False,2.33e-10,7.146e-13,15811327793.0,0.1129,0xf4...3a66,https://bscscan.com/tx/0x9ec5fedcc022bd80c6ed27a360be1030c8c0318e6e4f4e8a84b9b81831d0c942
2023-03-24 09:05:38,False,2.33e-10,7.146e-13,5310000000.0,0.0379,0xe6...cf70,https://bscscan.com/tx/0x0a0c804bbc3610f1e93bd912c3c21e37b28d564c17cd386400f9ec3b496296e3
2023-03-24 08:59:47,True,2.333e-10,7.182e-13,4613052871.0,0.0331,0x14...0a06,https://bscscan.com/tx/0x96439f2d59546d0416def613dfb12b0df9738d8ed444a3357014a4ffaea14917
2023-03-24 08:56:53,True,2.345e-10,7.182e-13,7009521925.0,0.0503,0xf0...b241,https://bscscan.com/tx/0xfe39cda55dfcc17be297f94acd7fcb9bea95c25f3cd4cd8a2ebb7854c4b1bee6
2023-03-24 08:41:38,True,2.345e-10,7.182e-13,24000000000.0,0.1723,0x6a...c009,https://bscscan.com/tx/0x3673a6676ce6cd27da3187c0cacdce3eda09b3805b757189313e64b88e68cab5
2023-03-24 08:33:08,False,2.336e-10,7.146e-13,148327958829.0,1.06,0x0d...7a43,https://bscscan.com/tx/0x478e6cb7e81a6cdaf8c7cd14a1062acee3f3b26730fa38847a9243f82f28fd9a
2023-03-24 08:31:44,False,2.337e-10,7.147e-13,275940000001.0,1.97215,0x0e...0ce7,https://bscscan.com/tx/0xece85da9f7913eca5cd4192f54d696c8e91e8343de2a50cb6a5e5f04243d488e
2023-03-24 08:31:23,True,2.337e-10,7.183e-13,6960570895.0,0.05,0x6f...ff3a,https://bscscan.com/tx/0x3240facc1c1e06fc709959e84b40b58e2d564a272983d8508319d510be7387a0
2023-03-24 08:31:05,True,2.337e-10,7.183e-13,3787568843.0,0.0272,0x9b...a5b4,https://bscscan.com/tx/0xb9848833c5f94d3502075d41162142e7c8a5cb152eded88fdae09553c0b139af
2023-03-24 08:30:26,True,2.348e-10,7.183e-13,985210100.0,0.007,0x6a...fb07,https://bscscan.com/tx/0xcf3af7db781515445437fe6219aeeb76d3c4a62a507262df17029bc0996eeb65
2023-03-24 08:29:59,True,2.348e-10,7.183e-13,59282500000.0,0.4258,0xb0...176c,https://bscscan.com/tx/0x8f5ab7c8c23b588e67a001aec12fbc78dfa530d81358879294e1508de1b24ea1
2023-03-24 08:28:32,True,2.348e-10,7.183e-13,41765057921.0,0.3,0x6f...ff3a,https://bscscan.com/tx/0x672759f87a04ba7b8e8d8483ddeeece1f73bd7c3c94c90fac0c526384b241c3d
2023-03-24 08:22:11,False,2.326e-10,7.147e-13,49361695511.0,0.3528,0xe0...b07b,https://bscscan.com/tx/0x15a08b3ff530989544fc0de7550478ea6fc5228685885df4f2b7c64000532f2d
2023-03-24 08:20:56,True,2.349e-10,7.182e-13,338617000000.0,2.43215,0xb0...176c,https://bscscan.com/tx/0x9d3a1c89646e281f64a698f7fcc8c31e649d97ea7af7e6322a88d93f0787829c
2023-03-24 08:20:44,False,2.326e-10,7.146e-13,16981617936.0,0.1213,0x36...de93,https://bscscan.com/tx/0x290d78f3d632613b21b85137123f35bdbdb513eab56f6e2485361d8edf45f310
2023-03-24 08:19:41,True,2.337e-10,7.182e-13,11138800000.0,0.08,0x0e...3078,https://bscscan.com/tx/0x88af7c85a48777bd7b6d4c8e962022e51bca5fe8bc05e2ea89034a1be52ca2e2
2023-03-24 08:19:35,True,2.337e-10,7.182e-13,919856362.0,0.0066,0xe0...b07b,https://bscscan.com/tx/0x4bdb51859729d1134fbe382a8a61d7d6cc757b5ebecd15e1c173f03745efac81
2023-03-24 08:17:05,False,2.323e-10,7.146e-13,56762163062.0,0.4056,0xbd...56c2,https://bscscan.com/tx/0xc3ceb8b07ee3c248e6466e4fc777847ab5cd6b13a95f4f6d44b3dada6e74c553
2023-03-24 08:12:56,True,2.346e-10,7.182e-13,23844053884.0,0.1712,0xf0...8d04,https://bscscan.com/tx/0x3f4cdfbcb7bd2f501ab386fe6e64c120e0fe6e4f2b87ae042e66f8899798a80b
2023-03-24 08:12:53,False,2.334e-10,7.146e-13,1799955000.0,0.0128,0x9e...ee31,https://bscscan.com/tx/0xb7c8ebe77c7bcce73f220292ba3c54cab2a250878cf59263f33f0bb2687bd5a8
2023-03-24 08:12:50,False,2.334e-10,7.146e-13,5152711916.0,0.0368,0x9e...e0ee,https://bscscan.com/tx/0x05815070c680a13ba68f5d048bbde2a752e1717cf5c6e5833c49b50ee5af63c9
2023-03-24 08:10:14,True,2.345e-10,7.182e-13,10000000000.0,0.0718,0xb6...b0ff,https://bscscan.com/tx/0xbef03fdfada5f2114d24cb08a12d31a707b798bd8acab9101d3130ddf5b9b60d
2023-03-24 08:06:44,True,2.334e-10,7.181e-13,126000000000.0,0.9049,0xeb...9f95,https://bscscan.com/tx/0x1ec9d0d87b466360b76f29404e7c566783980b54c46ecbb6629fa8b67b6e4bc9
2023-03-24 08:05:53,True,2.345e-10,7.181e-13,1669979253.0,0.0119,0x41...d39e,https://bscscan.com/tx/0xf4e41d7669e3204c1c6a885f62414aee714d6cf7ad116680899cf6ef0c181534
2023-03-24 08:05:29,True,2.345e-10,7.181e-13,5873807799.0,0.0421,0x97...6a65,https://bscscan.com/tx/0xfbdf83ab5b9a67cb5f85bdc4ef125501836a9dd809aef6e3f17d8e7658f5ca7c
2023-03-24 08:04:59,True,2.346e-10,7.181e-13,1700000000.0,0.0122,0x27...d6cb,https://bscscan.com/tx/0xa46de0cea150e68e717b39bbbeef8b173a2bcbd6286c6d7db6a03619469f7233
2023-03-24 08:04:47,True,2.346e-10,7.181e-13,5569692607.0,0.04,0x0f...2f74,https://bscscan.com/tx/0x7b08c0e94e8510b95a5283e46fdcbe88de556611794e2c52ba079db1cd7dd522
2023-03-24 08:00:14,True,2.347e-10,7.181e-13,4631612949.0,0.0332,0x41...68aa,https://bscscan.com/tx/0xe2d8915d7b97bcb07b7ec609cbb249bf221a98fed8a211b68434bf308579f567
2023-03-24 07:59:11,True,2.336e-10,7.181e-13,10787600001.0,0.0774,0xe6...cd17,https://bscscan.com/tx/0xf3ffda914709f782ed14e97a1c1572f0eaa06593057e206682b574d4ba5e89a4
2023-03-24 07:58:14,True,2.347e-10,7.181e-13,41773416642.0,0.3,0xc4...f097,https://bscscan.com/tx/0xc1fddfc1f6757b7dc595ab075e5df3f63e6b955fb033e660370f5d9da596926e
2023-03-24 07:56:35,True,2.336e-10,7.181e-13,27849372769.0,0.2,0x90...612b,https://bscscan.com/tx/0x4cd7a9a9d551983fe09e3a1635210650d41a0dfb7b05a5a3d09ce2bbaf0ce89a
2023-03-24 07:50:53,True,2.347e-10,7.181e-13,41774702002.0,0.3,0x90...612b,https://bscscan.com/tx/0xcb16d4101e0e462eba282bef5564696bd30f5526540c8273caec556d50c8cb2a
2023-03-24 07:49:41,True,2.347e-10,7.181e-13,69626217761.0,0.5,0x90...612b,https://bscscan.com/tx/0x377891ec1bbd50c25ef4f2f97054cf04a41123779e47dfb99eda7d293eb4df07
2023-03-24 07:44:23,True,2.348e-10,7.18e-13,69628360206.0,0.5,0x90...612b,https://bscscan.com/tx/0xf2bef9a0b066a1484824f8bad263c39c4ba7c2f0da8c6522bd9fb9f8ef80165a
2023-03-24 07:41:29,False,2.334e-10,7.145e-13,151999999999.0,1.08608,0x5e...23c3,https://bscscan.com/tx/0x1432cee557aacb86ebfcc4c1ad6cf82dc134a53a92ad60ccfec56f60bcc6c95c
2023-03-24 07:40:56,False,2.322e-10,7.145e-13,6041637609.0,0.0431,0x26...09ce,https://bscscan.com/tx/0x97a2f72f8f7601692866beb8dfa231ae7b09fbd709be5705a1212d863e9d967b
2023-03-24 07:39:40,True,2.347e-10,7.181e-13,7915205485.0,0.0568,0x7f...5a1c,https://bscscan.com/tx/0xf331182f6282afaecb4ccab0018653646b1ee5e11c64dbacc17931c671009b4b
2023-03-24 07:30:44,False,2.333e-10,7.145e-13,2886550946.0,0.0206,0x01...c816,https://bscscan.com/tx/0xa700a76c04abddc6ee9cb42dda41be0b72a91f7f77de82253f05dec013bc3680
2023-03-24 07:20:53,False,2.322e-10,7.145e-13,8785665826.0,0.0627,0xa7...39a4,https://bscscan.com/tx/0xbb653e16bc57101bc70f6432a1fbdfbb58bc5934c5aacfb42031bb4ab7569a08
2023-03-24 07:18:23,False,2.333e-10,7.145e-13,4510074182.0,0.0322,0x5e...1d14,https://bscscan.com/tx/0x9e2e95167b312847078a2dd6a6ee547c4254a66e0dcd48260ffc47bbbd124da7
2023-03-24 07:12:18,True,2.333e-10,7.181e-13,2776273104.0,0.0199,0x3d...4cb8,https://bscscan.com/tx/0xabbda47dd785db2108d7257dee4c676befb7a68124c048f2087b7dee46f3d512
2023-03-24 07:10:33,True,2.332e-10,7.181e-13,8818400000.0,0.0633,0x3b...7a99,https://bscscan.com/tx/0xf24ae8553719ea0fc77bdb71ac8fbf67b7dc1ae0d253faaa44906a9f179a591a
2023-03-24 07:03:12,True,2.34e-10,7.181e-13,11198428193.0,0.0804,0x0a...037e,https://bscscan.com/tx/0x89d254d2ea9fd331118ac99b24413472dd519f565458a5cbd06305e0c89553a5
2023-03-24 06:47:30,False,2.342e-10,7.145e-13,1940146626.0,0.0138,0x78...94bd,https://bscscan.com/tx/0x76bb08298392cc16c9ca4ac7bdd18586ff382280c8cbcf1082e29b484e68b4aa
2023-03-24 06:43:22,True,2.354e-10,7.181e-13,75892489360.0,0.545,0x6f...de19,https://bscscan.com/tx/0xfd213ef88cfc091da36e4c50f6236c4aba992052ae4dc9025bef589fdb662dda
2023-03-24 06:41:52,True,2.354e-10,7.181e-13,4586917530.0,0.0329,0xa5...c552,https://bscscan.com/tx/0xda97e6f7890496244f0893731fc9b628c95b93ef0927a248efd2bd983333489a
2023-03-24 06:41:28,False,2.342e-10,7.145e-13,8100000000.0,0.0578,0x4d...7194,https://bscscan.com/tx/0x0b99777280707ee5ba413115d01d99ede7137c188bb14abcaa54c86509b2db12
2023-03-24 06:41:22,True,2.354e-10,7.181e-13,9823590797.0,0.0705,0xd8...3d20,https://bscscan.com/tx/0xe288d8bd9688c9fbe74d81516801c85161133a0df05cb3ae343b4e8e891fa931
2023-03-24 06:39:43,False,2.343e-10,7.145e-13,37735371000.0,0.2696,0xec...1b8f,https://bscscan.com/tx/0x07e17fabbc7d33e5ce0e42e1fc9b509041bc1acf3e4d5076c40d7ea2db30fe45
2023-03-24 06:38:34,True,2.343e-10,7.181e-13,774466001.0,0.0055,0x99...11e1,https://bscscan.com/tx/0xaed831dd0189062e96cafc81d180ca126955cbdbf293c2868ea9b399ae4de17a
2023-03-24 06:33:43,True,2.342e-10,7.181e-13,6713289953.0,0.0482,0xa5...c552,https://bscscan.com/tx/0xc84bf67cda36307832d112bd64a3132283388633272248daaebc23e49c716acb
2023-03-24 06:29:56,False,2.342e-10,7.145e-13,90000000000.0,0.643,0x0b...17ad,https://bscscan.com/tx/0x45db519284d5c26386df240fa66838e7d5c9553976ae12b393c042497f18bf1e
2023-03-24 06:28:29,False,2.342e-10,7.145e-13,12013899612.0,0.0858,0xcd...aa28,https://bscscan.com/tx/0x9430fd13c67bb0447eba82bc75d0c7d515d5ab329e82cd89eab243fa7063f072
2023-03-24 06:27:08,True,2.354e-10,7.181e-13,42051900001.0,0.3019,0xf2...8004,https://bscscan.com/tx/0x8449b863816bd8eb8bb80ef64ef75c71828c8af80fa2421281a92255ca93d01d
2023-03-24 06:26:08,True,2.342e-10,7.181e-13,2790810278.0,0.02,0x06...1bc6,https://bscscan.com/tx/0x7930e6f229f02d7ba390385128843e5bdec1fc6b842d80cfccc72c82d0d7fad3
2023-03-24 06:25:56,False,2.331e-10,7.145e-13,17915313647.0,0.128,0xe0...2898,https://bscscan.com/tx/0xa48bbcc0ea6dcced7d03b237a8dbcdee01e941ad17a8920fa7badad849d368b4
2023-03-24 06:18:02,True,2.342e-10,7.181e-13,1692180000.0,0.0121,0x38...202a,https://bscscan.com/tx/0x7af375d9ebfbe61b13d34686014c14470f2cea2504b9589362b6d054823d3f81
2023-03-24 06:13:47,True,2.354e-10,7.181e-13,18102395975.0,0.13,0x92...02a1,https://bscscan.com/tx/0xea9def2319c82509e793f76d239df17006d186a0a9db5a308e67dec75df1abb5
2023-03-24 06:11:05,False,2.342e-10,7.145e-13,9000000000.0,0.0643,0x6d...7211,https://bscscan.com/tx/0xa5cd62a22da752f0a299364bcd54bf40847e2391214eede9f0d0089a510cc493
2023-03-24 06:10:35,False,2.342e-10,7.145e-13,90570251825.0,0.6471,0x6d...7211,https://bscscan.com/tx/0x17f29aa8748096ccddd5b01300e25181118a5910994d5c25485714f874274a98
2023-03-24 06:09:38,True,2.342e-10,7.181e-13,39174505822.0,0.2813,0xab...15c1,https://bscscan.com/tx/0x95029d8364301fe541449aa63f1bc60d5d16a2f267422a65faaf10c48d6bca42
2023-03-24 06:03:38,False,2.342e-10,7.145e-13,13825867880.0,0.0988,0x70...b6ef,https://bscscan.com/tx/0x96245408bba0d469dbf584c06d6af2fb3a2f40fc3a427a7a3c24ae39a9c3b1d8
2023-03-24 05:57:56,False,2.344e-10,7.145e-13,2038283522.0,0.0145,0xa0...20d4,https://bscscan.com/tx/0x27c73e538fefd77f2098afe85de37672540c62f1e8f54a0cb26fbf6f2fac39f7
2023-03-24 05:54:11,False,2.343e-10,7.145e-13,90008608684.0,0.6431,0x21...42cb,https://bscscan.com/tx/0xa2a6fa44ee5a05780e80df22e2f31b6e26e69ba238ed36244e74c98cceaa44ca
2023-03-24 05:53:17,True,2.355e-10,7.181e-13,2963220415.0,0.0212,0xda...d76e,https://bscscan.com/tx/0x5a0fd5fef3078a24ece3a690dee6c8746f44b0800b7e5a3c7fc6e20b5baf1079
2023-03-24 05:51:29,False,2.332e-10,7.146e-13,34740143563.0,0.2482,0x82...5940,https://bscscan.com/tx/0x53306a53502e9dd0a33593d0e459084b65dd7094f94f24687cbce2bfc39f5ac3
2023-03-24 05:51:08,True,2.343e-10,7.181e-13,12079174170.0,0.0867,0xdc...f099,https://bscscan.com/tx/0x131d193ef7afef9a676e009a2347a26e9e09328e1ca02fc44e13e24f0efa94ac
2023-03-24 05:49:17,True,2.355e-10,7.181e-13,12396300000.0,0.089,0x56...229e,https://bscscan.com/tx/0x484bc822a5d21f63518e51a1685aaca589309c3ce99feddb491831906d2955cd
2023-03-24 05:39:50,False,2.343e-10,7.146e-13,1800000000.0,0.0128,0x53...ce00,https://bscscan.com/tx/0x6ad82cab04cc34dc9e274556450a48b48cc7308312fe4ce0857fb7b88f0f6454
2023-03-24 05:36:35,True,2.343e-10,7.181e-13,3267560000.0,0.0234,0xb5...b9df,https://bscscan.com/tx/0x6f2cf73389b3cd07e0245e038fd38380c19321e7da5933cb2f87146cb2f93ee2
2023-03-24 05:36:05,True,2.355e-10,7.181e-13,5200000000.0,0.0373,0x5d...965c,https://bscscan.com/tx/0x3d3374bedc2f4f404af01696bbc83e92345100d63110f2702c419c0b4980fa7c
2023-03-24 05:35:50,False,2.344e-10,7.147e-13,1136498997337.0,8.12346,0x30...43ba,https://bscscan.com/tx/0xc0673ffe6c8d2447e57ee377406eaab7ff880dc605424bf4b5b372d9270c06df
2023-03-24 05:34:01,True,2.356e-10,7.185e-13,4175090001.0,0.03,0x67...d135,https://bscscan.com/tx/0x3fb4ac3802d2511dac62476bb999dabfb647b76616398e258d05930ad6e8a70d
2023-03-24 05:29:05,True,2.344e-10,7.185e-13,19483887662.0,0.14,0x66...6989,https://bscscan.com/tx/0x6bb65f3ec3b4f869d56a924c0f037242ac58be1f6ca98ebd960368b30b2ec92c
2023-03-24 05:23:41,True,2.356e-10,7.185e-13,4175140600.0,0.03,0x3c...2375,https://bscscan.com/tx/0x23063a3df3031b7105e1e1525221b7ba36b10a09df407d4247b9abca78fa9360
2023-03-24 05:13:38,True,2.344e-10,7.185e-13,556685995.0,0.004,0x25...b13b,https://bscscan.com/tx/0xf81a6357cefe2acee0d477282e4f79793ef839c7595059f783d34c565efc3300
2023-03-24 05:07:59,False,2.332e-10,7.149e-13,1924608019.0,0.0137,0xca...7d17,https://bscscan.com/tx/0xea24bf140a7c3e1a9e5617086297781b652ce9c94fb65dc7b786f8208ed92f04
2023-03-24 05:04:26,False,2.345e-10,7.149e-13,36671058739.0,0.2621,0x13...0d03,https://bscscan.com/tx/0xbd388a56b1d7c65241fec010cc20a6c23d0138497431e193f9cfe807ae174ae5
2023-03-24 05:02:29,True,2.345e-10,7.185e-13,12488337591.0,0.0897,0x4b...8602,https://bscscan.com/tx/0xe0806a5094c18b94e64b4aef8548984b519dfbe766ff69a152b8ad1fdcffc9dc
2023-03-24 05:00:59,False,2.345e-10,7.149e-13,886143841.0,0.0063,0xca...7d17,https://bscscan.com/tx/0x606afb6ac1ad5811b65f33b62cc781b760e112ca9882e13961ba1c78a0d8ffab
2023-03-24 05:00:44,True,2.357e-10,7.185e-13,265479103543.0,1.90748,0x09...2ecd,https://bscscan.com/tx/0x2d4a60928a4b8e93c9ecdb5b7f8928fdb411cc8cfb02d0a3a36dbc1fb3cc93e8
2023-03-24 04:59:32,False,2.333e-10,7.148e-13,18973595525.0,0.1356,0x64...4d8c,https://bscscan.com/tx/0xd949a28dc898df913c8af55e381b85a5c754c1c5310071038e0ade9cfbfe2328
2023-03-24 04:58:23,True,2.357e-10,7.184e-13,3201257958.0,0.023,0x31...8cd8,https://bscscan.com/tx/0x5fa1320793dce0bd7e9090226cf007f10df52b0bea99c1191d837f2d4a75ba07
2023-03-24 04:54:20,True,2.359e-10,7.184e-13,3992953023.0,0.0286,0xb6...6677,https://bscscan.com/tx/0xedb40c6c64ff304dd218f53e9b69de04843199937eb3b3c4a54b71780575ca35
2023-03-24 04:50:11,False,2.345e-10,7.148e-13,6312594104.0,0.0451,0x8b...1c06,https://bscscan.com/tx/0xa84fb60863652ad7cef00ad0c33f28518d7f683c2a8dd2b82612fe95669b7697
2023-03-24 04:48:41,False,2.334e-10,7.148e-13,29581200000.0,0.2114,0x46...2a7a,https://bscscan.com/tx/0x7691bc4c91317833351c7affc076ed69cc2851e4b9cc5e04c6ac38ffe34d01c7
2023-03-24 04:45:11,True,2.357e-10,7.184e-13,5984888528.0,0.043,0xeb...96f0,https://bscscan.com/tx/0x0ee2dd1622dcab9add2ce93b807d9c51cdaca7c71a3310d5215c97b0d5a9f05c
2023-03-24 04:44:32,True,2.345e-10,7.184e-13,11124619174.0,0.0799,0xa5...c02c,https://bscscan.com/tx/0x09a3324e71da9faffc57d38fd8a22dbd95c43ebb9eae95856696398fbb172f0a
2023-03-24 04:42:38,True,2.357e-10,7.184e-13,49809792237.0,0.3578,0x93...0800,https://bscscan.com/tx/0x098f9e37084e3e56ecbcb76c6e8687522b48173b718e7dcfb81ec45d1fe8d749
2023-03-24 04:41:44,True,2.345e-10,7.184e-13,15896546344.0,0.1142,0xb6...6677,https://bscscan.com/tx/0xcdafe573e071801a42adc8427793a42289159cc58f6ffca47b8f03efa70ca32a
2023-03-24 04:41:26,False,2.345e-10,7.148e-13,67192038830.0,0.4803,0x93...0800,https://bscscan.com/tx/0x2caa611cbb475e8737e70c52cd2826e01177e8ad0c643649cb8ac8f5cb810aed
2023-03-24 04:39:20,True,2.357e-10,7.184e-13,11830691492.0,0.085,0x9f...0b44,https://bscscan.com/tx/0x7381b8e958fe139b8769b3bf45438a572cded39c4b43627c8f67e4481cb34a02
2023-03-24 04:38:11,False,2.333e-10,7.148e-13,2500942269.0,0.0178,0x05...917f,https://bscscan.com/tx/0x166ff901f75566ba198cc3fc811e5e13f68df121fdb694120d7b3534d0901ef1
2023-03-24 04:35:05,False,2.345e-10,7.148e-13,7512817621.0,0.0537,0xb0...a336,https://bscscan.com/tx/0x49661aaefdcd2bdff27dad67e5421a941b8dc4d253973b35a9d012d422a399d7
2023-03-24 04:32:14,False,2.333e-10,7.148e-13,44020313182.0,0.3147,0xba...cc8c,https://bscscan.com/tx/0x177ee3b10ba0cf6d088084b43f0418ed3bda68171e1502f26ed16c636a498ecd
2023-03-24 04:24:32,False,2.348e-10,7.148e-13,11573797702.0,0.0827,0xed...d3bf,https://bscscan.com/tx/0xc349d572e83f1ee8509a101e76a4e7c1bf6e88904b71e1ab40e5fbf404479be3
2023-03-24 04:23:56,False,2.348e-10,7.149e-13,23443250536.0,0.1676,0xd7...47c7,https://bscscan.com/tx/0xcdd9a07dec79b5fc35fea05278f6134934a71f11633381f8361e457e33287075
2023-03-24 04:21:56,True,2.36e-10,7.184e-13,395623100.0,0.0028,0xd4...a09f,https://bscscan.com/tx/0xe4554acc4dd873f4423a9e4726e8490f51f8d82d473d9af2227ff23fc4875601
2023-03-24 04:20:23,False,2.348e-10,7.149e-13,2511034203.0,0.0179,0x34...229c,https://bscscan.com/tx/0x02e99b21056138898e25ed3dbe8cb8a0bd095588936df46780cfe747380a30ff
2023-03-24 04:20:20,False,2.349e-10,7.15e-13,944680255740.0,6.75502,0xda...28bc,https://bscscan.com/tx/0xc5fc7d18704d048f210d3da525f4a1070c2e1a8327b0a8e90a00744759fbfa21
2023-03-24 04:14:53,False,2.338e-10,7.152e-13,44408980681.0,0.3176,0x33...7f8e,https://bscscan.com/tx/0x8bbd129f35c9d41bec26ca3816080a8d6b7c3bcb3d8f9101a552a3825fa6b834
2023-03-24 04:09:25,True,2.361e-10,7.188e-13,2225899986.0,0.016,0x15...a7c4,https://bscscan.com/tx/0xa5fc13358a48ef18f255b28b05436328ee69ffbb9b128b43ff217f288a94590a
2023-03-24 04:08:10,True,2.361e-10,7.188e-13,8657171924.0,0.0622,0xa5...6a48,https://bscscan.com/tx/0xe64ef5c077e03efa53bb34fb5c1f67af83b06042cad8c8c43f1773c9cc2d24d5
2023-03-24 04:07:34,False,2.349e-10,7.152e-13,4216011216.0,0.0301,0x42...c4b0,https://bscscan.com/tx/0x880cec753049e6f6c314db67a30756add6dc8624a732b5920d1d7e4d51556071
2023-03-24 04:06:49,True,2.362e-10,7.188e-13,5341344058.0,0.0383,0x15...4042,https://bscscan.com/tx/0x47951fce67603ac08ad6612cf99a38efe2e72cd9cd5c8bf20602f2d693ee75f9
2023-03-24 04:05:52,True,2.351e-10,7.187e-13,86255687125.0,0.62,0x60...d507,https://bscscan.com/tx/0x00fb19a7f79b9b69ff3923ee58129aa6d36ed396804748d8004595c5d4a1d664
2023-03-24 04:05:07,True,2.363e-10,7.187e-13,688319685.0,0.0049,0x25...6d21,https://bscscan.com/tx/0xd93bc63e793b146d558bbe5698e88ed93f73067c7f4d48b0d97d7ff84cbcfffd
2023-03-24 04:01:01,True,2.351e-10,7.187e-13,2086872482.0,0.015,0x4e...04f3,https://bscscan.com/tx/0xa634cd8705a90addb3c3562e4e406eedfbdee23e3cd2e9fe434962485f628155
2023-03-24 04:00:46,True,2.363e-10,7.187e-13,64611605.0,4.644e-05,0xa5...6a48,https://bscscan.com/tx/0xda55e7d4798e585657538035a77ee2c889d5cf1fa20696ef16644c0b7e84aa6e
2023-03-24 03:51:49,True,2.351e-10,7.187e-13,148000000000.0,1.06376,0x20...e303,https://bscscan.com/tx/0xf5085bc21d78c69e6582b103838493ecee3f3e4ea2b301f83ad472aa776aff9e
2023-03-24 03:50:25,True,2.352e-10,7.187e-13,16680000000.0,0.1198,0x20...e303,https://bscscan.com/tx/0xb7830c2fc1fff8561f0d66f611671b116dc0ab81897c2da00b1ebbe049790cbb
2023-03-24 03:49:34,False,2.352e-10,7.151e-13,8727183226.0,0.0624,0xb8...b0af,https://bscscan.com/tx/0xd271223a8925af16d062318b6efada478bd3b22ab7b95f4862d0721d29979ae9
2023-03-24 03:49:01,True,2.352e-10,7.187e-13,417403523.0,0.003,0x7f...50c7,https://bscscan.com/tx/0x160cdfd4390568d786e59d747ad4fe5760d2601091e95e9539207f3434a145d5
2023-03-24 03:48:25,True,2.352e-10,7.187e-13,3251788953.0,0.0233,0x00...94a5,https://bscscan.com/tx/0xd70f51e74855303492ad90bd04acd3e8e424730a5f1615c24af24408b37be8ea
2023-03-24 03:46:46,False,2.34e-10,7.151e-13,2174562089.0,0.0155,0xd7...10c6,https://bscscan.com/tx/0xda4eef038e2866634088c0518a3fb7f0d41c27ea4116010382c188933d1106a7
2023-03-24 03:40:25,True,2.352e-10,7.187e-13,125224598976.0,0.9,0xa5...7366,https://bscscan.com/tx/0x20dca51c0faca97e1d9ac565952ee8f0c6bcc2d751be82ff7126339ea9432fa1
2023-03-24 03:34:25,True,2.367e-10,7.186e-13,1863938384.0,0.0134,0x49...1aca,https://bscscan.com/tx/0x64f1289df26a064346cd029e9345e95d03940b15a1904f5c3bbb8f673749746a
2023-03-24 03:34:13,True,2.367e-10,7.186e-13,420249147677.0,3.02,0xa4...2340,https://bscscan.com/tx/0x309353a143406f4b2be66ab0c19f29e4d7181f6ee04025183d3d71412a23463a
2023-03-24 03:25:22,False,2.344e-10,7.149e-13,27000106736.0,0.193,0x6d...9275,https://bscscan.com/tx/0xcc4879dd1c7937d025805e14c26200644232ad204f57fc6dbed639cefb1cae76
2023-03-24 03:24:46,True,2.368e-10,7.185e-13,618361478.0,0.0044,0xeb...5fdd,https://bscscan.com/tx/0xc9c5c2d65650d871f02f06d3c67202818afb167195884d8279d0cff8ef720044
2023-03-24 03:20:40,False,2.344e-10,7.15e-13,460661400001.0,3.29395,0x4b...e083,https://bscscan.com/tx/0xa9df57a6b0c100602af5cac129553e30c877683c4e49b2d4c4acefd40db35351
2023-03-24 03:11:34,True,2.368e-10,7.187e-13,3478461951.0,0.025,0x26...3919,https://bscscan.com/tx/0xa0edab256ba1236364ead8db514d0f814bea75917e0a4160626fdf7ab75b3609
2023-03-24 03:05:55,True,2.368e-10,7.187e-13,5314004456.0,0.0381,0x44...e373,https://bscscan.com/tx/0x7bca0b2c48ef58498d974bc120eb177a746cda559712f424ea80569367a6f5fc
2023-03-24 03:03:04,False,2.347e-10,7.152e-13,900000000000.0,6.43733,0xc2...c746,https://bscscan.com/tx/0x4d5e5a75509a46b9117a6dc999a8acd9b4b2db1b3bba56359ec0250b055da1be
2023-03-24 03:02:40,True,2.359e-10,7.189e-13,7471090000.0,0.0537,0xea...b1ee,https://bscscan.com/tx/0x4af162af8d060f6cc0550f20d1766504dd1409d2f9f55e03592070e782055767
2023-03-24 03:01:49,True,2.359e-10,7.189e-13,31140900000.0,0.2239,0xea...b1ee,https://bscscan.com/tx/0xae583982ec7b92a76473982a6f9ee7cf183855a88043282964878d629303c6a7
2023-03-24 03:00:49,False,2.348e-10,7.153e-13,3697836447.0,0.0264,0x63...ef94,https://bscscan.com/tx/0xb8e230228c825f5b61450f97f18379dc442491cae6bbb76ff38dea381bb0538c
2023-03-24 02:58:37,True,2.371e-10,7.189e-13,4513322649.0,0.0324,0x0a...2687,https://bscscan.com/tx/0xcd09e3d99c2f9958cdf685c3a445149198a4c60697f40507ec5427cfc30b9713
2023-03-24 02:57:37,False,2.36e-10,7.154e-13,83026132288.0,0.5939,0x0c...92d6,https://bscscan.com/tx/0x1f13b09afdb4bad726391bbeba0b0f9566afe4f300f9bca14953e8068f6dcdd8
2023-03-24 02:56:19,False,2.348e-10,7.154e-13,18900000000.0,0.1352,0x2f...9653,https://bscscan.com/tx/0x2f31041b89bdb3382a2c2de97d4f4a10b30ba43a02ff04f4c98786c1dd00ba06
2023-03-24 02:55:49,True,2.36e-10,7.19e-13,19471264986.0,0.14,0xf4...8fef,https://bscscan.com/tx/0x2439dc755348008af6c299c2f9968c431691d96c395c0decc057dec16a685e41
2023-03-24 02:53:31,False,2.36e-10,7.154e-13,426909660716.0,3.05446,0x7a...63cc,https://bscscan.com/tx/0x4add7dab3339eb5adbb703fb457674ab438901125a4446d8f29669fe3b0773f4
2023-03-24 02:52:06,False,2.361e-10,7.155e-13,175844156823.0,1.2583,0x6f...5f25,https://bscscan.com/tx/0x5debabb0b9281108c15a398e04e0905e534aa5b92f30162be5f98ba346219834
2023-03-24 02:50:30,True,2.361e-10,7.191e-13,13555990000.0,0.0974,0x1e...8806,https://bscscan.com/tx/0xee396b33672553088c5558777b3ed007bf64bbede872193fe4afe5a2f00c96bb
2023-03-24 02:49:42,True,2.373e-10,7.191e-13,55482000000.0,0.399,0x1e...8806,https://bscscan.com/tx/0x94f67ab3d6d4231ba7f888ed9b1b3380bd61cbc70fb78c2cf34d32550e8a84f0
2023-03-24 02:48:54,True,2.372e-10,7.191e-13,223195000000.0,1.60508,0x1e...8806,https://bscscan.com/tx/0xc8db22dbf13a2076e9df63cf64b47bc64dd2dc73dcd4c6b3d9e2ca6715cb96a7
2023-03-24 02:47:57,True,2.36e-10,7.191e-13,20459597932.0,0.1471,0x39...23cb,https://bscscan.com/tx/0x1cde5d600bffcfe9ce7f39bd0c97b43753329e13ee06c16b292e72da8105a587
2023-03-24 02:47:30,False,2.36e-10,7.155e-13,22527213718.0,0.1611,0x42...d66b,https://bscscan.com/tx/0xb28fd35bf90d644b6d0cac9883111a6515cd3623a44b5d307ada2db5296123af
2023-03-24 02:46:03,True,2.36e-10,7.191e-13,19329691566.0,0.139,0x59...f75e,https://bscscan.com/tx/0xfbb5d73b47204d6c891449e5c3a2ed7e2df69de13a4cf4253ba5689855728157
2023-03-24 02:45:39,False,2.348e-10,7.155e-13,26800955619.0,0.1917,0x71...5f73,https://bscscan.com/tx/0x803e96b1ea243f262553679090e182d750b2a279ac3235f19ffdccafc382f760
2023-03-24 02:44:03,True,2.36e-10,7.191e-13,27812296.0,2e-05,0x78...c463,https://bscscan.com/tx/0xe813a8d1edde81b6e8b76df202f319996ad63db345f5c5284669aad05b894104
2023-03-24 02:41:08,True,2.373e-10,7.19e-13,139065761978.0,1.0,0x47...1b23,https://bscscan.com/tx/0x05ab4f5b086d5d0a2e6b94dbe612023535beb66c57714c821d55695da2871219
2023-03-24 02:41:02,False,2.361e-10,7.154e-13,3807355521.0,0.0272,0x1f...25a3,https://bscscan.com/tx/0x3c8d92337b01a4f261ce274c619a7427c089abb16dce4f72a1fda3ca3860675b
2023-03-24 02:40:23,True,2.373e-10,7.19e-13,761458735.0,0.0054,0x49...1aca,https://bscscan.com/tx/0x5945962e432f265b723668ac7dc8e778046c63c022e0858233e87f909599a15b
2023-03-24 02:38:53,False,2.361e-10,7.154e-13,148483535497.0,1.06239,0x79...2cd2,https://bscscan.com/tx/0x4dba3133426a13661b8a58c6a83010af9edbe96d587e72f80bf3314cd7378f07
2023-03-24 02:35:29,False,2.361e-10,7.155e-13,23009220000.0,0.1646,0xfc...f9cc,https://bscscan.com/tx/0x31ced0463721df367e4547a32ccd46a966032466ff69b7f824a1bea924b9afc7
2023-03-24 02:35:29,True,2.373e-10,7.191e-13,20858995222.0,0.15,0x51...6d81,https://bscscan.com/tx/0xc760b4d48610e2d05f2ae316242b0b6897f9507c023127088f9c2689561a9c1a
2023-03-24 02:33:59,True,2.361e-10,7.191e-13,2336589881.0,0.0168,0x3b...b242,https://bscscan.com/tx/0xd8d5403f036d76a9fdc13aaed170fffa339cf901df14f58e83e17fe7b0a741f9
2023-03-24 02:28:59,False,2.35e-10,7.155e-13,22630172316.0,0.1619,0x02...8686,https://bscscan.com/tx/0x2bce98c4a3d627a6ff2b6840b731b65d314f86ac53ddead5f2e741ea3435a904
2023-03-24 02:25:53,False,2.35e-10,7.155e-13,22800377523.0,0.1631,0x17...8eb7,https://bscscan.com/tx/0xd19560761533ef788d5a9612cbab1f48b6dedc225c0831f1220d5d611cd8c1cc
2023-03-24 02:25:44,False,2.35e-10,7.155e-13,27639270000.0,0.1977,0x6d...9275,https://bscscan.com/tx/0xf0740dff4534afc1e3097ed1e1251e52c8b8a72ee4aced27279b7aeba1fe794e
2023-03-24 02:24:08,False,2.362e-10,7.155e-13,4500000000.0,0.0322,0xeb...0d6d,https://bscscan.com/tx/0x12469469dd41f6c29cee43235c036a044fbaede3821805be0ef30c608f7a8c19
2023-03-24 02:22:30,True,2.374e-10,7.191e-13,27811370051.0,0.2,0x42...d66b,https://bscscan.com/tx/0xdd5d244dae5dac8a3101d6cbef9e235be4bf6247d146b430915e76a6d5852df6
2023-03-24 02:19:48,True,2.374e-10,7.191e-13,2692960753.0,0.0193,0xe3...3a6a,https://bscscan.com/tx/0xeaac0151aa49615265f85772c1464e95812f5a42d571afaccaed9df4b185b1ef
2023-03-24 02:17:45,True,2.362e-10,7.191e-13,3100000000.0,0.0222,0xc3...ad07,https://bscscan.com/tx/0x613a06e640898a1498cbbf9d00f524b18c9f9ca2ee1296fa58e90fdda9ed0cad
2023-03-24 02:16:42,True,2.374e-10,7.191e-13,43154623273.0,0.3103,0x90...0ef6,https://bscscan.com/tx/0xd073d0c93f694a192ac48e1a0afa345a2e71e1b983d759baaece410f766e96f8
2023-03-24 02:16:12,False,2.362e-10,7.155e-13,45242391305.0,0.3237,0xe2...aede,https://bscscan.com/tx/0x746696bea206ffe1ed860ebc0d7d04b297ad64af85e1ac3d88462a0452d44e40
2023-03-24 02:12:30,False,2.35e-10,7.155e-13,3603600000.0,0.0257,0x7b...85fb,https://bscscan.com/tx/0x63256709e38c6e87001cf58d2d8a5270395f14500af409742f04fceadda3ccbb
2023-03-24 02:11:48,False,2.362e-10,7.155e-13,5402250000.0,0.0386,0xeb...0d6d,https://bscscan.com/tx/0x205995531ba2b2dde8ae79913526807cf8689a54f1fc75726c95df54b207b848
2023-03-24 02:10:21,False,2.362e-10,7.155e-13,9576132191.0,0.0685,0x04...20a6,https://bscscan.com/tx/0x8f62518152109fc4650a8fd529c573eff64e2dd82b4f420cd206a02839e380f5
2023-03-24 02:06:12,True,2.373e-10,7.191e-13,6460205728.0,0.0464,0xb2...7975,https://bscscan.com/tx/0xce6fe6e9606114e9eda6a0cb0bef199303b4a41f822c6b84d2d7573ccf216367
2023-03-24 02:03:04,True,2.362e-10,7.191e-13,4171719750.0,0.03,0x38...1d9c,https://bscscan.com/tx/0x2ccf30c36eb8dd3d0b00bf0aba8eaaa50a4994202aea34bec26013228b2b7ad7
2023-03-24 02:00:45,False,2.349e-10,7.155e-13,5127439249.0,0.0366,0x1f...b657,https://bscscan.com/tx/0xd5398e090ab5aff3eac401ade80b73d7397b551c5b86c07cf1b90f3d799a2c93
2023-03-24 02:00:09,True,2.372e-10,7.19e-13,306761186565.0,2.20586,0x35...1418,https://bscscan.com/tx/0xcd5fad404d06b212e63698c98107fdd36895442522cf487aa786d59767fcda00
2023-03-24 01:59:57,True,2.372e-10,7.19e-13,15525526363.0,0.1116,0xa4...832b,https://bscscan.com/tx/0x93981e171360f34d88ea845ad6fa0bbd201407084e10aa08a30581a27a77f887
2023-03-24 01:59:30,True,2.36e-10,7.19e-13,100000000.0,7.19e-05,0x18...7fcb,https://bscscan.com/tx/0x86caa40085ca50a44fbd06385f9a4b54437030867d461ea28a3e95e465f092dd
2023-03-24 01:59:12,True,2.36e-10,7.19e-13,5346779478.0,0.0384,0x63...a2df,https://bscscan.com/tx/0x6fcd6d4fafa8e24e925862f0234ca7043e33e6bbf9537fc00b0c175f9a35320c
2023-03-24 01:58:45,True,2.372e-10,7.19e-13,1839831372.0,0.0132,0xae...fa80,https://bscscan.com/tx/0x2c5fa324cc1b01aa8597291442f65a0ff431b360cd2fbd55a4cb5ccb86934606
2023-03-24 01:58:18,True,2.372e-10,7.19e-13,14081092068.0,0.1012,0xd4...932e,https://bscscan.com/tx/0xf386541980a14583cad32cf5bbe47a3d747c5c50ef0dbd6c3c8880ac6c6252eb
2023-03-24 01:52:24,True,2.372e-10,7.19e-13,12978195877.0,0.0933,0xb8...56c3,https://bscscan.com/tx/0x6578c8be015d3d6fc6521c6a71920f4997dc37908f4ad2c6b0c9cb7e6c36e5ae
2023-03-24 01:51:48,True,2.372e-10,7.19e-13,9899797194.0,0.0711,0x53...2005,https://bscscan.com/tx/0x430d9efa3a34475dac21de31bc18f14aa5c2d9e6f8ce5e058b4c7e87878a4a6e
2023-03-24 01:49:06,False,2.348e-10,7.155e-13,900000000000.0,6.44008,0xc2...c746,https://bscscan.com/tx/0x0012e9044642ee5a6846347bdee0036aa582db2b05017744ca5548a96a539176
2023-03-24 01:47:42,False,2.349e-10,7.157e-13,8022884719.0,0.0574,0xa0...3618,https://bscscan.com/tx/0xb1bb89d114983ec0aa6868c331c96c393817f3c3af6ed1dcf70f886abe1cf486
2023-03-24 01:47:09,True,2.372e-10,7.192e-13,8796106064.0,0.0632,0xb0...d595,https://bscscan.com/tx/0xdaaec3efc3e389bf32b363e4676824e9d683eca7aab9993edd2741a04da0f642
2023-03-24 01:46:06,False,2.349e-10,7.158e-13,694556286707.0,4.97174,0xa5...4b1b,https://bscscan.com/tx/0x11a85a95c7946d714d86e7dcff5cf85f428ec4e19c0f9f6704e03c1b6f01497b
2023-03-24 01:43:02,True,2.361e-10,7.195e-13,5503690859.0,0.0396,0xf6...c25d,https://bscscan.com/tx/0x3423d492e08dfb253a4fb48ed5518c221d4e05461432dfc17fe226b5dccfc338
2023-03-24 01:42:04,False,2.361e-10,7.159e-13,38265840000.0,0.2739,0x4d...f111,https://bscscan.com/tx/0x648710d20f44d4f26d683f43b463122b218223fde6040485548748716b10d458
2023-03-24 01:40:31,False,2.361e-10,7.159e-13,3491520058.0,0.025,0xa0...393f,https://bscscan.com/tx/0x8263fde3a151313c24e02f3ee7ab78f20795e326af30d471618c47bdc4f61875
2023-03-24 01:38:49,True,2.361e-10,7.195e-13,9196853976.0,0.0661,0x33...aa7c,https://bscscan.com/tx/0x3bd15fdd4da5de3fce62d06d6133b4d17f455df2999105a8041329514e75d8c9
2023-03-24 01:38:31,False,2.35e-10,7.16e-13,687846862833.0,4.92527,0xdc...618c,https://bscscan.com/tx/0xdc09968606ecfc3a75f34876942c4603494116d5c09611e52fb6fcf6dd1d7c64
2023-03-24 01:37:16,True,2.373e-10,7.197e-13,20338600000.0,0.1463,0xa3...147e,https://bscscan.com/tx/0x833491dbbba59d6d621406204159e91288e2c6ec7d067315eeab56cba827d68f
2023-03-24 01:36:37,True,2.374e-10,7.197e-13,12504574906.0,0.09,0x3a...ddb2,https://bscscan.com/tx/0x0029e16235b07a300dca4d432fab0b5112c5893545539940e294c07c778f9bf6
2023-03-24 01:35:13,False,2.36e-10,7.161e-13,1134205618.0,0.0081,0x44...044e,https://bscscan.com/tx/0x73ff63c859e6901f5c38bc45eb3feafa9e55793df08dd82a71364d9e3b17f6f1
2023-03-24 01:33:22,True,2.372e-10,7.197e-13,5000000000.0,0.0359,0x81...baab,https://bscscan.com/tx/0xf185672a70dcb731c951fbbf29ea24f82a6d55f82cba08100516a61c2befb2e4
2023-03-24 01:32:58,False,2.36e-10,7.161e-13,2437244670.0,0.0174,0x3a...f883,https://bscscan.com/tx/0x43a10072a82029c3e2f70092fac660e88bd780d9073c0e65772e71db252a72e8
2023-03-24 01:32:40,False,2.349e-10,7.161e-13,26628295206.0,0.1907,0x3f...7489,https://bscscan.com/tx/0x9a3f9daf5cf75bb9dc5abd10bccc75a0388f215a63d24ab4a8f886b3e460ceb3
2023-03-24 01:30:52,True,2.373e-10,7.197e-13,13571400000.0,0.0976,0xfb...39e6,https://bscscan.com/tx/0x8dcf354623654385f3750964af37d8a3c6e29fb12903450a0b23b75018353543
2023-03-24 01:30:49,True,2.373e-10,7.197e-13,12872620887.0,0.0926,0xda...123b,https://bscscan.com/tx/0x2365cababe6e7fd130669dcf4c79d7bd89e19f9dd0ce596834ca11c2730b9009
2023-03-24 01:29:52,False,2.362e-10,7.161e-13,8919095892.0,0.0638,0xb9...bac1,https://bscscan.com/tx/0xe38cda486c81eae94bb82563cd6c5a153a75d5e92d6a801a36fd0fcdd66ff1e0
2023-03-24 01:28:28,False,2.35e-10,7.161e-13,37710000000.0,0.27,0x5c...2c1f,https://bscscan.com/tx/0x5c165a81ecbfdbbd2c2e586570c9429a26b040f56683dca3ed0ce697be7c938e
2023-03-24 01:24:37,False,2.362e-10,7.161e-13,31053629095.0,0.2223,0xbe...1711,https://bscscan.com/tx/0x9ae69d4155779aa36b0f33f033ac8a1792bf1caa702d9c61a9f35ad69a6636f1
2023-03-24 01:24:13,True,2.374e-10,7.197e-13,29706000000.0,0.2138,0x7d...e325,https://bscscan.com/tx/0xef7c0e1d0fcaf109ebecd814d3ebc317f11e55944f694ab7a2e28a4e5804c4eb
2023-03-24 01:22:13,True,2.361e-10,7.197e-13,33000000000.0,0.2375,0xc8...5401,https://bscscan.com/tx/0xa79030a4f12faf45ff7a4b2d95758e557fb50b43f03db3c641684ab3aaf3089f
2023-03-24 01:17:31,True,2.362e-10,7.197e-13,21401660293.0,0.154,0x04...dddb,https://bscscan.com/tx/0xc233be10c0792df4e91e924d89fd3d9d0898b1d9c32a3d270dab277223ce4dfd
2023-03-24 01:15:37,True,2.374e-10,7.197e-13,9833690557.0,0.0707,0x56...1554,https://bscscan.com/tx/0xd9993cab0fb568cffdd9f2c18c8a7b0ca7414c8cd607c784b949d1f03d2bda4d
2023-03-24 01:14:10,True,2.374e-10,7.197e-13,47789720783.0,0.3439,0xee...1673,https://bscscan.com/tx/0xdfc0876c39fcef24711ac599f018c275205ff56c348b25c243a635a6de9bc973
2023-03-24 01:12:55,True,2.374e-10,7.197e-13,1111550000.0,0.008,0x84...4b57,https://bscscan.com/tx/0x79c8c130ab5ede960e5e50df320d6e896c12e1cd8d13dc7040b581182d0bbbed
2023-03-24 01:11:01,True,2.373e-10,7.197e-13,33346855152.0,0.24,0x33...cd2b,https://bscscan.com/tx/0x8fd2f759a77cf8c46e0587a133d8cd7b6126c49d62b7ae80c72ac87b454e302d
2023-03-24 01:09:28,True,2.361e-10,7.197e-13,18958415.0,1.364e-05,0xe1...3270,https://bscscan.com/tx/0xceced2a2403562a695e2de3c3ca565aea3667cd9542ecad371c567776b51209b
2023-03-24 01:08:58,True,2.373e-10,7.197e-13,3000000000.0,0.0215,0x76...e8d2,https://bscscan.com/tx/0xec46135080a7db5ee15726202aae75756260398775291cfd92bed89ce6c26d28
2023-03-24 01:03:52,True,2.373e-10,7.197e-13,157611.0,1.134e-07,0xe1...3270,https://bscscan.com/tx/0xc60f888ea6dc81fa75a3d3e930814c7a8284a5e80573cfb17c88e9044a89ada8
2023-03-24 01:02:04,True,2.374e-10,7.197e-13,1052199857.0,0.0075,0xc2...cdcf,https://bscscan.com/tx/0x87a0ba102bd8b8e8a4598ab852100b8c69359e67e0fe2bb301a2c234c22bc5b8
2023-03-24 01:01:49,True,2.373e-10,7.196e-13,21057843851.0,0.1515,0xf8...31d1,https://bscscan.com/tx/0x564d86af00ba1789f1976e47b76faa73d546db4e14a8d8aae7e4de3889818ad5
2023-03-24 01:00:43,True,2.361e-10,7.196e-13,2084170001.0,0.015,0x45...0cdc,https://bscscan.com/tx/0xa80cefe38bfb2715be6837c07ba25d9d3da137fb4a1272974049c56ef4b2e020
2023-03-24 01:00:22,False,2.35e-10,7.161e-13,49881863180.0,0.3572,0x50...2008,https://bscscan.com/tx/0xde3f79077effb499f6fc4f12f90b81144e9acaaf30069b7901033fbccf32f515
2023-03-24 00:57:55,True,2.361e-10,7.197e-13,56291783659.0,0.4051,0x9e...e5f6,https://bscscan.com/tx/0x4a434bc9322b4637d6e61a82504e5464c5cadfeeebdfb093aadfa8df1a679699
2023-03-24 00:54:37,False,2.361e-10,7.16e-13,1206000000.0,0.0086,0x7b...85fb,https://bscscan.com/tx/0xc0c97649693f90046a1853782d9efe341389483be1d99dc53a88b013d2ab41c9
2023-03-24 00:52:12,False,2.361e-10,7.161e-13,90343286778.0,0.6469,0x08...87ec,https://bscscan.com/tx/0x392f1aa82a701bf4af27a04624f54fdedba46239f6f52d783b8c9d0d586012b7
2023-03-24 00:51:15,True,2.36e-10,7.197e-13,802806978.0,0.0057,0xe1...7644,https://bscscan.com/tx/0x665fad13e2e5070e973dcbd9a8a0c763c9ea679867df0ec22b4f831888dcccfe
2023-03-24 00:45:35,True,2.373e-10,7.197e-13,9726014413.0,0.07,0x6b...f437,https://bscscan.com/tx/0x06fdda6e5d118ced089b2489329fb5020b9ce34685e400375bbcc4f93f4c93fc
2023-03-24 00:45:02,False,2.361e-10,7.161e-13,2837595564.0,0.0203,0xdd...464b,https://bscscan.com/tx/0x1fd566eaea1f2e263a818ffa75c2f09a19fbb9e148b496dddb39ba95fcb0c695
2023-03-24 00:43:55,False,2.35e-10,7.161e-13,14616377599.0,0.1046,0x8f...0fcc,https://bscscan.com/tx/0x8284a7a294d94cc9187398790f1f1bd512886009609c87442fc13c9c275dae24
2023-03-24 00:43:45,False,2.35e-10,7.161e-13,12690983095.0,0.0908,0x9c...8b8a,https://bscscan.com/tx/0x25864e5204b923083ee612ffadd18448f27e8a01e6acfa0cca57ac8abc39c534
2023-03-24 00:42:13,False,2.362e-10,7.161e-13,6922508813.0,0.0495,0xf9...e874,https://bscscan.com/tx/0x099521ac1edee41e8295696d24525d7ab217cc86af836826078e7aec2fcadd6f
2023-03-24 00:41:37,False,2.35e-10,7.161e-13,10734898320.0,0.0768,0x72...38ad,https://bscscan.com/tx/0x2bc6e8774c357f5c96f79012e682b11cbc32ddbfe1b84e567f5684d35e405ba3
2023-03-24 00:38:16,True,2.361e-10,7.197e-13,844924704.0,0.006,0x84...46c9,https://bscscan.com/tx/0x4a92112d16ab61d39001561fd8e58d200e7e7755b1262f089bc6da7cd07f8b0f
2023-03-24 00:38:07,False,2.35e-10,7.161e-13,9006512751.0,0.0645,0x60...63dc,https://bscscan.com/tx/0xb7f74900abf6dcddb06df6846ce59fec2c68efc3d52f44c0c74373473fbdd16e
2023-03-24 00:37:55,True,2.373e-10,7.197e-13,1945159860.0,0.014,0x51...f632,https://bscscan.com/tx/0x4d1cd3fa9fa2d8718877de63dec7666a5b04f5346d06ba2bb64090c7dfb97a27
2023-03-24 00:35:22,False,2.361e-10,7.161e-13,5139862513.0,0.0368,0x38...dad8,https://bscscan.com/tx/0x5c9b42844a4c11e9cf834bb42c5da304141d572761a14b3b085a38f4abef4020
2023-03-24 00:32:16,False,2.363e-10,7.161e-13,36000000000.0,0.2578,0xf8...f738,https://bscscan.com/tx/0xc57386c776ab5fa1a5ef628b57614db73b8ea863c37469e2563348d6ad000714
2023-03-24 00:29:28,True,2.373e-10,7.197e-13,416812620.0,0.003,0x8d...ab7a,https://bscscan.com/tx/0x3887c49ffbb9236143e7738275ff8fdd1bcc580fe2ff968ffa41ab65e42611a0
2023-03-24 00:28:04,True,2.373e-10,7.197e-13,471804191.0,0.0034,0x1a...9748,https://bscscan.com/tx/0xb1540afd7505aeb996e6f482f99bfb63d7f19207dc0e79d0210e40a555569ca2
2023-03-24 00:27:04,False,2.361e-10,7.161e-13,40270490399.0,0.2884,0x5b...2210,https://bscscan.com/tx/0x80aed8be60f9091a59fe80a9ddd72b111c1cdfef725f489e3f3bd2f9691d798a
2023-03-24 00:26:28,True,2.373e-10,7.197e-13,14421074487.0,0.1038,0x34...5903,https://bscscan.com/tx/0xfc52be4bb08a0903e32fe1013111c36cde60ad514572373503d967cb3bb13bce
2023-03-24 00:25:49,False,2.349e-10,7.161e-13,13120200000.0,0.0939,0x9b...1336,https://bscscan.com/tx/0x105cfece2b8a45821a99fe665b7cb898b0c58592fa6ca066519e64ea84c0e3ee
2023-03-24 00:25:31,True,2.373e-10,7.197e-13,1158346409.0,0.0083,0xa9...b9f0,https://bscscan.com/tx/0x00ec0f081121b9a536d82d2a80fd130a46203d7da26f04275d7eac855425ef74
2023-03-24 00:24:34,True,2.361e-10,7.197e-13,15377300001.0,0.1106,0xd9...f1e8,https://bscscan.com/tx/0x871dde46f52ddd832d2a7b5b7384358cc23403bc294925ce28c5305b41855eb2
2023-03-24 00:22:49,True,2.373e-10,7.197e-13,3000000099.0,0.0215,0xd5...a809,https://bscscan.com/tx/0xe5be6d642f531986ef67bd3ee82182a7578653256ef4f17be92ff427b1635439
2023-03-24 00:18:07,False,2.361e-10,7.161e-13,24111992288.0,0.1726,0xfc...1bd7,https://bscscan.com/tx/0xdd283a18c9ab26c29041b2f9034c942accf46ccfc226497d4e5ecb45e9fa5ac4
2023-03-24 00:17:49,False,2.349e-10,7.161e-13,5574663663.0,0.0399,0xe0...b30a,https://bscscan.com/tx/0x901bfc6f80d8d318b8b4f4e5252f0fbf1a718154e50129a5dc521210eefb0028
2023-03-24 00:17:04,False,2.362e-10,7.161e-13,1748330791.0,0.0125,0x45...359c,https://bscscan.com/tx/0x232f02fa6779578ea62a151f9ec4a5792f54d29e09da54b2232bf207ddbb1341
2023-03-24 00:16:43,True,2.373e-10,7.197e-13,5387884207.0,0.0387,0x9f...0b44,https://bscscan.com/tx/0x6d8148c41afc99e70cf37d85bec3f7570c99f506eed01cef22bfa128b2f9baa4
2023-03-24 00:15:58,False,2.361e-10,7.161e-13,1913907907.0,0.0137,0xa9...b9f0,https://bscscan.com/tx/0x3768c6a9e8bfbf449607a3d309e767a0b8e11cfbf06c250cec0e5d5e16ae2a46
2023-03-24 00:15:13,True,2.361e-10,7.197e-13,66263497977.0,0.4769,0xed...e8c9,https://bscscan.com/tx/0x30163dd0bf36bb2cbe4b9b3b2e58bb53982ef53f857794599fdd05a5f44e7901
2023-03-24 00:14:22,True,2.36e-10,7.197e-13,2400000000.0,0.0172,0xa8...020f,https://bscscan.com/tx/0x09d2e59bc75a802a89547e77f86cf27b8f9f0fabc70b50de3129cfddbd1bfb73
2023-03-24 00:14:19,True,2.36e-10,7.197e-13,2778779760.0,0.02,0x33...cd2b,https://bscscan.com/tx/0xe7825a37feabd761b1433eb429088d615c92d7fe59734d3c0a4d628634e1b0d0
2023-03-24 00:13:34,False,2.361e-10,7.161e-13,29212736994.0,0.2092,0x79...3000,https://bscscan.com/tx/0x2c070b66c3b84afe95fc6510f78dcb82944505a5984f65ff1a5747c46a1dfaad
2023-03-24 00:13:28,False,2.361e-10,7.161e-13,5352015718.0,0.0383,0x67...f20c,https://bscscan.com/tx/0x19f8cbfd2abd98d1945fdf6c9950c213e9d81a3e7de0128d061011e38925e46f
2023-03-24 00:11:07,True,2.361e-10,7.197e-13,78855045435.0,0.5675,0x27...85f3,https://bscscan.com/tx/0xe9ea7fd7e85d0ac211cb5dac188c35647abdccf3a0db62a8864b0fbfec1c13d4
2023-03-24 00:06:43,True,2.36e-10,7.197e-13,556472588.0,0.004,0x53...341e,https://bscscan.com/tx/0x5349a76204368799454a5459421cec7a0280d78b02f466d1bd8bed84852139f8
2023-03-24 00:05:55,True,2.36e-10,7.197e-13,9149126730.0,0.0658,0x39...161c,https://bscscan.com/tx/0x27c317d7a97ef00e39b7c3504f0b38a9ecab8e96778835c0f654722b58a05bf8
2023-03-24 00:04:37,True,2.372e-10,7.197e-13,40293654966.0,0.29,0x89...db8f,https://bscscan.com/tx/0x9231a19931c116bb3b3571df53b526962512c1fca21a18d6dafa0b46e6b1b084
2023-03-24 00:04:13,True,2.372e-10,7.197e-13,4029404963.0,0.029,0xfc...fd5b,https://bscscan.com/tx/0x89ee35831d98d1da06d478c9f9ac9434ca7195ed5c1ca1ab8535bbc51c14520f
2023-03-24 00:04:13,True,2.372e-10,7.196e-13,104424817291.0,0.7515,0x9d...0872,https://bscscan.com/tx/0x327d173dcb5cab1c600e8705631ed8c4bf335a3cd1ca776e03f39e4eb007605b
2023-03-24 00:02:58,False,2.36e-10,7.161e-13,273342953903.0,1.95748,0x67...7e4d,https://bscscan.com/tx/0x4fd1a236620e85e96389eca1afe448ca4d50964a8e16134ccf1c6434d19f0815
2023-03-24 00:02:04,True,2.372e-10,7.197e-13,1924130000.0,0.0138,0x51...4050,https://bscscan.com/tx/0xf4a2798a8eabb23de2cb047fb0daf20856d4f82b6c7443fd6ce1ac8106964874
2023-03-24 00:00:22,False,2.349e-10,7.163e-13,1361086741132.0,9.75059,0xb7...1ab3,https://bscscan.com/tx/0xcbe68c4c2ec21484d85401f3fca97cd21a0fd8bc402f7917fc2b7d884b26a569
2023-03-23 23:59:43,False,2.361e-10,7.166e-13,52642904922.0,0.3772,0xd2...8173,https://bscscan.com/tx/0xa4563103fcfd96e2241ce7d75e724847df2455f12b47bcbe49b993ae17fa5bb1
2023-03-23 23:59:37,False,2.362e-10,7.166e-13,453695543570.0,3.25157,0xb7...1ab3,https://bscscan.com/tx/0xf548579d1db570470c46ed0b879124f82b261728e7e7bfa4cd9e16f6aebec254
2023-03-23 23:59:22,True,2.374e-10,7.203e-13,4800000000.0,0.0345,0xf6...ccef,https://bscscan.com/tx/0xa08bec0bc7cef92cf004053921de905e30925578c97b5a94ac629b2b2d6862c7
2023-03-23 23:58:43,True,2.374e-10,7.203e-13,35000000000.0,0.2521,0xcb...29fe,https://bscscan.com/tx/0x052b84cb41520fca56bda13c53bb70b559a3caeb714e0e8e2a7708e0c5c58fe4
2023-03-23 23:58:40,False,2.362e-10,7.167e-13,9339300000.0,0.0669,0x68...00cc,https://bscscan.com/tx/0x42d6a0a92e71a76b82a7f5175d55c9684d02a9b73e18edff6fbd98a9bf789a5b
2023-03-23 23:57:55,False,2.35e-10,7.167e-13,20440710000.0,0.1465,0xb2...e500,https://bscscan.com/tx/0x068b887fef32e1b78c2c144da53b57fc00cb0b2a423f5c29e1e70a7b30750295
2023-03-23 23:55:00,True,2.363e-10,7.203e-13,2253410000.0,0.0162,0x7d...8864,https://bscscan.com/tx/0x0e6b66d7ebf169b640d5f2e8a9d1c3b4d4843db00a5fa3e0a9e238a4c1bd499b
2023-03-23 23:53:30,False,2.363e-10,7.167e-13,1380707495.0,0.0099,0x5c...5234,https://bscscan.com/tx/0x6b1f816931d983848e08066bcf4068a824b8e30a9133c7b72cd1674bba20a1ce
2023-03-23 23:52:14,False,2.351e-10,7.167e-13,5522828804.0,0.0395,0x5c...5234,https://bscscan.com/tx/0xdd784e309b287ea0c6a6280d5b7288e8fcabcb74088b9aeda95f7888e181c2aa
2023-03-23 23:51:41,True,2.375e-10,7.203e-13,168381627656.0,1.2129,0x01...c05c,https://bscscan.com/tx/0xea68778df73f09dd24a0d78c43512e74e3ecf291983759850c8afc73f94edf87
2023-03-23 23:49:27,True,2.375e-10,7.202e-13,460918438.0,0.0033,0xdd...32fd,https://bscscan.com/tx/0x0fb650374601adde14788faf16c7b67b0df2425f022e6af47a80ea69b879643b
2023-03-23 23:49:18,False,2.363e-10,7.167e-13,45000000000.0,0.3225,0x18...f395,https://bscscan.com/tx/0xb51cc58e9721a7d11e405a36b0ffbc992517ae56fb6eb2c35cbcba77c3e419fd
2023-03-23 23:48:00,True,2.375e-10,7.203e-13,1987137427.0,0.0143,0xbe...7825,https://bscscan.com/tx/0x2e754c70575976204dbfc463dd57d61f6474478b506d7e7399fe8dc8e7ea69b5
2023-03-23 23:47:51,True,2.375e-10,7.203e-13,12848677503.0,0.0925,0x67...037d,https://bscscan.com/tx/0x7839f730c71cb9ef3b484ca8d138e6a4e5d74493875b5d79c2fc2ec9ba8a56c5
2023-03-23 23:46:12,False,2.363e-10,7.167e-13,18127183467.0,0.1299,0x80...733c,https://bscscan.com/tx/0x67879651193ad798a92e1218031095af719e79f71bd021c5088f3c1f380af435
2023-03-23 23:44:36,False,2.36e-10,7.167e-13,16649577444.0,0.1193,0x3d...3f09,https://bscscan.com/tx/0x99933645d94a3931458ad07ef89104f40081c33f8a87f0c4e400a086dcdf70a9
2023-03-23 23:44:09,False,2.36e-10,7.167e-13,3212761691.0,0.023,0xe8...3b3a,https://bscscan.com/tx/0x6c8508f0cc3521c0ffe796345e3c4445d2101e34cf9b0a85314407f4344ec4d7
2023-03-23 23:43:24,False,2.348e-10,7.167e-13,1123125675.0,0.008,0xac...aa22,https://bscscan.com/tx/0x409dbf229d3137416c0a5e77d9dc101c47b7a7fd7d64828de2df9d724cd072cd
2023-03-23 23:40:36,False,2.36e-10,7.167e-13,29989070733.0,0.2149,0x6a...f319,https://bscscan.com/tx/0x94e0694a88dcfdb82dc811465eccff06a49a3bacc1747eae2520873a1ecfd051
2023-03-23 23:39:15,False,2.348e-10,7.167e-13,4663870924.0,0.0334,0x8b...e397,https://bscscan.com/tx/0xfe674cdb6b503cc59566e775006dfbdcf7ec98ea8f80ff40ff690346844ebce8
2023-03-23 23:35:24,False,2.36e-10,7.167e-13,5237593781.0,0.0375,0xa4...3541,https://bscscan.com/tx/0x83b262ce68056081a6909346a96a53dbea1fa1d5b3b48f0f071d820cd1a49d89
2023-03-23 23:35:21,True,2.372e-10,7.203e-13,1041040001.0,0.0075,0x6e...82fc,https://bscscan.com/tx/0x907cec1cee359cdb89c566c2d741d59901164b621d89ccd2fdcf965c4016c942
2023-03-23 23:34:57,False,2.361e-10,7.167e-13,188324358628.0,1.34985,0x82...2ee3,https://bscscan.com/tx/0x0ff67b5d4d701799f117f1534ac58d4cc952baeb6041662934c893cb79fe9a4e
2023-03-23 23:32:42,False,2.35e-10,7.168e-13,141018389792.0,1.01085,0x64...8d9c,https://bscscan.com/tx/0x598423f9d406d5964a5aff2c57e5d79368fc29a096059abc62728fb8d84f7ab4
2023-03-23 23:32:42,True,2.361e-10,7.204e-13,1038916187.0,0.0074,0x95...cd34,https://bscscan.com/tx/0xa126fdaedbd9d58e049ccbe55c9658877e95634bacf9e2c78a1cb4896915288f
2023-03-23 23:31:51,True,2.373e-10,7.204e-13,13500000000.0,0.0972,0x03...65a0,https://bscscan.com/tx/0x6d11952a36195e46de8307b4a6e6dc102eacc1e95c4b1e78bfd8ed3738ddbb7d
2023-03-23 23:28:15,True,2.373e-10,7.204e-13,11650954341.0,0.0839,0xc4...34b0,https://bscscan.com/tx/0x600050d847e28f5f3ed5e83c82adca941faa5c2e9a42dc9c8e42a3b40b850eaf
2023-03-23 23:27:06,False,2.349e-10,7.168e-13,7271404748.0,0.0521,0x40...83a7,https://bscscan.com/tx/0x43079fb52256db8c3e8ad6653ef43118fa887287926fd8b43bc020ec806eb49b
2023-03-23 23:24:27,True,2.374e-10,7.204e-13,5031704359.0,0.0362,0x75...acc6,https://bscscan.com/tx/0xb3b0aa62b44cb26b061cc846074268434159c85c38f1bbd46edc0a0b3680fa84
2023-03-23 23:22:51,False,2.361e-10,7.168e-13,90000000000.0,0.6451,0xad...37b8,https://bscscan.com/tx/0x92a2d35fa4eacc665200190e4dbc77105786683aa05bd456a4d7e3dbde6ea4fd
2023-03-23 23:22:27,False,2.362e-10,7.168e-13,61853537939.0,0.4434,0x37...fd9d,https://bscscan.com/tx/0x8654488627fb2c1d39cda3caa134c11d214e696ce5c6fe46ac4109fa75e838af
2023-03-23 23:19:21,False,2.362e-10,7.168e-13,29111111011.0,0.2086,0x82...2ee3,https://bscscan.com/tx/0x3f5e3d0cbddcfc4b4a67a0131e1ef239a0731bbaedbf12e180e47f8131fbeb7e
2023-03-23 23:16:21,True,2.373e-10,7.204e-13,7050560001.0,0.0508,0x38...dad8,https://bscscan.com/tx/0x847164128b34b134ba3f1b2990d2e8a427fb0315bbace231da307ecfa7914b4c
2023-03-23 23:15:54,False,2.35e-10,7.168e-13,69258933250.0,0.4965,0x7e...33bf,https://bscscan.com/tx/0xace023c520cdddc4d5d43544f97c982c7d559d8bbdc1382fbaaed6d67e284fcc
2023-03-23 23:15:00,False,2.362e-10,7.169e-13,2801576199.0,0.02,0x32...5b42,https://bscscan.com/tx/0x30d05d009cf1e59db5021749626030f9d4556993e1716546f2387b4f7dbb5e97
2023-03-23 23:14:12,True,2.362e-10,7.205e-13,23609712016.0,0.1701,0x6b...f437,https://bscscan.com/tx/0xade9bd0f23045e3a347f99ab7e00cdb461163bf357b1d0fc2373e36ce5264ae4
2023-03-23 23:11:00,True,2.361e-10,7.205e-13,8483044819.0,0.0611,0x2d...cb0f,https://bscscan.com/tx/0x03f164255cc562234705e091e546ed586aa3ab83e121454568c088b037cbfcac
2023-03-23 23:06:33,True,2.373e-10,7.204e-13,6477540001.0,0.0466,0x2d...44f7,https://bscscan.com/tx/0x32070d6cfd9c4c08dc79483fb932d7a582e7de97ef0a483c470c40f84dad9048
2023-03-23 23:01:18,True,2.36e-10,7.204e-13,715000000.0,0.0051,0x1e...759c,https://bscscan.com/tx/0x238200dca9c097fe95c962f8484e7f46ffd51cf00ea5df393cb7ee2a30635484
2023-03-23 23:00:26,True,2.373e-10,7.204e-13,31568225316.0,0.2274,0x5d...2328,https://bscscan.com/tx/0x59b552b1e45ad9863041a54640022aadf80b5da4a4f1b866e2be6f27fd195c73
2023-03-23 23:00:02,False,2.361e-10,7.168e-13,56768115850.0,0.4069,0xe4...9fe6,https://bscscan.com/tx/0xc850bd1ac40e5304a6fa89fd7f4e9ecc5444a8c308e51c1ea9162b57133fb419
2023-03-23 22:59:35,True,2.361e-10,7.205e-13,18736900001.0,0.135,0x63...a5bb,https://bscscan.com/tx/0xdbbc3e5cb14e031e08e00ca6013a6fddea532957e2a96416e71377cc6af38a28
2023-03-23 22:57:08,True,2.373e-10,7.204e-13,7363900001.0,0.053,0x9b...a2f8,https://bscscan.com/tx/0x65ab083299745f4c20324ecb60377fa74c28f13fc99e7608f35dc9ec910f20c9
2023-03-23 22:56:02,False,2.361e-10,7.169e-13,10412905235.0,0.0746,0x72...4994,https://bscscan.com/tx/0x51f599f9974e29481e1eb890acca8c04a375138cc09e355d653706652685730f
2023-03-23 22:55:02,True,2.372e-10,7.204e-13,9861581610.0,0.071,0xb5...9fe3,https://bscscan.com/tx/0xfd2b82ec3f30edf694140a1b1b8c453f2de59c8be9bf2af8369eaf8dd46b7acc
2023-03-23 22:54:32,True,2.361e-10,7.204e-13,31205200001.0,0.2248,0x9b...a2f8,https://bscscan.com/tx/0x2c172e7df3ad90154811959a9f3d41ee54b64fd35f5c15d8730de54c47baee34
2023-03-23 22:54:26,True,2.361e-10,7.204e-13,2768492914.0,0.0199,0x71...1d29,https://bscscan.com/tx/0x67ca68e3410abc95e5c08c6ffaa64711b29c7568c8f303b3c442afbf67c55861
2023-03-23 22:54:23,False,2.349e-10,7.168e-13,41224668823.0,0.2955,0x5a...ea8a,https://bscscan.com/tx/0x5ac5633077744e72cfa30816b1ad42614ed69f33ed65ef1748f1f45bcde6b3d4
2023-03-23 22:54:02,True,2.361e-10,7.204e-13,3828417171.0,0.0275,0x71...1d29,https://bscscan.com/tx/0x9729f14c4eb441760494d75edb315a84e714037c745cb9cedb93156d5bb0e22b
2023-03-23 22:53:38,False,2.349e-10,7.169e-13,41524915379.0,0.2976,0x7c...8cc4,https://bscscan.com/tx/0x86fb2f8d4e29c58d89de033f4e6784e120fe16f9ebeddd98f41855cae66ce741
2023-03-23 22:52:29,False,2.361e-10,7.169e-13,16725359498.0,0.1199,0x43...6bfa,https://bscscan.com/tx/0xee233cffa6802efb686ab09883c9da3ffccf25f055b0c5dc2e51f25595c3ac6b
2023-03-23 22:52:05,False,2.361e-10,7.169e-13,37986519777.0,0.2723,0x9b...73a2,https://bscscan.com/tx/0xa053560cc7cde4e2c880d5ed7e808437bb610441cd5b7507df9c91feac74b201
2023-03-23 22:51:59,True,2.373e-10,7.205e-13,6710400000.0,0.0483,0x7d...8864,https://bscscan.com/tx/0xadb7741fcc76dd5d5b188648f363306bebd945a7dc5189b56f5d4226764b5d48
2023-03-23 22:51:35,True,2.362e-10,7.205e-13,55515672632.0,0.4,0x29...07ef,https://bscscan.com/tx/0x53f7e865eab1106d3b267d74776f32a05c36e1259665d68ac354055c5469e92a
2023-03-23 22:47:56,True,2.373e-10,7.205e-13,51000000000.0,0.3674,0x7d...8864,https://bscscan.com/tx/0x84008b8476264f6c14f08b620db0ba23fdd84f2fac51b2218374a3e5d6c12e24
2023-03-23 22:47:53,False,2.362e-10,7.169e-13,50581926995.0,0.3626,0x87...7e27,https://bscscan.com/tx/0xc98e5f2fb3ecd894a3f95d07899df6fd137a2ee0cd85f7cd0f3bd528c8feca25
2023-03-23 22:46:38,True,2.373e-10,7.205e-13,3400000000.0,0.0245,0x65...d3fb,https://bscscan.com/tx/0x775356b5a83540124de4dd0497e975c4f25217e0f02f0b9a9866cdf8f5874167
2023-03-23 22:41:10,True,2.373e-10,7.205e-13,1110329291.0,0.008,0x40...0a92,https://bscscan.com/tx/0x799579c7564d306fb72981384bdff646a633193008929bf58f9cfae710c93b0f
2023-03-23 22:39:16,True,2.373e-10,7.205e-13,13000000000.0,0.0936,0xd3...edcd,https://bscscan.com/tx/0xd5efb7b567ef1b7a93e09e75aaca7e65d5d7d5d7500df2e13a46c57d3a8c6972
2023-03-23 22:38:31,True,2.373e-10,7.204e-13,22669308682.0,0.1633,0x41...ec72,https://bscscan.com/tx/0xbe0d06fb18cf463ad010af8e3f63c42f27eb980af1a75229c56e39f7437c531e
2023-03-23 22:35:52,True,2.361e-10,7.204e-13,48717004736.0,0.351,0x91...319d,https://bscscan.com/tx/0x9156ed5850c893f6bf988bd2d931694fef27ded744262cc4ba1853ea2067fdfe
2023-03-23 22:35:04,False,2.361e-10,7.168e-13,25888239236.0,0.1855,0xd6...7662,https://bscscan.com/tx/0x5652e0c0b0d6607f65c119537de11cc2a241b8defd6e182a70bf897d3b963f98
2023-03-23 22:33:46,False,2.349e-10,7.168e-13,13102921509.0,0.0939,0xb7...92a0,https://bscscan.com/tx/0xe85b8e8970477e5d0c388892be75c3a3c852bafb2d8ea01c1ac9cd2b517da450
2023-03-23 22:31:37,True,2.361e-10,7.204e-13,97440390275.0,0.702,0x6c...5b78,https://bscscan.com/tx/0xf4f880a0050029a017c4ad0ea978f4af35bb7f88182e45388e0a1be8ad662f03
2023-03-23 22:30:37,True,2.361e-10,7.204e-13,61429910.0,4.425e-05,0x53...341e,https://bscscan.com/tx/0xcc739daa607f64c9fe3bfbf06564b0ad181b2cecffbe93a84e1bd8f8cec99cc1
2023-03-23 22:30:25,True,2.361e-10,7.204e-13,18212418355.0,0.1312,0x15...4042,https://bscscan.com/tx/0x4b2aebafadcc0869ac94f1e56daae8839d5a444fd5ed0c2c5b1128d9366a4d08
2023-03-23 22:28:04,True,2.361e-10,7.204e-13,7427750648.0,0.0535,0x6e...ac6d,https://bscscan.com/tx/0x944970e50553c8979adf09d96eee5c79b630d8b7b7e66991265a045f1edec1ba
2023-03-23 22:27:31,False,2.349e-10,7.168e-13,9000000000.0,0.0645,0x82...2ee3,https://bscscan.com/tx/0x5f687fbe51a3d180985a68d6fb858318c7e0c1b32f9272fa15307535ce97413b
2023-03-23 22:25:28,True,2.361e-10,7.204e-13,1674130000.0,0.012,0x06...2437,https://bscscan.com/tx/0x2f02e3540c31df62cce8b660fbd80007e64f937ee82637ddc8a1f8895d6c2c0f
2023-03-23 22:24:19,True,2.372e-10,7.204e-13,68255446.0,4.917e-05,0x53...341e,https://bscscan.com/tx/0xe85b8b57261ca6bb76ee73ae733e52edc70b95dd5458667f04af16483fb20fbf
2023-03-23 22:24:01,True,2.36e-10,7.204e-13,2000975201.0,0.0144,0xf8...9975,https://bscscan.com/tx/0x34ec2df4a63fb0b5a856e9cdbe588101a41bb119e39a51742f8ad77a78931de3
2023-03-23 22:21:34,True,2.372e-10,7.204e-13,101881834495.0,0.734,0x9d...0872,https://bscscan.com/tx/0xf583fcdc7674c1958ade4420c205197bb8ae5e464612a50fcbd682747b0b8ad5
2023-03-23 22:18:55,False,2.361e-10,7.168e-13,47102130645.0,0.3376,0x18...8889,https://bscscan.com/tx/0xcbd700219ceddb90df0169497f8f0482d4637ea7a657f37e3801fa238abbd0e6
2023-03-23 22:18:43,True,2.361e-10,7.204e-13,30553435501.0,0.2201,0x95...e11c,https://bscscan.com/tx/0x6d324a956338908b0701e7f2d450650804edbb8eb08a342a1bcb838108286a0f
2023-03-23 22:17:43,True,2.373e-10,7.204e-13,1804485024.0,0.013,0x33...cd2b,https://bscscan.com/tx/0x5b38728d075d63e8e64b4779a591c0d1317025cf43a818c7b49352ead5453934
2023-03-23 22:14:31,True,2.363e-10,7.204e-13,1388000000.0,0.01,0x0b...2076,https://bscscan.com/tx/0xb407578a333160bab6ff540bea2afebbf25dbe0cbf2327d8ffcb177f1b153ab3
2023-03-23 22:14:22,True,2.363e-10,7.203e-13,199562020975.0,1.43763,0xfe...0ea6,https://bscscan.com/tx/0x7155c18848d4b141acce8e6e981abf50e3f06bccdb7f9bae6d4ef60b7e6e8c99
2023-03-23 22:13:34,True,2.375e-10,7.203e-13,1450394661.0,0.0104,0x45...1634,https://bscscan.com/tx/0x8ca09ff5739e665bd2fd1fbc0e6c8c2b8e3a5a5d8684004de9d7d4e256b3434b
2023-03-23 22:12:16,False,2.363e-10,7.167e-13,33592267271.0,0.2407,0x72...0e42,https://bscscan.com/tx/0x6a989f93656323853de79bb4beabca857644211acc3cfcc29b49613ad7ae9df4
2023-03-23 22:08:40,False,2.363e-10,7.167e-13,11788856398.0,0.0845,0x83...2080,https://bscscan.com/tx/0xfc73fa69881652b6f3d4bb8689ac18ce4eee9e26fdb9bf4ce6acbb93c49d838b
2023-03-23 21:56:11,False,2.359e-10,7.167e-13,1964325871.0,0.014,0x58...8449,https://bscscan.com/tx/0x0c53df982179ce4eab285001d34d678f24d934645d4c19d9fe0dfd6028c620aa
2023-03-23 21:55:41,True,2.371e-10,7.203e-13,1249340000.0,0.009,0x18...fc1a,https://bscscan.com/tx/0x8671ce1b08694867d0e7533cbfbe7baebcf780bb5baa3f3702a383e212bafaeb
2023-03-23 21:54:27,False,2.362e-10,7.167e-13,9113481561.0,0.0653,0x32...39fe,https://bscscan.com/tx/0x130e04729d3db053dcd0869b136547f66b60650d5a041dccce233e31110c80fe
2023-03-23 21:53:38,True,2.373e-10,7.203e-13,6316692539.0,0.0455,0x7f...50c7,https://bscscan.com/tx/0x53eebc37d81052fd9c87f02d5a448499cf7a2f403491d3a5c378c10e66399bc1
2023-03-23 21:51:20,True,2.373e-10,7.203e-13,7831299926.0,0.0564,0x1b...3465,https://bscscan.com/tx/0x262cafeb44deb6b295c161cae672fa3fcc86d9896c17dd019df862e3f70fe4d0
2023-03-23 21:48:02,True,2.362e-10,7.203e-13,18315723845.0,0.1319,0x26...23db,https://bscscan.com/tx/0x18ebdb8867ffb2e91f92ffc9f5cac44a14b04f81b2cfe5741f841f94520ed2da
2023-03-23 21:46:35,True,2.363e-10,7.203e-13,832906011.0,0.006,0x5c...df8b,https://bscscan.com/tx/0x783625c0d48c70f9a417fc502eeef3814c49996887a57abc5cddb2f959521a10
2023-03-23 21:46:02,True,2.363e-10,7.203e-13,555270844.0,0.004,0x5c...df8b,https://bscscan.com/tx/0x5b21f2095547a2c76e6a4193c1bc035f5e4e1ef90a98ac4601cb6da82905739a
2023-03-23 21:45:59,False,2.363e-10,7.167e-13,1607171948.0,0.0115,0x74...3ea0,https://bscscan.com/tx/0x7ee8827ae25722c875d0582a9f5ed6234afa0db8a3f51b6fee03772afb11a720
2023-03-23 21:45:14,True,2.363e-10,7.203e-13,421247451083.0,3.03426,0xaa...3c06,https://bscscan.com/tx/0xddbeca7b8431f98515ad10ca5ed6f04d6312d9d2dda845ee7d6380bcb3f10606
2023-03-23 21:44:56,True,2.374e-10,7.202e-13,416530580.0,0.003,0x5c...df8b,https://bscscan.com/tx/0xfe591eacca5a3a0146feb6eea672308fc5c606af9a538b1b9ef8f9db9734e854
2023-03-23 21:43:44,True,2.362e-10,7.202e-13,11107510500.0,0.08,0x3c...3a17,https://bscscan.com/tx/0x2b18389cc57b763f39fc27285095bf7842fa67dbc6b645204fe3eb38a953242e
2023-03-23 21:40:41,True,2.375e-10,7.202e-13,6780753886.0,0.0488,0x3c...3a17,https://bscscan.com/tx/0x7c5e9dc83d693ec157966f5c45482d7d084d1148f1f4147188181f6c892be664
2023-03-23 21:36:59,False,2.352e-10,7.166e-13,11920916037.0,0.0854,0x15...535a,https://bscscan.com/tx/0x277f82bc2ad50ea11e88c6fa039aab709e769bb8ffb183e83c3144abe832b220
2023-03-23 21:36:17,True,2.364e-10,7.202e-13,6960000000.0,0.0501,0x01...02cf,https://bscscan.com/tx/0xb9b2167c69d9fb1dbe200d982b49714d1c0b785befd46f94dfde6fa3de17716c
2023-03-23 21:32:50,False,2.363e-10,7.166e-13,8405710681.0,0.0602,0xd9...7273,https://bscscan.com/tx/0xbde0fd054a4fc1c69c9ca50bed65d2b4b0e092415b57250c00b9b3e3d5be6848
2023-03-23 21:31:53,True,2.375e-10,7.202e-13,765202097.0,0.0055,0x15...4042,https://bscscan.com/tx/0x7156f0bef950fef7932bfe7063d575db8176797a3adde6f828537395a8a876d0
2023-03-23 21:30:47,True,2.375e-10,7.202e-13,1916046186.0,0.0138,0x18...97d0,https://bscscan.com/tx/0xee03fc3e8fb85fe81bc0e42df77aed590144b95cb5c35f50f3a668994aae649d
2023-03-23 21:30:35,True,2.363e-10,7.202e-13,138843990.0,0.001,0x4f...96f2,https://bscscan.com/tx/0x5818d7841b0a13410d2e265ca26fbf368575f803115832a99bf3f3a0fd2cc107
2023-03-23 21:29:20,False,2.363e-10,7.166e-13,10405747325.0,0.0745,0xb4...aae0,https://bscscan.com/tx/0x8aa1b3b98172595f701a87ef128f3776c92cf70779d57e36523da655d1a496a9
2023-03-23 21:28:26,False,2.363e-10,7.166e-13,71493715647.0,0.5123,0x29...2faa,https://bscscan.com/tx/0x9e1b482d11cef884962c56d77d59f697d2c402d144c69a196c021e142fe6209a
2023-03-23 21:25:35,True,2.363e-10,7.202e-13,402633060.0,0.0029,0xe5...6b86,https://bscscan.com/tx/0x94713b2a0226a2abd52f1f5039d9379612dd41e4b1cda65d8ff76da96fe8bf10
2023-03-23 21:21:41,False,2.351e-10,7.166e-13,27491290951.0,0.197,0xf8...b300,https://bscscan.com/tx/0x9393969f6e5ba9f71d56e3a00c237225f780c8d642df56f6a3b0f69be91374fd
2023-03-23 21:16:32,True,2.364e-10,7.202e-13,777489089.0,0.0056,0x78...0768,https://bscscan.com/tx/0x1bb0b9cd00eb49498e14f057a1ff02778f787a28d40e6ef919ef64c5fe032399
2023-03-23 21:15:23,False,2.352e-10,7.166e-13,76379853437.0,0.5474,0x67...6233,https://bscscan.com/tx/0x5a788ca7a4f2f4ea536cd062d62caf2b38bad4fbf5fefdfb73e7295cd9991076
2023-03-23 21:11:32,True,2.365e-10,7.202e-13,4100000000.0,0.0295,0x85...5125,https://bscscan.com/tx/0x9c60a3944331087a0f177d4fe0b6d92f8a962db1828d47032663b42fa401d2a3
2023-03-23 21:10:11,False,2.365e-10,7.167e-13,184529918747.0,1.32257,0x18...fc09,https://bscscan.com/tx/0xeb9ae56becfad9f25feaac13f5e6dd7b6fb6dbd959e768bb73e220bb57edd401
2023-03-23 21:09:38,True,2.364e-10,7.203e-13,49812296261.0,0.3588,0x84...8f35,https://bscscan.com/tx/0xbb1ded5708aace602b9df1cc457aed052219a3feb727e89c3848bcf4924507ff
2023-03-23 21:08:11,False,2.366e-10,7.167e-13,15142838005.0,0.1085,0x97...a2d9,https://bscscan.com/tx/0x9deac4d8ef78bc4c0a51792d7fd3b59daca0492e4fa4a9ea530930c6d337fe47
2023-03-23 21:06:56,True,2.377e-10,7.203e-13,2498828951.0,0.018,0x92...d167,https://bscscan.com/tx/0x8bdeb1695bc37124f40adfdad11e655248affff732bdc94fd8bf4426277d5873
2023-03-23 21:04:14,True,2.365e-10,7.203e-13,1482930000.0,0.0106,0xd3...ac98,https://bscscan.com/tx/0x8034535b1d0c5f4784e1478f74a74681c7fcc352a8dee7694b75df4d2487167d
2023-03-23 21:04:02,False,2.365e-10,7.167e-13,30111524164.0,0.2158,0xd9...3f5c,https://bscscan.com/tx/0x51758831f53d9a90ad12a364316c88babb442c2990f3077b3fca36d87d011730
2023-03-23 21:03:29,True,2.366e-10,7.203e-13,2582980000.0,0.0186,0xd3...ac98,https://bscscan.com/tx/0x2f7a31b476d4a861f1cabd21346579fcc4bc1c1dd0d4ddecbba0960cfb96c2e0
2023-03-23 21:02:29,True,2.366e-10,7.203e-13,5229700000.0,0.0376,0xd3...ac98,https://bscscan.com/tx/0x826cf675bf193a0d6cb02062867d4e3d4e9b27412532b47ae16d33675b0c13b2
2023-03-23 21:02:02,True,2.365e-10,7.203e-13,4936100000.0,0.0355,0xd3...ac98,https://bscscan.com/tx/0xa3622c3bbc92513dda7e420900888404621f9292d2ebf810326aad17ff52ce6e
2023-03-23 21:01:56,True,2.365e-10,7.203e-13,555291813.0,0.004,0x0e...bdf3,https://bscscan.com/tx/0xe425f1133beb1093fb281ad8b5c805d0b71f90bb8cebbe801499a93c24528b2e
2023-03-23 21:01:35,True,2.377e-10,7.203e-13,936100000.0,0.0067,0xd3...ac98,https://bscscan.com/tx/0x317ffabe9ba9c80e16d4b3423decf589fbb32177e3d023f76ff19c1853aee56b
2023-03-23 20:59:59,True,2.365e-10,7.203e-13,41979574696.0,0.3023,0xa2...caed,https://bscscan.com/tx/0xbaba4e89aaae647f5e3ac83328d80f7f3b32128638a9067c1572db310eba5acf
2023-03-23 20:59:29,False,2.365e-10,7.167e-13,1800000000.0,0.0129,0x73...2653,https://bscscan.com/tx/0x273b88fe5dc6ce47b52ebd95de4a777bd89de3d6815ba2fbb0310fab47582583
2023-03-23 20:57:53,True,2.365e-10,7.203e-13,30000000000.0,0.2161,0x56...35bd,https://bscscan.com/tx/0x19905f526e277e74ca1212caed9fba24756c576b5fcb8d0e2b96aa23d03f1928
2023-03-23 20:57:53,True,2.365e-10,7.203e-13,5000000000.0,0.036,0xdf...027a,https://bscscan.com/tx/0x0d5368221ceefc5ab910e61b03c9713685d413466df06beff30ca67748525463
2023-03-23 20:57:20,False,2.365e-10,7.167e-13,15442886645.0,0.1106,0x88...548e,https://bscscan.com/tx/0xef366bae2e4585f68863bde3308869805cbdd8f256184b4ca1518b2d00cfc348
2023-03-23 20:51:29,True,2.376e-10,7.203e-13,117288759630.0,0.8448,0x03...f9f2,https://bscscan.com/tx/0xeb405a8482bb97fa27eb1f8add89616cc5dc713f36845eb44460bf9317d330db
2023-03-23 20:50:35,False,2.362e-10,7.167e-13,304627227079.0,2.18337,0x67...90bc,https://bscscan.com/tx/0xb9d6700473f711740381d0ec67aca837b5c37b77368bed58058db87a820137f5
2023-03-23 20:49:44,True,2.361e-10,7.203e-13,8927242248.0,0.0643,0xae...9bd7,https://bscscan.com/tx/0x1553fc048a5cb901d476a525afdaab66caed03b6dfd563aa9b2073791892ebd5
2023-03-23 20:49:41,False,2.349e-10,7.167e-13,18347918824.0,0.1315,0x96...b882,https://bscscan.com/tx/0x01feb068aae17f423c8e0c1dad8f7473a50167f6b13d2eb32e801b545470c0c3
2023-03-23 20:44:41,True,2.374e-10,7.203e-13,7211233678.0,0.0519,0x1d...397d,https://bscscan.com/tx/0xa4b69ad2b367d0af3566f7b8d81555792115bfe42af06a2704f789a98021267c
2023-03-23 20:40:38,True,2.359e-10,7.203e-13,7477206652.0,0.0538,0x11...fed1,https://bscscan.com/tx/0xaaff72593b04e358be883400fce699b9e589c35bd7cab899da29a3daa9ed64c4
2023-03-23 20:38:59,True,2.371e-10,7.203e-13,694077923.0,0.005,0x78...d1f2,https://bscscan.com/tx/0xb4a08fa5f4de1d60fcb4b6fc6412561e45eda90a285f288a03f7ae88b993cc00
2023-03-23 20:38:05,True,2.371e-10,7.203e-13,417000000.0,0.003,0x21...9e6e,https://bscscan.com/tx/0xfecd09f1faa271fd81079f41cb4551fef829bbe16820d7812d3d37035ae02c58
2023-03-23 20:38:02,True,2.371e-10,7.203e-13,7457775244.0,0.0537,0xb5...41ef,https://bscscan.com/tx/0x7f1e3dd1195922033be84df7f316fb86c13441d09df5708139e406e69edf340d
2023-03-23 20:36:14,True,2.368e-10,7.203e-13,5932290000.0,0.0427,0xab...c9e2,https://bscscan.com/tx/0x76f245703b319a001e9df428852a8da24c5dda307c4bd4c628d740b70ffcafb7
2023-03-23 20:36:08,True,2.356e-10,7.203e-13,13881688133.0,0.1,0x4d...3661,https://bscscan.com/tx/0xca6e37f57e07b0f1eebbf85a65ea758760437a38a2f36c05f037b114ef4b316c
2023-03-23 20:36:08,True,2.356e-10,7.203e-13,3799877393.0,0.0273,0x21...b8c4,https://bscscan.com/tx/0x21bb64a072557c43508322e80a62b50a7a357c77c2581b4ff233fbe90cc056d0
2023-03-23 20:35:23,True,2.368e-10,7.203e-13,1305448039.0,0.0094,0x78...d1f2,https://bscscan.com/tx/0xbbfbf0bc561cb83b2a85dff02bdf4e34a793d3e2bde66c03a59b1815470ff8ab
2023-03-23 20:33:53,False,2.343e-10,7.167e-13,1262682937.0,0.009,0x33...1123,https://bscscan.com/tx/0x77f3b6d3c9617987fe389f5c81977778c4fd382a4f90955d171eb4bc1f064e45
2023-03-23 20:33:02,False,2.355e-10,7.167e-13,10798290001.0,0.0774,0x65...4a34,https://bscscan.com/tx/0x040218bd5df67ea238bfa8bab322728cbdb72843f7b13ed98003b3b6c5c6293b
2023-03-23 20:31:44,False,2.355e-10,7.167e-13,3665247942.0,0.0262,0xce...8c78,https://bscscan.com/tx/0x159f59d6300ba0a86985d8200cd3b99c35de68dae9153db1712f909459d8853f
2023-03-23 20:29:38,False,2.355e-10,7.167e-13,36228319562.0,0.2596,0x39...ae58,https://bscscan.com/tx/0x269da43f9c5b31558763e466287f936c665ad97fb2ff88cb9aa79abbea38ab42
2023-03-23 20:28:35,True,2.366e-10,7.203e-13,10000000.0,7.203e-06,0x82...6365,https://bscscan.com/tx/0xae15575201202681e4fec434ce4ec65a9d82f04dfe7d704830f90a6a8f2e64df
2023-03-23 20:28:11,False,2.354e-10,7.167e-13,31149000000.0,0.2232,0x77...3610,https://bscscan.com/tx/0x114c81b685e655e9b531844d16c39b976efc12da24f95044a38c3258df1c5306
2023-03-23 20:27:41,False,2.354e-10,7.167e-13,7048114976.0,0.0505,0x22...b59f,https://bscscan.com/tx/0xb32f66b9eb484d517dfa321349510d5f600d4aabed787060cf3c67df82f6a3a4
2023-03-23 20:24:44,False,2.354e-10,7.168e-13,8103413722.0,0.058,0xcb...cda7,https://bscscan.com/tx/0x99a6a895b8dfbb5b86405932dd65719a4ee08ac880ce3f22c432123e6f39b6c5
2023-03-23 20:24:29,True,2.366e-10,7.203e-13,6940590652.0,0.05,0xc1...a4ff,https://bscscan.com/tx/0xbb887e00a511f056bad9994a65a00593a7a9ccd943ee97c16ac0a9925bb8b92f
2023-03-23 20:24:11,False,2.354e-10,7.168e-13,24861561769.0,0.1782,0xe3...ee0c,https://bscscan.com/tx/0x09c138c16f2e0f26ca9541c4a94c6e5eb08fd2e272902a7281de8950923d30f8
2023-03-23 20:24:08,True,2.366e-10,7.204e-13,3595194873.0,0.0259,0x8e...feed,https://bscscan.com/tx/0x3d4c37ab799de6cf8ead935f207418a5fa538dae789b2fcab98de3d060176501
2023-03-23 20:23:50,True,2.366e-10,7.204e-13,7909124744.0,0.0569,0xd5...bc86,https://bscscan.com/tx/0x7bb3e59b2ed9368be8f518bc1a608c36abd051c8c7c801eb586397c4645ffc7b
2023-03-23 20:22:59,True,2.366e-10,7.204e-13,9022746632.0,0.065,0x84...b8db,https://bscscan.com/tx/0xc877e905185731aa3f75cc7317c570ae92c717e3b8aa52a7c9fa55ae78759c72
2023-03-23 20:19:02,False,2.354e-10,7.168e-13,2425348591.0,0.0173,0xf0...d667,https://bscscan.com/tx/0xd37d1572b81d965b21f216f1cbc05576b25828c5cc5d2cdb6bb17323b87c8147
2023-03-23 20:17:29,False,2.353e-10,7.168e-13,48129604998.0,0.345,0xe7...55eb,https://bscscan.com/tx/0xe2e2d948951a7778834695a7d7b96cf52660be5455825fc3fc0572dca0bdc895
2023-03-23 20:15:02,True,2.365e-10,7.204e-13,41656612273.0,0.3001,0xa7...3fa5,https://bscscan.com/tx/0xee163c1f46ffb0e7f09520e1939a4b581b3abf6610a4da93e396b22ea00a2e81
2023-03-23 20:11:47,True,2.353e-10,7.204e-13,555244966.0,0.004,0x3c...a34e,https://bscscan.com/tx/0x3d3192c9b73decd1ac464dcfd73d18897d4cb634ff8183554015195c33e7bee9
2023-03-23 20:10:29,True,2.353e-10,7.204e-13,635575199.0,0.0045,0xc9...e778,https://bscscan.com/tx/0x8072555a9b013c3621c644720c9f2a4c6eda6e57b3ad84de32b74e0e58b7f933
2023-03-23 20:06:47,True,2.365e-10,7.203e-13,23598044005.0,0.17,0x4e...4d15,https://bscscan.com/tx/0x157a738976d2b863816a40fb552366ea4105bcc2749b9d8cd947c2a7d464f309
2023-03-23 20:06:17,True,2.365e-10,7.203e-13,9533158145.0,0.0686,0xf3...616f,https://bscscan.com/tx/0x43441ce1697884b8656ce7bcaabc576bb1b2633b3e32d3b20c80df6abd948ebf
2023-03-23 20:04:20,True,2.354e-10,7.203e-13,11840158843.0,0.0853,0x5e...3e87,https://bscscan.com/tx/0x1b6d7294a9d72201c998f0003fb8f46d81e8e3d9b1eb070c109929898501fa78
2023-03-23 20:03:56,False,2.342e-10,7.168e-13,72750255467.0,0.5214,0x3d...2ede,https://bscscan.com/tx/0x3b44e9bee98dac85a39abdd7a952990586b577fd274f1701c7cc35bc1f6966f5
2023-03-23 20:02:32,False,2.354e-10,7.168e-13,10800000000.0,0.0774,0x8b...1380,https://bscscan.com/tx/0x1165e7629a0579955188bfffe69cbf9f5631ea30838707a1e721727c96b65c0c
2023-03-23 19:58:49,True,2.346e-10,7.204e-13,9000000000.0,0.0648,0x9c...c6c7,https://bscscan.com/tx/0x3ba43883f2bf7680ac6375e35427a27ab9d24959eec2defda1fc531ca389bd4a
2023-03-23 19:58:19,True,2.358e-10,7.203e-13,158886939825.0,1.1446,0xaf...8845,https://bscscan.com/tx/0x9f5561f9bc276ba4d788c84640f411a124473e1239842019981cede740d92fa1
2023-03-23 19:58:16,False,2.346e-10,7.167e-13,9000000000.0,0.0645,0x6c...2c94,https://bscscan.com/tx/0x0e1210dd72b897def37b62773b060ebcea81bd132f4c7b43171b66cc9d7bda7c
2023-03-23 19:57:49,True,2.358e-10,7.203e-13,7495739380.0,0.054,0x84...e27e,https://bscscan.com/tx/0x79f749041f67fb6beb0e6365db12314b84ad80c09dfad449d942f2dfed7580e1
2023-03-23 19:57:19,True,2.357e-10,7.203e-13,20000000000.0,0.144,0x9c...c6c7,https://bscscan.com/tx/0x747105126bf85d84d6fc2543a2b917c079cd81df7c9cb2e6aa5b96d804997b41
2023-03-23 19:56:22,False,2.335e-10,7.167e-13,65615265322.0,0.4703,0xd1...9946,https://bscscan.com/tx/0x3bc35e908b601afd6b1604d32c0e6ecbf0a82041b3cce107a299204376c4483c
2023-03-23 19:54:13,False,2.354e-10,7.167e-13,5089500000.0,0.0364,0xeb...0d6d,https://bscscan.com/tx/0xe57fa79ae14094799ce9388c912702071f4d5d26767cc2ccd9d3706828ccbf0d
2023-03-23 19:53:49,False,2.354e-10,7.167e-13,6700828029.0,0.048,0x0d...2882,https://bscscan.com/tx/0x73c9bc0da5f104f5fac6f254ee700319bf20156410a6b3aefa97c775083fc5c7
2023-03-23 19:51:04,False,2.343e-10,7.167e-13,5211375215.0,0.0373,0x42...3118,https://bscscan.com/tx/0x9a5bc8f0a9701fbda1b87147dc000d9d086c5624c25347c339c124b1e17b658b
2023-03-23 19:50:52,False,2.343e-10,7.167e-13,34652402111.0,0.2483,0xb9...b402,https://bscscan.com/tx/0xf19ca09f962e04bfe332aa13453a3c41a6dee0cfb796a3a3573ad3172a18e133
2023-03-23 19:50:46,False,2.343e-10,7.167e-13,1358175211.0,0.0097,0x34...94d8,https://bscscan.com/tx/0xfc0f2dff195629a220db2587371599af45819613e191622fcb040841462457cc
2023-03-23 19:50:19,False,2.343e-10,7.167e-13,8413893345.0,0.0603,0x92...b668,https://bscscan.com/tx/0x6c9db638e6bd86dd21b4e814a3eb61e09cc19fe93e345ae028d8c2aad1670ebf
2023-03-23 19:48:22,False,2.349e-10,7.168e-13,38510049109.0,0.276,0xcb...a7eb,https://bscscan.com/tx/0xfb8d68d388a3dc273ef04dea581d4814bee007f0a63f1c9f3fc4b3e7f2635861
2023-03-23 19:46:55,True,2.372e-10,7.204e-13,2515657528.0,0.0181,0x07...9e5e,https://bscscan.com/tx/0xb0b18768dd3e0ea7c59c6ee601772f6c57074e866dc29bb162c78001535f9bc8
2023-03-23 19:46:19,True,2.361e-10,7.204e-13,2466967611.0,0.0177,0x8e...feed,https://bscscan.com/tx/0x12c2cd8ffa56dca8e801205ba5fef9b2333118ede90e91cb273bd8f29ad57a05
2023-03-23 19:44:55,True,2.361e-10,7.204e-13,1647350000.0,0.0118,0xbd...b4f3,https://bscscan.com/tx/0x8905e603b89de23dbc2b2e02876a663c6b1ca5f6ba9088f1d4e7d59cb076bda8
2023-03-23 19:43:07,True,2.361e-10,7.204e-13,18000000000.0,0.1296,0xc4...32a7,https://bscscan.com/tx/0x6eb6e7a0d855fa888554303811f23f6ed734e09feade4d546090706544239364
2023-03-23 19:43:07,True,2.361e-10,7.203e-13,13881200001.0,0.1,0xdd...1f30,https://bscscan.com/tx/0xa2cff23d2166861397f58752a79d18d96130e0fbc34b99effe727dcb637633f7
2023-03-23 19:42:10,False,2.364e-10,7.167e-13,8558485122.0,0.0613,0x4d...3661,https://bscscan.com/tx/0xdef8f2c2f9d5fba4753743ef47eda76815ce25537e1a7e48a38879ac0eda109c
2023-03-23 19:41:13,False,2.351e-10,7.168e-13,5016078003.0,0.0359,0x3b...ec95,https://bscscan.com/tx/0x6fa8e975d858a4793168306a9207706ee54bdd071823b8ae402f2ed636bac103
2023-03-23 19:33:45,False,2.363e-10,7.168e-13,3494404096.0,0.025,0x4e...1472,https://bscscan.com/tx/0x8e212c79adb17c87c01a186b224b407655bf71233da4bf2996bcd18b90cd0b5a
2023-03-23 19:33:18,True,2.375e-10,7.203e-13,9628470000.0,0.0693,0xf4...2fe0,https://bscscan.com/tx/0xf54d5c37842548975a66940acfc3f269e0c22966fd724054012f018d8c1f084d
2023-03-23 19:32:42,True,2.363e-10,7.203e-13,1000000000.0,0.0072,0xe3...bf59,https://bscscan.com/tx/0x66757259a7eefd821c369ee162d4ba751a54d34a7eda598867964d3eaad4f259
2023-03-23 19:32:24,True,2.363e-10,7.203e-13,138812224.0,0.001,0x82...1ec0,https://bscscan.com/tx/0x551890e9a742e318ab0f2ed1cc55afca0eb64ca616f94f43e900df0570e37976
2023-03-23 19:29:36,False,2.351e-10,7.168e-13,2303369387.0,0.0165,0x40...455b,https://bscscan.com/tx/0xec08306f5761cfca623863b939db766d008bd2ab21165e1bc9a6d6c1167e1ee1
2023-03-23 19:29:30,False,2.351e-10,7.168e-13,3191386344.0,0.0228,0x2f...5905,https://bscscan.com/tx/0xbf015c9467133035f30925a45ec63a1da345f86613b045b91f524a2b4dbe0682
2023-03-23 19:27:30,False,2.352e-10,7.168e-13,9050161950.0,0.0648,0x4c...bd2c,https://bscscan.com/tx/0x3ea43e71df5e6b7b444c3e4160eee4d7599de8ddf1487b19416c64db21c4a59b
2023-03-23 19:24:09,False,2.352e-10,7.168e-13,9004473681.0,0.0645,0x85...3ab5,https://bscscan.com/tx/0x7774f34c379d30401b0d0808a8738240842dacdfaf4a82668b2f857d78ed751e
2023-03-23 19:23:18,False,2.364e-10,7.168e-13,14169955446.0,0.1015,0xdf...1596,https://bscscan.com/tx/0x3e44a4ebc6c4e6485b3239b705208a1c02a314d5cbdc3624ec3ff79be267bd9e
2023-03-23 19:21:12,True,2.376e-10,7.204e-13,1000000000.0,0.0072,0x29...4836,https://bscscan.com/tx/0x85fef4a66d3efa3a645f0f973da2e2b241f70d939aa27dc91f7fc340426c15f3
2023-03-23 19:20:30,True,2.376e-10,7.204e-13,3472362038.0,0.025,0xb5...41ef,https://bscscan.com/tx/0xa83b8ec6e1a3db03b00ee279d24a403ac1d1d0d874fc4bb569d40b5048bcd687
2023-03-23 19:18:36,True,2.364e-10,7.204e-13,23922804532.0,0.1723,0xc4...af5b,https://bscscan.com/tx/0x80f1160ef0e71ffc3065297f7a2b8fe329606e3e9b118c93f76680b914c80757
2023-03-23 19:17:42,False,2.352e-10,7.168e-13,4316356963.0,0.0309,0x42...f86a,https://bscscan.com/tx/0xa2b95137a8e40f3799cb6e89bc13cf4a2fa6f53f08d35cb47acf9428c4f4d474
2023-03-23 19:16:48,True,2.375e-10,7.204e-13,1350000000.0,0.0097,0xb4...dc17,https://bscscan.com/tx/0x0112efe285dab5d56395b5f93081e698dafa3233b465af4e63171d39fe367824
2023-03-23 19:16:15,True,2.375e-10,7.204e-13,971680000.0,0.007,0x0d...a8cc,https://bscscan.com/tx/0xfb6eb65d14aeeaf63bdb7e34a6e4754a0b67f3edebe97ac67c28bedf83940ce5
2023-03-23 19:15:24,True,2.375e-10,7.203e-13,42398903281.0,0.3054,0xbe...44e4,https://bscscan.com/tx/0x44f0cd48e483aadc67e000de5ce8f950df0c02a697ce580b0fb8e84799b30aa9
2023-03-23 19:15:00,False,2.363e-10,7.168e-13,90630021904.0,0.6496,0xaf...8845,https://bscscan.com/tx/0x2488eb46734bdcc88f0e02e1108812604b269cddae9cd76c9bc533287cabbdb4
2023-03-23 19:13:12,False,2.351e-10,7.168e-13,14849011392.0,0.1064,0x85...4d99,https://bscscan.com/tx/0xe90023b13aafa3e3fe31932fa6297eecd520ab8c9e72ad00d60f3e594eda348b
2023-03-23 19:12:15,True,2.375e-10,7.204e-13,13880700001.0,0.1,0x60...10ba,https://bscscan.com/tx/0x18f992545ce4f3d39eccd586215863d03a2a2e4d4e2593519fe554613588b113
2023-03-23 19:11:54,False,2.361e-10,7.168e-13,3518080756.0,0.0252,0xdd...444b,https://bscscan.com/tx/0x3c824361e97b021aea7752df06e0580a11646c9de225660dfabd35d987de0d6a
2023-03-23 19:11:48,False,2.361e-10,7.168e-13,3681559169.0,0.0263,0xb1...2d51,https://bscscan.com/tx/0x667d06b55b222aeab788b57f3a8d424f5e8c8d0449c69a33c12b37b1bcfa2d16
2023-03-23 19:11:39,False,2.361e-10,7.168e-13,35937403262.0,0.2576,0xf3...5b47,https://bscscan.com/tx/0xbf8e485576d55c3cf46e06f79ee020fc159a8424fd8dd605f74c86d21ec710ce
2023-03-23 19:10:45,False,2.349e-10,7.168e-13,3518080756.0,0.0252,0xdd...444b,https://bscscan.com/tx/0x6b472aadb9aabccd6d2c47c8e5981c714ce22452d713ab389b624be9e7b07a46
2023-03-23 19:08:39,False,2.361e-10,7.168e-13,25779216408.0,0.1848,0x25...d994,https://bscscan.com/tx/0xa238d9bff8d71047982f89e8bea73dca2b48c3d46c41bad19da668c305fae271
2023-03-23 19:06:45,False,2.361e-10,7.168e-13,4862930191.0,0.0348,0x58...0adf,https://bscscan.com/tx/0x251921f766a2eae2399fdf763813c3253153e76fcf4464a6dfa4aeec474be224
2023-03-23 19:06:12,False,2.361e-10,7.168e-13,30071440541.0,0.2155,0xc8...c814,https://bscscan.com/tx/0x2a4492d105946aaa14bc20a12b029658e5d4ffa78b61142906f10150636e65a2
2023-03-23 19:04:06,True,2.373e-10,7.204e-13,3441410042.0,0.0247,0xa0...2ae4,https://bscscan.com/tx/0x2e76d32ced2653d8c29689713ee78f2563b2db6366d6fe32fd237c91f2e8985a
2023-03-23 19:03:51,False,2.35e-10,7.168e-13,29130096654.0,0.2088,0x83...af78,https://bscscan.com/tx/0xd6dd30cf3eb066e7a21dcca06d76dbab91d0dbfafe8ea31abc4679a693474b21
2023-03-23 19:02:48,False,2.349e-10,7.168e-13,11608282029.0,0.0832,0x5d...afce,https://bscscan.com/tx/0x09a355b8428f5bd3d950ff066ff15730e517900737c86d0fe4b3b31ed301086e
2023-03-23 19:02:39,True,2.361e-10,7.204e-13,5082255992.0,0.0366,0xa0...2ae4,https://bscscan.com/tx/0x817620a8d016b20da852b149019d7df22164de9098cccd8fabac0d0a2bf66808
2023-03-23 19:02:21,True,2.373e-10,7.204e-13,4407130001.0,0.0317,0x09...fb67,https://bscscan.com/tx/0xb937d6bb43e70102ae0421b2a07af5bc22e94e32c5515959dabd7de5d5fc492b
2023-03-23 19:01:06,True,2.361e-10,7.204e-13,1899523863.0,0.0136,0xb5...41ef,https://bscscan.com/tx/0xf127f8cbe2e04421efc7811323e15b4a41516cef67289ff61123bfc53c82daa2
2023-03-23 19:00:04,False,2.36e-10,7.168e-13,35387890050.0,0.2536,0xd5...2dc0,https://bscscan.com/tx/0x495c40dda7a6c5fe1ed61a0caa2b72d0c01562a1d18506111c6d082047aadf6e
2023-03-23 18:59:55,True,2.372e-10,7.204e-13,4305600000.0,0.031,0x16...28c6,https://bscscan.com/tx/0x955dd04b3e66d11c605bae16e9a7021c78b5105562492026f43051e96e7dbc03
2023-03-23 18:59:19,False,2.36e-10,7.168e-13,9000000000.0,0.0645,0x72...abd3,https://bscscan.com/tx/0x7caeca8e88fe00e4fb0dd6d8d20f3f7c65e9945b5a395bc077f67cca91ea2eba
2023-03-23 18:58:34,True,2.365e-10,7.204e-13,13250835758.0,0.0954,0x07...9e5e,https://bscscan.com/tx/0x35482ba244de48a7c2028a384c95f70d4b507755fd6f0d6d4d129c1e8448595d
2023-03-23 18:58:25,True,2.365e-10,7.204e-13,9021935173.0,0.065,0x0a...6ee2,https://bscscan.com/tx/0x0aa611c814f3012b0d6c4adcd7a3bf26aa26d4c0e1b362e2036ab698abbc10c6
2023-03-23 18:58:13,True,2.378e-10,7.208e-13,207054096.0,0.0014,0xa3...b362,https://bscscan.com/tx/0xe01b54d7f411e554981e8fafb8371f14e348e259da7e12f67d9337d5e49bb81d
2023-03-23 18:58:10,False,2.365e-10,7.168e-13,4942097503.0,0.0354,0x9e...9ee7,https://bscscan.com/tx/0x6ddc3d3f0bac9754bace4b07a07894c357940290ef9b1deb27ac3ddadea7689f
2023-03-23 18:56:58,False,2.365e-10,7.168e-13,8350937277.0,0.0598,0xc7...3a1f,https://bscscan.com/tx/0xe48743cd12c57323f55ca63e5b49dd3cb192da26b6638ee9b1f84040e260fd67
2023-03-23 18:56:25,True,2.365e-10,7.204e-13,4200402126.0,0.0302,0x09...6359,https://bscscan.com/tx/0xa512fe5b5c2fb80154dc9f4aa819591cbcebff6de01642700847ac743fa9617f
2023-03-23 18:52:10,True,2.376e-10,7.204e-13,141579152132.0,1.02,0xad...2749,https://bscscan.com/tx/0xff7b2bbd9e2a7add26431b08909d969a8be58d2d2b7728cf065febe5a0dacc24
2023-03-23 18:52:10,False,2.364e-10,7.168e-13,5653047511.0,0.0405,0x2e...2456,https://bscscan.com/tx/0x24c26643a62411e3e040765f81290773edce76d412b5edcd56eec8f934a25eeb
2023-03-23 18:50:58,False,2.364e-10,7.168e-13,100022856484.0,0.717,0xcf...4879,https://bscscan.com/tx/0x43ca7e9ccd39c713cfa4a5af4871b15d10d9388d71bf059e56c41a5c487a6b20
2023-03-23 18:50:28,True,2.364e-10,7.204e-13,5600000000.0,0.0403,0xe9...dfde,https://bscscan.com/tx/0xb6cb999c62b7c3b88fb7bb6fd70ca5d330a026d4327b8655115443e42f0a6fcd
2023-03-23 18:49:34,False,2.364e-10,7.168e-13,37043161438.0,0.2655,0x4e...fd82,https://bscscan.com/tx/0xd617e8e259903b4af02413b6cf057930de7b0ee3f0e127e414fe81acda8ab080
2023-03-23 18:49:22,False,2.364e-10,7.168e-13,5400000000.0,0.0387,0x74...ea22,https://bscscan.com/tx/0x6cee6734da58e28fd83303de2aee426ff1058e1438d35161d9486dd9668b5171
2023-03-23 18:48:40,False,2.353e-10,7.168e-13,9418503530.0,0.0675,0x2f...c91b,https://bscscan.com/tx/0xbffd7d5e44532c1c389780685d549a82176ae36c7906f0f5e32ea33ce149adcf
2023-03-23 18:46:52,False,2.353e-10,7.168e-13,4179065585.0,0.0299,0x58...8449,https://bscscan.com/tx/0xb78cc2685234e99f193c8c1ed39d003d9ed497c019c71daa21a53ff52e82314c
2023-03-23 18:46:04,False,2.364e-10,7.168e-13,51301782384.0,0.3677,0xaf...8845,https://bscscan.com/tx/0xfc4b9bb589f52b4791030219b666ce72faef6dbc1e837f39aa2b60de33b18df4
2023-03-23 18:45:19,True,2.376e-10,7.204e-13,7123371434.0,0.0513,0x7b...0280,https://bscscan.com/tx/0x82621713d2b6323e4e1d9c7707a0bb48ae0b42ddce1580181de2f18c570a3d04
2023-03-23 18:44:40,False,2.353e-10,7.168e-13,13500000000.0,0.0967,0xa7...27f2,https://bscscan.com/tx/0x99d16beb62cf80863b18c074d5dc331ee3a39f7d24c5a4122caa023c0da2e968
2023-03-23 18:44:34,True,2.364e-10,7.204e-13,41320514604.0,0.2977,0x6a...b0e4,https://bscscan.com/tx/0x18798e55e26861c3da576dad34cd3360e646b82fef729e01e5351b4b342ba83a
2023-03-23 18:40:19,True,2.376e-10,7.204e-13,13879729908.0,0.1,0x4b...a346,https://bscscan.com/tx/0x73ef74ffe4deb2849760d580b30157cb7ca5ed762ec5b0ed0ff9bc112d6dea1d
2023-03-23 18:39:04,False,2.352e-10,7.168e-13,129579389454.0,0.9289,0xe8...86a4,https://bscscan.com/tx/0x776f72e0de1faeb9d2385f3316358cad49bec257ba0aa404212bd6ce269376dc
2023-03-23 18:38:40,False,2.364e-10,7.169e-13,145519351579.0,1.04329,0x4c...98ee,https://bscscan.com/tx/0x89d493f37f1aba9a76ac8e0f5b9315c293fcb0503593de4c1b60fa02f11386d9
2023-03-23 18:37:58,True,2.376e-10,7.205e-13,3406420427.0,0.0245,0x29...22b9,https://bscscan.com/tx/0x2b0da506b2f61fe3d91f5438306e64dfc543581d165013b78acddbfd1798e577
2023-03-23 18:36:07,False,2.364e-10,7.169e-13,37528021754.0,0.269,0x6b...ed57,https://bscscan.com/tx/0xca4060342066c87af75e3f772eec8c3518a57fe379f5c61409644182cb37d1fe
2023-03-23 18:33:01,False,2.364e-10,7.169e-13,89866597102.0,0.6443,0xf8...61f7,https://bscscan.com/tx/0x096ea2e4e4ce1d6ac20da1f638e56e85df4eeccc1f7a13b81a87336bdedcb458
2023-03-23 18:32:16,False,2.352e-10,7.17e-13,17779539563.0,0.1274,0x36...374f,https://bscscan.com/tx/0x93283c051b63ead78b5262dacc4c157bc04ccbd405257a996f92c4aa9036c048
2023-03-23 18:31:34,False,2.352e-10,7.172e-13,1350000000000.0,9.68248,0x42...b3e8,https://bscscan.com/tx/0xa2ff407b7f7f4247c6a47dd21d7ac6811a21122c07f61a815fe9ecd8c8da2233
2023-03-23 18:30:37,False,2.365e-10,7.174e-13,20700000000.0,0.1485,0xb4...2dad,https://bscscan.com/tx/0xa1c19172a52aee3462e3944ea4e89d8e4d8a314d137dc5e222ef2eb292a499d2
2023-03-23 18:30:28,True,2.365e-10,7.21e-13,6827515018.0,0.0492,0xc1...3e84,https://bscscan.com/tx/0x23c0b4e5d8f43fe2600333c4dbf0963f81668a85b21b3b91ff0fe393244f4701
2023-03-23 18:29:10,True,2.366e-10,7.21e-13,23845917330.0,0.1719,0x18...16ef,https://bscscan.com/tx/0x6a5a6af610dcf59ecf2d15c11f8f75a6c2aebbc1606c94754b62803a7af7b2e1
2023-03-23 18:28:34,True,2.366e-10,7.21e-13,4000000000.0,0.0288,0x99...84a3,https://bscscan.com/tx/0x7b2c0e9fd67f1cac31c2e81afd66c87266656a0781c5d6f3927cf3911f935218
2023-03-23 18:27:13,False,2.367e-10,7.174e-13,2903145609.0,0.0208,0x27...fb32,https://bscscan.com/tx/0x5eccadd4fe17bcff7fff6160f8b4d3ed7a30490032747e6d6b56b131533fe2de
2023-03-23 18:25:16,False,2.356e-10,7.175e-13,479601768858.0,3.44118,0x4a...f0eb,https://bscscan.com/tx/0x812d7d42ef8a75013013062f47cb014683912966a75c23548db4a44448439fe0
2023-03-23 18:24:31,True,2.38e-10,7.211e-13,5000000000.0,0.036,0xa9...55d9,https://bscscan.com/tx/0x01cff581aae3acd3332eb9863b7e9ef40fc2ea8c85690e186b488e1ce3ed55e3
2023-03-23 18:23:31,True,2.368e-10,7.211e-13,12100000000.0,0.0872,0xdd...4d97,https://bscscan.com/tx/0x7f42dcfd6b29c09b75ff9a5a24d1d79a1de659f460406e6753da8e294cf30318
2023-03-23 18:23:22,True,2.368e-10,7.211e-13,2279704513.0,0.0164,0x1c...3112,https://bscscan.com/tx/0x39d66c6a1dd1a62d57f75b080e29d98d65b60435fc7b17cf9cb44d8e0381e74d
2023-03-23 18:23:01,False,2.357e-10,7.175e-13,98265941226.0,0.7051,0x05...7066,https://bscscan.com/tx/0xeadcb7fdb8d0eeaf67ca8ecc9850d0deea41c1b47ca3fb3b9eb0149e50012edc
2023-03-23 18:21:58,True,2.381e-10,7.212e-13,20806000000.0,0.15,0xc3...7f84,https://bscscan.com/tx/0x7c542a142f77b0539d064dfe83590e47fb9b0cd0dc044fa523e9dba0101c68e8
2023-03-23 18:21:40,True,2.369e-10,7.212e-13,2592663505.0,0.0187,0x74...3144,https://bscscan.com/tx/0x4d50b0563f08c2f095b58af101ba335a3f653762828f56ec1644c65c0b424216
2023-03-23 18:21:37,False,2.369e-10,7.176e-13,72000000000.0,0.5166,0x1c...3c2a,https://bscscan.com/tx/0xa66ad20b3ed64d22bf3e712b71422c3061942e4db5b346e1a51d056f309bdb22
2023-03-23 18:20:20,False,2.357e-10,7.176e-13,5475095971.0,0.0392,0x5f...9ffd,https://bscscan.com/tx/0xeb0bc0a53a8277180f88aae1510c395a3fc062032037319050bf036e017df314
2023-03-23 18:19:06,True,2.381e-10,7.212e-13,1326193362.0,0.0095,0xd1...2d7d,https://bscscan.com/tx/0xe2e3cd64b63bcbca67b4b593af75d757b6aba14b6e09b501697fbb36e21d61fd
2023-03-23 18:19:06,True,2.381e-10,7.212e-13,6000000000.0,0.0432,0x3e...15b2,https://bscscan.com/tx/0xa4b023faac743c9ed68ce7e034e2e473f8b3936b4ed250671e5371ca44b538c4
2023-03-23 18:19:00,True,2.369e-10,7.212e-13,42982863678.0,0.31,0x38...a4bb,https://bscscan.com/tx/0xcddbe1163450155730d7c5a805aef2d6d1ebbb5350505cd0469af3d0a6d8940d
2023-03-23 18:18:19,False,2.357e-10,7.176e-13,3557406847.0,0.0255,0x2f...2b70,https://bscscan.com/tx/0x7f7fb7a41741eaee423b34b4ade43bf4a5660c3d2056e1b9209361c1aaa0719a
2023-03-23 18:17:43,True,2.368e-10,7.212e-13,4159668811.0,0.03,0xe3...bfad,https://bscscan.com/tx/0xbdebb6617bcc617b1dca24a00d642b3da4f7dd97faec2bde422d4d400c20c251
2023-03-23 18:15:01,False,2.369e-10,7.176e-13,9137528962.0,0.0655,0x1e...40b2,https://bscscan.com/tx/0xdeb887bb6f71ddbf65880096a76ef226c68a0470ac7019b406ae9cc7861062e4
2023-03-23 18:13:31,True,2.369e-10,7.212e-13,4719550462.0,0.034,0x86...9a35,https://bscscan.com/tx/0x065f4e415e8069bf2bb0331a40e9113e1faa872cdb8b9861f1d93b32366fe0e5
2023-03-23 18:13:22,False,2.357e-10,7.176e-13,50788553021.0,0.3644,0x72...3582,https://bscscan.com/tx/0xe7bc6d630df95d42e08b57628d93a419035a1d9bcbce4740dc1ec3337789c2f3
2023-03-23 18:13:16,True,2.369e-10,7.212e-13,4159575046.0,0.03,0x2e...b512,https://bscscan.com/tx/0xc295ea2e715b460b5d69d6b4576d351426592dbb5d3b8a43d903a4775f6f5b95
2023-03-23 18:12:46,False,2.369e-10,7.176e-13,17956317326.0,0.1288,0x0d...d251,https://bscscan.com/tx/0xfa5619d09ffb8efa87fad247af0ca5bc750574ed7701678ab597d2c250b0b2a5
2023-03-23 18:12:07,False,2.358e-10,7.176e-13,93732009641.0,0.6726,0xd5...c747,https://bscscan.com/tx/0x27cf108ee90dd8e2f63d52ddae900ea4a835841f4e16dc996ed3c414057498ba
2023-03-23 18:10:58,False,2.358e-10,7.176e-13,4674734055.0,0.0335,0xf1...a926,https://bscscan.com/tx/0xbb573610f9eae86eeafdbf7dcd4def3b21c46764fc8ef3ceaf2d531b25f24bcc
2023-03-23 18:10:40,True,2.37e-10,7.212e-13,8330332080.0,0.06,0xaf...e720,https://bscscan.com/tx/0xd4ce00904a6b350f7f77f3bf6a018136d42c7b6c2b124a95dfe45947ffd68fad
2023-03-23 18:10:34,False,2.358e-10,7.176e-13,19139169607.0,0.1373,0x7f...2d78,https://bscscan.com/tx/0x413b3f738ee2d2e1452ac4bca117c180d2cdca453496453cc5e2d8faa6e21da8
2023-03-23 18:09:58,True,2.37e-10,7.212e-13,6689436986.0,0.0482,0x13...ed0c,https://bscscan.com/tx/0x88f4b78494e5d9d86a05e356bb51224315be1492d5a44025f89e26f54171feb8
2023-03-23 18:08:04,True,2.382e-10,7.212e-13,43000000000.0,0.3101,0x81...f2da,https://bscscan.com/tx/0x7ba601372b625670f5194b7bda85e93f757489dd6c9ca8bf0fa8ebf803324aa7
2023-03-23 18:07:58,False,2.358e-10,7.176e-13,19577739213.0,0.1405,0x98...8dbf,https://bscscan.com/tx/0x20bb25347f6f49e09b5e45e5ba1fb0101921daa96089334ff2dc75e265c83528
2023-03-23 18:06:31,False,2.358e-10,7.176e-13,3330839876.0,0.0239,0x1c...3112,https://bscscan.com/tx/0xb12caf0fa0818cb0d9e623deae92c38a959fa8fdfc3c8eb33df555d22334909a
2023-03-23 18:05:34,False,2.37e-10,7.176e-13,144633037253.0,1.038,0x1d...9638,https://bscscan.com/tx/0xc04ee4bef4423467ed423af9dbbef6fa1df9ad05175bad44c9d572f3eac76ed1
2023-03-23 18:03:13,False,2.358e-10,7.177e-13,11991452630.0,0.086,0xa4...fd3b,https://bscscan.com/tx/0xf9f8d5b281398b95ca16cfc561ffd3e0e3e56ee9290d9334854ce2f02fed1547
2023-03-23 18:02:04,False,2.371e-10,7.177e-13,7954618724.0,0.057,0x5d...a9ae,https://bscscan.com/tx/0x80425699a47f2ebb6c59975b2ef2d1d02b9a9eab6629e6d33d97ae6c87a77ca9
2023-03-23 18:01:55,True,2.382e-10,7.212e-13,103419289312.0,0.7459,0x5a...048b,https://bscscan.com/tx/0x20d2e839e6b0fd30d7af5cf6c4252f9db7e81fbc6e443951d47fcb836aa6dca0
2023-03-23 17:59:49,True,2.382e-10,7.212e-13,6400000000.0,0.0461,0x2a...0ff9,https://bscscan.com/tx/0x31ca8818bec18fa2507a72057490a5e7d2f80ee1667cf10e5a703d32b411cae1
2023-03-23 17:57:28,False,2.358e-10,7.177e-13,591903292860.0,4.24849,0xef...5463,https://bscscan.com/tx/0x582cd76e8d5fc1b2610c4d071d38cb0197c8652727c5eb7fe9c59a80646bc8cd
2023-03-23 17:55:40,False,2.37e-10,7.178e-13,174035753358.0,1.24938,0x3b...899a,https://bscscan.com/tx/0x29d91df6a59aedc99194d9d276712b368baac4eff8cdc3058fe9b139e50ba30c
2023-03-23 17:54:46,False,2.37e-10,7.179e-13,9000000000.0,0.0646,0x74...3144,https://bscscan.com/tx/0xf0e02bd20e0877fc47775c043ed964b9ffd91e23b6f3ed85a7a687a4b37fe79f
2023-03-23 17:54:34,True,2.37e-10,7.215e-13,41980055104.0,0.3028,0x9f...4334,https://bscscan.com/tx/0xeb590b804a1775ce73d0b0e30bb2c77afc316953ca2820f98beea8906c832e4e
2023-03-23 17:54:28,False,2.358e-10,7.179e-13,84058244757.0,0.6034,0x5e...b1a3,https://bscscan.com/tx/0x95028b2adc7d33787b5f6523286a6cfe90bec32f828a62fa78439e0b28e92b9e
2023-03-23 17:54:04,False,2.358e-10,7.179e-13,84058244757.0,0.6034,0x5e...b1a3,https://bscscan.com/tx/0x4a71b3e0254065074c579a69e3453ec7768b773238a640ac6ba1726355c4d061
2023-03-23 17:53:46,True,2.382e-10,7.215e-13,1822583958.0,0.0131,0x9c...b293,https://bscscan.com/tx/0x10afc66153083800f09207d9c3248bc524368f2e695a477b499fe1a42e3847ff
2023-03-23 17:53:13,True,2.37e-10,7.215e-13,2934210000.0,0.0211,0xfc...5a8d,https://bscscan.com/tx/0xb7811bfb23f98b13376b868b7baddaf22b1ac84a5872f51b7af444e33beca7d9
2023-03-23 17:52:43,False,2.358e-10,7.179e-13,86657372795.0,0.6221,0x05...7066,https://bscscan.com/tx/0x75c2edb40d7b6e8845b9bf7f2e032d6cbaf62380e12d80a4292bc00f1fbce956
2023-03-23 17:50:46,False,2.371e-10,7.18e-13,90766990723.0,0.6517,0x96...114a,https://bscscan.com/tx/0xc38b362acd63d1c188f81dddefc67a6629b93ed7f4176b66559908059f84d481
2023-03-23 17:49:13,False,2.371e-10,7.18e-13,1475299905.0,0.0105,0x60...1727,https://bscscan.com/tx/0x895ba3877658a826b229725c7c3da82a561650747500b8ccfb6181eb493034ca
2023-03-23 17:48:16,False,2.371e-10,7.18e-13,5850000001.0,0.042,0x9b...42b1,https://bscscan.com/tx/0xab4e5e4500aa0971c41417e44b0701b4279ddbdb11b5288637e5f88b491d65ac
2023-03-23 17:47:25,False,2.359e-10,7.18e-13,109813841513.0,0.7885,0x1f...1567,https://bscscan.com/tx/0x574f9b4268b2421d1af07e827e70a693de803da48da677ada85121487d54a3d8
2023-03-23 17:47:16,False,2.371e-10,7.18e-13,112507311700.0,0.8078,0x14...3de5,https://bscscan.com/tx/0xb4b9c2b24eedd6bacdb8166ce8dbbd385422a77d3700c4a921453ea59366aeed
2023-03-23 17:46:55,False,2.359e-10,7.18e-13,10614760319.0,0.0762,0x99...c7c8,https://bscscan.com/tx/0x7daf29d953fe8830bf1dea8f1d702cdd144919f526bf41c9d20fd47013a83b51
2023-03-23 17:44:58,False,2.371e-10,7.181e-13,56971462525.0,0.4091,0xc2...5332,https://bscscan.com/tx/0x01a3943f6f9c13759429ff7d973ebec16d1fd0ac85cd25897ade0117fe03c246
2023-03-23 17:44:28,False,2.36e-10,7.181e-13,76913450734.0,0.5523,0xa1...f8e0,https://bscscan.com/tx/0xa3a0c9487aec72d49a1a592016a0b350d458611708ef4b920961764673542e1d
2023-03-23 17:43:25,True,2.384e-10,7.217e-13,10000000000.0,0.0721,0xc4...32a7,https://bscscan.com/tx/0x127c0d1229e8f66732f55a047d8171028237d726aad22bd4c990795f50f66690
2023-03-23 17:41:52,True,2.384e-10,7.217e-13,14589899295.0,0.1053,0xed...e49e,https://bscscan.com/tx/0xecbbd28306908239831ed6f7b5f4fcc3a1b242db88251c0369f2f0393296b34f
2023-03-23 17:41:43,False,2.372e-10,7.181e-13,49194256588.0,0.3532,0x30...35c2,https://bscscan.com/tx/0x10232985f69afdbfee3ed3be84463079cb6b2cea317ad8c499742ed167554c1b
2023-03-23 17:39:46,False,2.361e-10,7.181e-13,198868687617.0,1.42822,0x36...13b6,https://bscscan.com/tx/0xaa8cecae8840916f7cc14522954063f59bcd15f648811155f83f0728deaaf455
2023-03-23 17:39:10,False,2.374e-10,7.182e-13,7361924197.0,0.0528,0xb8...76c8,https://bscscan.com/tx/0xe20b90fab2f84968d29476e62462ceaad6a8f407338df190b0846946a3c5e7bb
2023-03-23 17:35:19,False,2.376e-10,7.182e-13,93981600000.0,0.675,0xb5...9590,https://bscscan.com/tx/0xdbf3a0ab9a6f117bfd791f4e8aedca9fee2bce2b34d5e5ba5793855531a79e42
2023-03-23 17:34:04,True,2.376e-10,7.218e-13,4268968577.0,0.0308,0xfa...5873,https://bscscan.com/tx/0x336626390a8d17bb962e5586fa70e309f94443919cce6990d12445068fad0310
2023-03-23 17:32:58,False,2.376e-10,7.182e-13,3600000000.0,0.0258,0x03...6486,https://bscscan.com/tx/0x4c0ff3e2a4a3a1d32eebf9447349dbc949e8f5b17c4b140c3a75bf54f08e64cd
2023-03-23 17:32:43,False,2.376e-10,7.182e-13,10024380001.0,0.072,0xb6...6108,https://bscscan.com/tx/0xf8e6c5766dcac4dc52d4941fa979cce0f0e3bfb2fdbfe11b058c6571f5958268
2023-03-23 17:31:19,False,2.364e-10,7.182e-13,65615069333.0,0.4712,0xd1...9946,https://bscscan.com/tx/0x6217a6be73ff1b9578457e761b4949c50a4e03ee818366e1cb74f57fc57920cb
2023-03-23 17:29:58,True,2.376e-10,7.218e-13,21504527025.0,0.1552,0x7f...d9a1,https://bscscan.com/tx/0x827d188b2cbbcd87d86c4df675d9a4b51fa687ff62631c2d205b19cc14edf592
2023-03-23 17:29:49,False,2.364e-10,7.182e-13,9000000000.0,0.0646,0xb6...24cb,https://bscscan.com/tx/0x005f83dbc2c77eef5edf22c16fe8add235475692e92e0553d5b90962058fe356
2023-03-23 17:27:46,True,2.376e-10,7.218e-13,10989906389.0,0.0793,0x86...4487,https://bscscan.com/tx/0xfc236056624aa8e38ad4e863ff35e53f6722f328b31b966233f589720f0bad1e
2023-03-23 17:27:31,False,2.376e-10,7.182e-13,18000000000.0,0.1292,0x96...b882,https://bscscan.com/tx/0xbaaad00c8d223539222a8de1a86a859637c3f6760816dbe887d20f73980b2c6c
2023-03-23 17:26:31,True,2.376e-10,7.218e-13,13247365230.0,0.0956,0x76...a7cd,https://bscscan.com/tx/0x8ace9bbbaf3cf63386063eb8e16ab4de6c4fbd62a3f7177499926865a2182965
2023-03-23 17:25:58,True,2.376e-10,7.218e-13,1765810000.0,0.0127,0xdd...37b9,https://bscscan.com/tx/0xfd6b615129f97db250ec7ca429f017ceb1b1c10deea23610dd913d7976ef34fd
2023-03-23 17:25:31,True,2.388e-10,7.218e-13,1380000000.0,0.0099,0xef...e223,https://bscscan.com/tx/0xbc97a60033d7d70dd95e4d30f5075ca8642688b9bcd7bfe4b23918e83a22c689
2023-03-23 17:23:37,False,2.363e-10,7.182e-13,2700000000.0,0.0193,0xa4...59a3,https://bscscan.com/tx/0x58fe636f228e0b4e091fc521fbbba8b6bb5331b9da40ba7a14dc018bfaa31a89
2023-03-23 17:22:28,True,2.387e-10,7.218e-13,4710065534.0,0.034,0xcf...cbe9,https://bscscan.com/tx/0x49d728cefa4b50ba4e2e2cbabf634f22324d7ca7aba0c5fca32fdbfc45d2d14c
2023-03-23 17:21:04,False,2.375e-10,7.182e-13,3657436818.0,0.0262,0xd3...0f1d,https://bscscan.com/tx/0x442cf50c98c40abe0776488801d36af52328532f2e295374e433f42dde779f18
2023-03-23 17:19:37,True,2.388e-10,7.218e-13,4183640000.0,0.0302,0xf3...5318,https://bscscan.com/tx/0x5c2440f22810e35412221338061c0b5cf5fcf395748352e000624f7e4c3423a7
2023-03-23 17:18:55,True,2.379e-10,7.218e-13,15238500001.0,0.11,0xfc...f7d5,https://bscscan.com/tx/0x78562aa9597e28cca5a6df068a2637ace4cc035fa7dc650a6d4d5e332b8e05a6
2023-03-23 17:18:55,True,2.379e-10,7.218e-13,100000000.0,7.218e-05,0xcd...e9e8,https://bscscan.com/tx/0x368ed3fb3c2a5d1da1f9d84c8faa610e63305948cad4a6445d2d8cee222ab2a2
2023-03-23 17:16:49,True,2.391e-10,7.218e-13,4710108492.0,0.034,0xb5...8e26,https://bscscan.com/tx/0xc613bf18867ca860187fd9e3b40fc2403c8b242dcd6abdc0b5cea2fc76f08a1e
2023-03-23 17:15:19,True,2.379e-10,7.218e-13,692663842.0,0.005,0x7f...d9a1,https://bscscan.com/tx/0x0efaaeecf67d14758ed092665c8a5aab138a610a8cf3a51008897d3d0e4cdf60
2023-03-23 17:13:49,False,2.371e-10,7.182e-13,27020928621.0,0.194,0xa3...ee69,https://bscscan.com/tx/0x5690246d0d5b55e6764aca0e3fdb004df0911aa71a9e401d6432142cb1b76b95
2023-03-23 17:13:19,False,2.371e-10,7.182e-13,89195877915.0,0.6406,0x48...8708,https://bscscan.com/tx/0x7d68b400e5165ff65c9be589836a28cadb55184addc2299ea890c447e7fb7fd0
2023-03-23 17:12:25,True,2.383e-10,7.218e-13,7064820446.0,0.051,0x0e...ab8c,https://bscscan.com/tx/0xc6b2a44273bfae460dee40647535ab82c7e4b7f1818fc48fde32d1d27481792f
2023-03-23 17:12:07,False,2.371e-10,7.182e-13,11600100000.0,0.0833,0x33...43f1,https://bscscan.com/tx/0x1f79fed6d25042fc47395b6fc7a59faf98c145274173b2aa97db9517000f2422
2023-03-23 17:11:49,True,2.395e-10,7.218e-13,7858034620.0,0.0567,0x7e...4648,https://bscscan.com/tx/0xdae09b16c35cff15563898f6afb1e1a06df4f2b5ec8dadacfbb6b8dae8a9f8d1
2023-03-23 17:11:10,False,2.371e-10,7.182e-13,45000000000.0,0.3232,0x92...8cbf,https://bscscan.com/tx/0x0a71e105ee7f05b96c934c120e1f5239ffbfeea809d8384ac5d7eca9bca76c2a
2023-03-23 17:10:10,True,2.383e-10,7.218e-13,13852355023.0,0.1,0x71...f22f,https://bscscan.com/tx/0xc7b498e45edbd22af5712e6fd5765b1d32c2ae4a60720b13938e02afc82fdd51
2023-03-23 17:08:58,True,2.393e-10,7.218e-13,4790549811.0,0.0345,0x82...54ed,https://bscscan.com/tx/0xc0947e93ba3f432eebb5588690c5e3b6cf3fb8bf5b7c0c863578fd744061b785
2023-03-23 17:08:46,True,2.392e-10,7.218e-13,35837357084.0,0.2587,0xf7...43a7,https://bscscan.com/tx/0x3a8a2477759ef576701789bdcadc9d9e436de7165efc5b3dace8138b3197c205
2023-03-23 17:08:18,False,2.369e-10,7.182e-13,90000000000.0,0.6464,0x92...8cbf,https://bscscan.com/tx/0x3c7c45bb156a600000d8afb07fb53050b325a8a95b5036e98714dd41ae53e4c9
2023-03-23 17:07:27,True,2.38e-10,7.219e-13,75000000000.0,0.5414,0x69...9b64,https://bscscan.com/tx/0xaf75ce526c83733901bcf8332ff1b47b8ff16115d7f0efc37fad5d2ee53b86d9
2023-03-23 17:04:27,False,2.379e-10,7.182e-13,82790008093.0,0.5946,0x8b...5002,https://bscscan.com/tx/0xa78abc13828f0072a2cd0e02ac4dac02e391741715fcd775fe99704ad3dd266c
2023-03-23 17:04:15,False,2.379e-10,7.183e-13,203007562851.0,1.45829,0x05...7066,https://bscscan.com/tx/0x43e4007c52bbc54c545e2459e6eb85c6fdc0f964cb634d533102ef0aea5369f3
2023-03-23 17:03:39,False,2.367e-10,7.183e-13,11185025937.0,0.0803,0xb0...478a,https://bscscan.com/tx/0x067d416217bbe1a688a0ae7476ea9bef3219f528672e5e3b7e503815d4792375
2023-03-23 17:02:27,True,2.379e-10,7.219e-13,94511086448.0,0.6823,0xd7...b794,https://bscscan.com/tx/0x10d21b1791c2a4a6d39c5fdcedde622ca0fcf8e8fb6fc8453021ba268d08d1df
2023-03-23 17:02:15,False,2.367e-10,7.183e-13,4230000000.0,0.0303,0xcf...cbe9,https://bscscan.com/tx/0x74b9fdf9e899472bc17673c48bbc25f2d9d5e55aeb6f005ea8997d0191cd5188
2023-03-23 17:01:45,False,2.379e-10,7.183e-13,225000000000.0,1.61637,0x92...8cbf,https://bscscan.com/tx/0x691fce1c1a6fdfd1f4e806ef2fdcd91e764a1f09e94648cbf8552a86fa2d291e
2023-03-23 17:01:15,True,2.379e-10,7.22e-13,80673970370.0,0.5824,0xdb...b14f,https://bscscan.com/tx/0x03469985a9d7417516247af126a7fb7addb75021de17a94ee0e43728c77c8da7
2023-03-23 16:55:33,False,2.367e-10,7.184e-13,45000000000.0,0.3232,0x92...8cbf,https://bscscan.com/tx/0x457ee0a9aeda94e2da66cdca30285825920aadde86eaf5ec5f8348f7b2fc1c64
2023-03-23 16:55:24,True,2.379e-10,7.22e-13,6572913879.0,0.0474,0x5d...dc3a,https://bscscan.com/tx/0x8ff0b2a6edffa040d36ab7197e65d98b53050489a812e770ff2ed94ce577755d
2023-03-23 16:53:33,False,2.371e-10,7.184e-13,207349112689.0,1.48968,0x05...7066,https://bscscan.com/tx/0xe46cf4159d90e7869472b392c0ddc45e054c3dc01054dd5f3c4734fc864ec89f
2023-03-23 16:53:00,True,2.382e-10,7.22e-13,41285196051.0,0.2981,0xa8...a6b1,https://bscscan.com/tx/0x291ededfd84971d3f2a2967e924a793bb9a011c4d8bcd5c608b396928ab971f1
2023-03-23 16:50:54,False,2.369e-10,7.184e-13,8287124633.0,0.0595,0x80...0e96,https://bscscan.com/tx/0xd5fc67f40d591b4439ab12d490caab55a1b53923e61f45233ba3813bd6c1e45a
2023-03-23 16:50:06,True,2.381e-10,7.22e-13,760384499.0,0.0054,0x15...4042,https://bscscan.com/tx/0xc54aae5cfc3137d4fbf1805626282b706f60f91354aa9b7bc6602b287ac93fa5
2023-03-23 16:48:22,False,2.357e-10,7.184e-13,14138224037.0,0.1015,0x83...c51e,https://bscscan.com/tx/0xc29fb529b774f5cdd4f7654d928fe052decb7ba26276386ca6a2fb7b34775e71
2023-03-23 16:47:43,False,2.369e-10,7.184e-13,40040904980.0,0.2876,0xf6...0d55,https://bscscan.com/tx/0x3bc2c4f1d3eaadf28426c4937f6a12f75c9b7f43b9dc76ac8bb2f8c60f589089
2023-03-23 16:46:16,False,2.368e-10,7.184e-13,3002706616.0,0.0215,0xb2...c6b2,https://bscscan.com/tx/0xf050ef1b8082ea487c1b7df9790c685f72c9891749d0626403b2c97ff1c67928
2023-03-23 16:44:40,False,2.367e-10,7.184e-13,26313677761.0,0.189,0x2c...3ecf,https://bscscan.com/tx/0xb29338d8b7bb157638f17f4ecd8e2a8d4e52de911f2002fb351c6771d517a3e2
