datetime,buy_order,price_USD,price_native,amount_token,total_native,maker,etherscan_url
2023-03-23 09:15:41,False,2.339e-10,7.205e-13,8633632636.0,0.0622,0x9a...28bc,https://bscscan.com/tx/0x0764ca0f2c3f2e0615d3d51f8304c61c94a0e7cdf68c1045c235a28cf10fec43
2023-03-23 09:14:59,True,2.339e-10,7.241e-13,1438387286.0,0.0104,0xa0...6e74,https://bscscan.com/tx/0x5a78db9e0c3c501813b800e797d7f719f839ecb01fa58941188b3ae155e27092
2023-03-23 09:13:47,False,2.327e-10,7.205e-13,69585193947.0,0.5013,0x65...faac,https://bscscan.com/tx/0x0d3ebccc86186a9cc403e281a206fc94431711d1c37612f41969fd846491ccc2
2023-03-23 09:12:26,False,2.339e-10,7.205e-13,5535243606.0,0.0398,0xa5...630f,https://bscscan.com/tx/0x2e1b9f444a6698717a221ea1c1671a0b6ad697267101099fbb20f8b0ec1388ae
2023-03-23 09:12:23,True,2.351e-10,7.241e-13,4423617424.0,0.032,0x07...9e5e,https://bscscan.com/tx/0x816bcd84d61b6073f5e98ee715ab4460242ad152c64f8756a8abc925eebd00a3
2023-03-23 09:10:43,False,2.326e-10,7.205e-13,6300000000.0,0.0453,0x4c...a641,https://bscscan.com/tx/0x60525461d390070b2858528d023e1feccf6b709f52eede3f9706c4a5383d2417
2023-03-23 09:10:34,False,2.326e-10,7.205e-13,90017370550.0,0.6486,0xbe...1239,https://bscscan.com/tx/0x7789db98a5a6f685a3ba39aea52a5396e015e8199e4d97e0d272b06d1f643e42
2023-03-23 09:05:41,False,2.326e-10,7.205e-13,2869109940.0,0.0206,0x0f...e80f,https://bscscan.com/tx/0x9c9b108a6beb4c92733022a6ffc42ae8e601d2c676e5f199a4ebfd68af0a84a9
2023-03-23 08:56:54,False,2.336e-10,7.205e-13,3420000000.0,0.0246,0x24...b404,https://bscscan.com/tx/0xf98617f83b9390f3326b44592dcfb16f46d80bac44f32a951ef63965bd72386e
2023-03-23 08:56:45,False,2.336e-10,7.205e-13,7506535185.0,0.054,0x4d...7939,https://bscscan.com/tx/0xca3053fa03e5641400180ea5818c200755138c8f7b258c7ba86a0bcddf5767db
2023-03-23 08:54:36,True,2.346e-10,7.241e-13,26242790354.0,0.19,0x15...4042,https://bscscan.com/tx/0xd54c5355fde01c9ace7c7da5daaa8a6b31a87861180cf4bf344c521e703f4555
2023-03-23 08:47:45,True,2.334e-10,7.241e-13,100000000.0,7.241e-05,0xc1...14c6,https://bscscan.com/tx/0xd200b519972f7ced86ecb58d7cbfad897ed9aa80a0362cde2a7b5e07704762e8
2023-03-23 08:47:12,True,2.346e-10,7.241e-13,1000000000.0,0.0072,0xc1...14c6,https://bscscan.com/tx/0x03f2f5d2ad27f6794d5df8b08a6bf41cdf07b879f64518c7fff882ba09a127b7
2023-03-23 08:46:36,False,2.334e-10,7.205e-13,8052911516.0,0.058,0x20...5098,https://bscscan.com/tx/0x582645ba98c1595f43027ae583d987d176e7b1c3dbc74f09aabe50945bf4c916
2023-03-23 08:46:33,True,2.346e-10,7.241e-13,1000000000.0,0.0072,0xc1...14c6,https://bscscan.com/tx/0x345ba16cfde2326c887194e81dcff6dfabd53cfc3b455bc9af130fcc1fb23e47
2023-03-23 08:45:42,True,2.344e-10,7.241e-13,100000000000.0,0.7241,0xc1...14c6,https://bscscan.com/tx/0x2cab4efe8d9a482c3fca6c0ea7179885f7e85dc8ebb880031a1c0d10e18f2fc0
2023-03-23 08:44:53,True,2.344e-10,7.241e-13,3038008756.0,0.022,0x6d...cab2,https://bscscan.com/tx/0x39cf81c1d61af48b3fe7b35d31469a93637a39712570f46d29ac42838d3d573d
2023-03-23 08:44:04,False,2.319e-10,7.205e-13,6831405210.0,0.0492,0xc2...152e,https://bscscan.com/tx/0x2cf9af2af767ecd28030f2be49f857e4bf1482c9ab7ee3dcfc1ac5b5d28b80fd
2023-03-23 08:42:33,True,2.342e-10,7.241e-13,276180000.0,0.002,0x62...22fb,https://bscscan.com/tx/0x4f361dd014e183fdf8e9c93d1d5f9e47724d309d22896e58d8375fc2ad1dda13
2023-03-23 08:42:24,False,2.331e-10,7.205e-13,10161272776.0,0.0732,0xb9...52de,https://bscscan.com/tx/0x817a4dc64e98fdb96a444544e5da8afc4754350b45238fd703cbab33aed4bad9
2023-03-23 08:42:04,True,2.331e-10,7.241e-13,3736972238.0,0.027,0xbb...e1a9,https://bscscan.com/tx/0xffa544935662c51e79429a5d4e883b696320cec601c87f64daafbcf3cad03089
2023-03-23 08:40:55,True,2.342e-10,7.241e-13,25615953427.0,0.1855,0x42...e22c,https://bscscan.com/tx/0x4d981e3d39e39439a9294d6dc683d4dfc03a5e8924078ff0532a5c72d269ea83
2023-03-23 08:35:55,False,2.332e-10,7.205e-13,23925878669.0,0.1724,0x42...a041,https://bscscan.com/tx/0x3e950e2a4155c06d10e6c76581cd231c416c8a0cbaa089bb93ce202761aa1b9b
2023-03-23 08:35:25,False,2.332e-10,7.205e-13,4839755826.0,0.0348,0x7e...afce,https://bscscan.com/tx/0x7d400d1054a48a79e849f8315a335607a7e18c3d9b519e60c3f031c600a39b07
2023-03-23 08:34:04,True,2.332e-10,7.241e-13,12017658310.0,0.087,0xb1...4cf0,https://bscscan.com/tx/0x317c0f78a9a4d7a2c405fbba9cbaf7ca59f568de1bb6e45fb1bfa7f073b3a4c3
2023-03-23 08:31:58,True,2.333e-10,7.241e-13,9459734897.0,0.0685,0xbd...5f2f,https://bscscan.com/tx/0x0c8315a88f2b772ab3a96829000ac4ee2d61214a949541a6f2a7f039e1bde39d
2023-03-23 08:30:40,True,2.348e-10,7.241e-13,2209468842.0,0.016,0x73...0fc6,https://bscscan.com/tx/0x7f36dfe5ff97336ecee86e73cf43589679d2c8051e72d4cd183d2241da860690
2023-03-23 08:28:58,True,2.348e-10,7.241e-13,8285527466.0,0.06,0xfa...63e1,https://bscscan.com/tx/0x6ce4e2678f12268f6b60c14b0161ee5f7a0c89dc211fafcd18340f77f7d25aca
2023-03-23 08:27:58,True,2.347e-10,7.241e-13,9407306752.0,0.0681,0x5c...4dd9,https://bscscan.com/tx/0x89bf9171d0673c89679d2564ca02c55fec97cf5aef7455d1352b16e9cfd7da02
2023-03-23 08:26:31,False,2.336e-10,7.205e-13,12185902923.0,0.0878,0xa7...5f73,https://bscscan.com/tx/0x48fec4e6310e526375e767246c6ff5bbd7c766f415b1d302588d42a6bc426025
2023-03-23 08:23:13,False,2.338e-10,7.207e-13,1169986938069.0,8.43238,0xee...068c,https://bscscan.com/tx/0xdf06e1715f3dbdc55e723350e16f282958d4c1730fac4020231ed762e2839b87
2023-03-23 08:21:01,True,2.339e-10,7.245e-13,8441590773.0,0.0611,0x95...7f65,https://bscscan.com/tx/0xd9a0f817d44644c638fb2f5429e5e085133c23c7a33c7487ed6adf4248884178
2023-03-23 08:20:25,False,2.327e-10,7.209e-13,4034121356.0,0.029,0x04...f12e,https://bscscan.com/tx/0xfce772de3adf7927e5d6beef335ca8d60f241a9d80d3c2cdc3329e5e88673b2d
2023-03-23 08:17:10,False,2.327e-10,7.209e-13,40079596308.0,0.2889,0x0c...5697,https://bscscan.com/tx/0x21b139ae6cebcc002991963a7ebc938d69062e7eeed7a2f19cda912123f98697
2023-03-23 08:16:10,False,2.327e-10,7.209e-13,16379902747.0,0.118,0x35...aa91,https://bscscan.com/tx/0xf289f3dcd5681536cf88406be8e09e606d3e0b861655fb794124e42c951a5689
2023-03-23 08:14:37,True,2.35e-10,7.245e-13,2000000000.0,0.0144,0xb2...1793,https://bscscan.com/tx/0x47e43ef1e7bbb1216218b6313ce45232c5c711b25e17a27d4ff3a8f1625c9cc9
2023-03-23 08:14:07,False,2.327e-10,7.209e-13,372062332949.0,2.68252,0x06...ebaf,https://bscscan.com/tx/0xf10f4458352493a201ee9d1d4fb2baec446b507235b75298c4bce5d2123f05cd
2023-03-23 08:10:52,False,2.338e-10,7.21e-13,12462710882.0,0.0898,0x1c...d115,https://bscscan.com/tx/0x31e8e2a8c9b9a6c1e714893812d03e788cac3dd655b671ff212a51cf64d9507f
2023-03-23 08:07:01,False,2.339e-10,7.21e-13,144000000000.0,1.03834,0x9f...d3e0,https://bscscan.com/tx/0x8bc21f3994f01c7f79d6da08c67d6a5fd9ccc2213b691365461227b10be99413
2023-03-23 08:04:58,True,2.34e-10,7.247e-13,3600000000.0,0.026,0x70...6a66,https://bscscan.com/tx/0x2d718fcc5cad26428cdedf320d444283debc7447500b213094b645251e504592
2023-03-23 08:02:39,False,2.339e-10,7.21e-13,3086572556.0,0.0222,0xfc...bde8,https://bscscan.com/tx/0xfff4e81f653980c6edb011dc0da2372643004d6f1213348ed6e785fd4408bd78
2023-03-23 08:01:30,False,2.328e-10,7.211e-13,152758090689.0,1.10157,0x67...6233,https://bscscan.com/tx/0xb2fa89f68fe8d9f0feaac7568614a7e04a08e4df2cbd2166a25483779ee3297a
2023-03-23 07:55:30,True,2.339e-10,7.247e-13,100915677.0,7.314e-05,0x94...f199,https://bscscan.com/tx/0x90e83ee3c8f82a0dae449f25650e4f581aa1f7640ea2e1cd67e657f0c3041025
2023-03-23 07:53:21,True,2.339e-10,7.247e-13,413928173.0,0.003,0x89...7e7c,https://bscscan.com/tx/0x730e8f1be9a5be4d634189482a02cd0a185c0415dcef6b9623c981ad97b8b903
2023-03-23 07:52:30,False,2.327e-10,7.211e-13,32915384793.0,0.2373,0xce...4b0d,https://bscscan.com/tx/0x8643ea6c49229f4f0ae06bb7afe7a4f0eda7e86ee77a7d69a5ad449e1bf1b9b9
2023-03-23 07:51:54,False,2.327e-10,7.211e-13,837827608.0,0.006,0xeb...093e,https://bscscan.com/tx/0xac9f68354ddaaa2d5b1aff8aaeb56cbe854d9941b58afbd931ae6d179ce6e355
2023-03-23 07:49:03,True,2.35e-10,7.247e-13,130213663.0,9.437e-05,0x89...7e7c,https://bscscan.com/tx/0xfd8de4b3b95545486e9285a718c26b5b6a452176db209def28dfdecb3985caf1
2023-03-23 07:41:42,True,2.35e-10,7.247e-13,2403467246.0,0.0174,0x2d...0b00,https://bscscan.com/tx/0x9a12d02bb7997c68272a531c34118f212e97606a17a70501da38520a1b525c72
2023-03-23 07:39:15,True,2.349e-10,7.247e-13,16176824758.0,0.1172,0x25...5292,https://bscscan.com/tx/0xf7f18c0f3036fa71a8415f0d558f49bf526e82865099e4c4c84a4173c419e688
2023-03-23 07:36:15,False,2.337e-10,7.211e-13,923398591.0,0.0066,0x11...80c6,https://bscscan.com/tx/0xa085b93a22bd267f05921cf99ac2c574bc46f2738d5cbab21c84ba82208ebae0
2023-03-23 07:33:36,False,2.326e-10,7.211e-13,81000000000.0,0.5841,0x5a...33fc,https://bscscan.com/tx/0xb06d5ec4376680e8a217576d72dfc4b7f630754173e49d7138a19b017606aece
2023-03-23 07:31:06,False,2.337e-10,7.211e-13,3693594042.0,0.0266,0x11...80c6,https://bscscan.com/tx/0x835069b312fc2ee303c36e3dc1170677b10a07913a2807306a3b2c743a903bd5
2023-03-23 07:29:48,True,2.337e-10,7.247e-13,1737834251.0,0.0126,0xcd...e9e8,https://bscscan.com/tx/0x6f452cf61c84efe410fdc04a6ad71deb37eaaa1fc50cd957432f56b90b59cfcc
2023-03-23 07:26:21,True,2.349e-10,7.247e-13,15303908935.0,0.1109,0x78...51ec,https://bscscan.com/tx/0xd73350bdef090257d27dce56952a623da9fc3a8ea7d989b93c03c0025e3c0f8d
2023-03-23 07:22:27,False,2.333e-10,7.212e-13,564601525958.0,4.07225,0x64...5746,https://bscscan.com/tx/0xed52fbf9378e3b3cfa234068925d4943b3654e54c55b4eb5ae584bb49ed4c88a
2023-03-23 07:22:15,True,2.345e-10,7.248e-13,468960627187.0,3.39948,0xf8...31d1,https://bscscan.com/tx/0xee4dc400d9091704421ff299606998bb2e726a90c7dcc389109889dee4480414
2023-03-23 07:19:45,False,2.322e-10,7.217e-13,3387606782936.0,24.4498,0x64...5746,https://bscscan.com/tx/0x23b62d4e58dcf3783e655933e6efdb98ca61abf66219ac36a110a2dce9b6362a
2023-03-23 07:19:33,True,2.347e-10,7.259e-13,3099563447.0,0.0225,0xd8...3d20,https://bscscan.com/tx/0xff64ad7b172b6c042f0c00a5d4cf4b1d3d1e9bf7318d861c83aca744262a8349
2023-03-23 07:17:45,False,2.335e-10,7.222e-13,16210195708.0,0.117,0x88...867a,https://bscscan.com/tx/0x18f6ab9d8442d99b99adc891facc2c4c97cc99eaa0aae20d6cfbe833356d143f
2023-03-23 07:17:27,False,2.326e-10,7.23e-13,4516805795102.0,32.6571,0x64...5746,https://bscscan.com/tx/0xfe244ab925a80b18b115d0547123e561c27b155245032a7395bb479b397abc6c
2023-03-23 07:16:45,True,2.352e-10,7.273e-13,4251091033.0,0.0309,0x30...d3b1,https://bscscan.com/tx/0x885143fe8d09e40c5644ba10570003b745c4319781e970089770ed804885eada
2023-03-23 07:15:42,False,2.341e-10,7.242e-13,3011202403899.0,21.8077,0x64...5746,https://bscscan.com/tx/0xa55b3addcf615627165dd3a7b4984aa1f614b47b8b79f4e3349bc0dd5eca936b
2023-03-23 07:13:33,True,2.354e-10,7.283e-13,3386100001.0,0.0246,0xe8...af8f,https://bscscan.com/tx/0x32b53f86d90635b686f344a8c2567d2f6a2fb45556044981d2939de7d4ed8ea6
2023-03-23 07:13:12,False,2.331e-10,7.247e-13,43984800000.0,0.3187,0x18...1469,https://bscscan.com/tx/0x083ed163c3d92ebd499831761153c718aee3655e10ac9e0f54372f6157211fe5
2023-03-23 07:08:12,True,2.355e-10,7.287e-13,11855859175.0,0.0864,0xe2...ee7e,https://bscscan.com/tx/0xece88313bf96c2b8e624b93122c7f6bf5baf4e9e5541a9c64e93b88666456a0b
2023-03-23 07:04:18,True,2.351e-10,7.283e-13,2300000000.0,0.0167,0xab...5991,https://bscscan.com/tx/0x198655d7b53e5b6c992e500f2c36265f41209b93b15a56bc195356c3640cca84
2023-03-23 07:00:39,False,2.328e-10,7.247e-13,11161388491.0,0.0808,0xea...f137,https://bscscan.com/tx/0x7a78c135fedf15836fdac96406d6fea2efda74b7673f455a9bb27f121c214c44
2023-03-23 07:00:00,True,2.352e-10,7.283e-13,8171566835.0,0.0595,0x29...a462,https://bscscan.com/tx/0x0127158f3bd6ee71b84cbada177e0ef53097eace0643c152a7383f5b25cca138
2023-03-23 06:59:12,False,2.334e-10,7.267e-13,12498336309783.0,90.8293,0xb9...f731,https://bscscan.com/tx/0x9b14975d2dd8e37241b8b779dbf9973eaf7ab58a6ec659cc85f2aa0d288c9c75
2023-03-23 06:55:14,False,2.352e-10,7.287e-13,88200000000.0,0.6427,0xf4...eb3c,https://bscscan.com/tx/0x51181c73be224651d2ee1d4f161a8216181ebd291f67c430eab7c4c90ba7eba3
2023-03-23 06:51:53,False,2.351e-10,7.287e-13,91534277896.0,0.6671,0x80...eacf,https://bscscan.com/tx/0xe20cdff17a35f1afa5543938a5f5f2858f44aa15b3234734d91100fe21cb9c87
2023-03-23 06:50:50,False,2.351e-10,7.288e-13,18325941391.0,0.1335,0x79...62ea,https://bscscan.com/tx/0xfd17ed793027eb7f762afeae8511ed15600b851e62bc0c0dbda3d3d4e80112a6
2023-03-23 06:45:14,True,2.35e-10,7.324e-13,15928231114.0,0.1166,0xc8...9d00,https://bscscan.com/tx/0x04e17b9847394406e93c833bca72756ac728a4d577aa1493a215359139e06593
2023-03-23 06:43:29,True,2.349e-10,7.324e-13,34000000000.0,0.249,0x3c...2ad3,https://bscscan.com/tx/0x82a2ce24ea9eccf57e885a493952839a59dc455ca93a79e889d215abb8261cd3
2023-03-23 06:43:02,False,2.337e-10,7.288e-13,12031602606.0,0.0876,0xd6...e942,https://bscscan.com/tx/0x08875d0056574f7bbd23b5b24aab4c5dd1ffa22ad0054f8546abee0ddc417454
2023-03-23 06:39:37,False,2.355e-10,7.308e-13,12619631491890.0,92.2316,0xb9...f731,https://bscscan.com/tx/0x0e56612f2ad9227c5a350ac3080632181cd534c1a008a3259cf3c15a6abfb0e8
2023-03-23 06:39:19,True,2.362e-10,7.365e-13,8188364089.0,0.0603,0x58...23a0,https://bscscan.com/tx/0x889bb22900d90b580b15637bf617c351e2c70d3e0f1056bd8797dfc8b722446d
2023-03-23 06:38:58,False,2.362e-10,7.329e-13,90021054698.0,0.6597,0xd4...8e5e,https://bscscan.com/tx/0xb41c3dce1dca3707230372fbbdcb6718eaab07c5569d9b36f044ad24a703f59b
2023-03-23 06:36:40,True,2.374e-10,7.366e-13,4629258766.0,0.0341,0x01...722c,https://bscscan.com/tx/0x7c03a60bef204eae87a95530b30585edb69dff21b9b6e71b1c4aae640a95fa16
2023-03-23 06:35:10,True,2.362e-10,7.366e-13,42702438757.0,0.3145,0xeb...fd86,https://bscscan.com/tx/0x0c9730942d16cf953e9224f6f8533d0d125ba22adada875797852b636c8f8d38
2023-03-23 06:33:04,False,2.368e-10,7.349e-13,12357970138251.0,90.8256,0xb9...f731,https://bscscan.com/tx/0x2e8d52dfebde0ab586965ffd90f31bffb637ddd79d8c02bd2276314c303de632
2023-03-23 06:32:46,True,2.374e-10,7.406e-13,3735360001.0,0.0276,0xe8...af8f,https://bscscan.com/tx/0x511899689a51d103937ef8a2532d56181d7fa77e50ea4cbd213918178f9fcd68
2023-03-23 06:32:25,True,2.386e-10,7.406e-13,300000000.0,0.0022,0x3c...2ad3,https://bscscan.com/tx/0x300eaac7ecd1159d8a593ba8c8c472b51d15d22eb057e4c00076981ac41e9918
2023-03-23 06:31:10,False,2.374e-10,7.369e-13,88200000000.0,0.65,0xf4...eb3c,https://bscscan.com/tx/0x6b4d5a253e2c13a0af29627a70482be349ccfb8592e6b665213fbb2982333838
2023-03-23 06:31:10,True,2.386e-10,7.407e-13,5000000000.0,0.037,0x8a...3c93,https://bscscan.com/tx/0x59aa967e10c11e1c8d15c026093f51e9b6879f306831c03793f767ad96f1c617
2023-03-23 06:30:25,True,2.386e-10,7.406e-13,158952895505.0,1.17734,0x79...62ea,https://bscscan.com/tx/0xab136da387512e0de86555c046d6f297c38558af839107bb12265f618f6b6f01
2023-03-23 06:27:22,False,2.362e-10,7.369e-13,48814612948.0,0.3597,0xfb...09b7,https://bscscan.com/tx/0x6fed40089ab40fe799c80520c9e27d9f8a7427a211b5f09ed11913ace0f08dd6
2023-03-23 06:26:22,False,2.374e-10,7.37e-13,573315758451.0,4.22574,0x84...03bf,https://bscscan.com/tx/0x7803fd9e48592dc50f7edd3376a5f8645247198df0e82a641979a9dd5e01c61a
2023-03-23 06:25:03,False,2.369e-10,7.389e-13,10926017324549.0,80.7406,0xb9...f731,https://bscscan.com/tx/0x233a05c0dd2781a257c8efd2f529dec7ee61e00389cb06c9f8b46809a5decfc4
2023-03-23 06:24:53,True,2.386e-10,7.445e-13,14070140381.0,0.1047,0x4e...d1b0,https://bscscan.com/tx/0xc65dc3fbc0bdb03c1de1d47360e76e5a8787512046af52ec5a64e09425997221
2023-03-23 06:24:02,True,2.398e-10,7.444e-13,43435828820.0,0.3233,0x4e...d1b0,https://bscscan.com/tx/0xb161c6eacbee169714b26d96a51ca2853fb9a620ae300663724b687f80301202
2023-03-23 06:23:53,False,2.386e-10,7.407e-13,42393920704.0,0.314,0xeb...d5cf,https://bscscan.com/tx/0xc4f44725723409b903656fa553585967993ac9e6b920c920adf7e0418db1b182
2023-03-23 06:22:19,True,2.386e-10,7.444e-13,7387542583.0,0.055,0x1c...c591,https://bscscan.com/tx/0xc2286f55abd692e78da8dd68e0c005730ecd6ade96e64a53114e3435818250ac
2023-03-23 06:21:53,True,2.398e-10,7.444e-13,4714630001.0,0.0351,0x41...4a7a,https://bscscan.com/tx/0x3d09e11c1c7d432a2dfcabf42024d7e35b94e3c60e717bbe586ed26f7d31ce4f
2023-03-23 06:19:38,False,2.373e-10,7.407e-13,14597476957.0,0.1081,0xff...9f3a,https://bscscan.com/tx/0x763dc4eb8f30a822e145ee54a7633dd3fdf330a5e8ccfc924b5a890735a04f75
2023-03-23 06:18:53,True,2.386e-10,7.444e-13,7203149122.0,0.0536,0x1c...d281,https://bscscan.com/tx/0x32253981b8c7890afbe72c012130a6d57b71388a0ae4ed062efc31b2a4c21cb5
2023-03-23 06:17:53,False,2.374e-10,7.407e-13,912866132.0,0.0067,0x12...69a7,https://bscscan.com/tx/0x2b3a1cca86ae66d47b2cd92475c2f0d2c68f6c228bbdfed5f35bad7be8b79bb1
2023-03-23 06:13:50,True,2.385e-10,7.444e-13,2072290000.0,0.0154,0xca...1c8a,https://bscscan.com/tx/0x5c2b64d69f9c90242e21b1f2255a099f50a63d23ca4b00b39e9b8286a745698a
2023-03-23 06:12:11,False,2.373e-10,7.407e-13,89574031282.0,0.6635,0xf4...eb3c,https://bscscan.com/tx/0xcd024c34065dfe0e17836fb189f36b327630026ab09d8bc5337214bd7412eb34
2023-03-23 06:10:44,True,2.398e-10,7.445e-13,5971281698.0,0.0444,0x25...5292,https://bscscan.com/tx/0x372f16993aa336e7864198cad090e2be3488dfeae9f3f87e4d441d2df7ebd4dd
2023-03-23 06:10:11,False,2.374e-10,7.408e-13,43970957782.0,0.3257,0x51...4050,https://bscscan.com/tx/0x0f45cdd84f40fe53f8547c3f490e0320ef3d5f584a5bcb59363a59063235380d
2023-03-23 06:06:53,False,2.386e-10,7.408e-13,11157034605.0,0.0826,0x11...96eb,https://bscscan.com/tx/0xa83de5bd052bbecfb0353992bce8d386d15d8c73560d66c02a2cba4623ed2483
2023-03-23 06:03:41,False,2.386e-10,7.408e-13,23897291608.0,0.177,0x57...e1d2,https://bscscan.com/tx/0x52be7b8f99f274fabea3cd6833626003db4fda3e5533b4afca5aa0a58f7a1432
2023-03-23 06:00:14,True,2.396e-10,7.445e-13,402927893.0,0.003,0x26...ffe0,https://bscscan.com/tx/0x191c74b0629263cde1ac0edfee8514c0fe2305d763e2c732d656fd4769ca58e3
2023-03-23 06:00:08,False,2.384e-10,7.408e-13,60569083947.0,0.4487,0x76...4504,https://bscscan.com/tx/0xe1735816734250e1b468e14a63ab06f465e50f27b1eba610e15ef1c09b13b09e
2023-03-23 05:58:56,False,2.386e-10,7.408e-13,3197442438.0,0.0236,0xc9...ed59,https://bscscan.com/tx/0x1d8d5b7e22effbe5aaf34264b89fc5362882355d966e577258eb3db28224e1c8
2023-03-23 05:58:35,True,2.398e-10,7.445e-13,26861093.0,2e-05,0x26...ffe0,https://bscscan.com/tx/0x3fea26ac55f5c9de03a922423b0cf740d7cbe01ec43049ca063907a3283afec1
2023-03-23 05:54:41,False,2.374e-10,7.408e-13,19705064636.0,0.1459,0xc9...c040,https://bscscan.com/tx/0xeb41eca33265a702153a0b3efcefc976bae2d555d5310a45caacbcfcdc6e8210
2023-03-23 05:54:29,False,2.386e-10,7.408e-13,37072580692.0,0.2746,0x75...2dc6,https://bscscan.com/tx/0xdf8b46a79b8b9c3c97d9902265d569f43f30b7d21fa5f7aa1e296d498fafb0ed
2023-03-23 05:53:23,False,2.386e-10,7.408e-13,1485237443.0,0.011,0x14...ee97,https://bscscan.com/tx/0x83e2ba3c6efb7cc056f3ba42f5597e9a53d216288e6e89e613149e07f0fa0d62
2023-03-23 05:52:20,False,2.374e-10,7.408e-13,67903844444.0,0.503,0x39...ee8c,https://bscscan.com/tx/0x0b1a16a13633ee6965ff59c6969fa6a6f12ac32f6f78ca67a3c74a49a130ad77
2023-03-23 05:47:35,False,2.374e-10,7.409e-13,93604726138.0,0.6935,0xc4...431a,https://bscscan.com/tx/0xc8859a97406def2d2ac3038e99ae886423f38e65e08e1bd9e7c5ea3e03108eea
2023-03-23 05:46:59,True,2.385e-10,7.446e-13,134296281284.0,1.0,0x5b...fc46,https://bscscan.com/tx/0x737ef38103550fa985120634730138af3f0a3cd964edd8b21ce13fb6a35b41c3
2023-03-23 05:46:11,True,2.385e-10,7.445e-13,1739995346.0,0.0129,0x5e...e4a8,https://bscscan.com/tx/0x1599b1de36144831a987b41bf575d7948686ab28b3cce730a5089e5ee45847ae
2023-03-23 05:40:17,False,2.385e-10,7.408e-13,74889242937.0,0.5548,0xa1...0980,https://bscscan.com/tx/0x689ce56688d954d1f2b667657989f35c9eef853a51f9bee8b210d26baf3acfb0
2023-03-23 05:38:56,False,2.385e-10,7.409e-13,29704292238.0,0.22,0xd5...8e26,https://bscscan.com/tx/0x96d2954d96caab961585f98549a475ae29efd13d63454b471540d0f986183122
2023-03-23 05:38:23,False,2.373e-10,7.409e-13,27040584764.0,0.2003,0xf3...ed23,https://bscscan.com/tx/0x646eef7198ed092c26f6d19204d330772830bb1134f5d2c6ecc240b6d7b93358
2023-03-23 05:33:29,True,2.385e-10,7.446e-13,5830252930.0,0.0434,0xe6...8b61,https://bscscan.com/tx/0xc7dd9a81d1627345b69e1cac98e4cdfe681210cb74bf35d8e91cfb788e1db2c0
2023-03-23 05:31:53,True,2.396e-10,7.446e-13,33573468035.0,0.25,0x48...7dce,https://bscscan.com/tx/0x1951c00269f17a0110afde108395b77b06f942d58f3ad43cbd2da0532583f445
2023-03-23 05:29:47,False,2.371e-10,7.409e-13,18617938121.0,0.1379,0xc5...30c3,https://bscscan.com/tx/0x3dc2f6ada7594a543c0bedae33fb33844914f6e1e582f76c90fbf1281028fbf9
2023-03-23 05:23:06,True,2.383e-10,7.446e-13,12355060588.0,0.092,0x02...d0fc,https://bscscan.com/tx/0xd3d54a0806f35b48c839651cba24cca3093252f166d9114de5e961f0af8639f6
2023-03-23 05:20:54,False,2.383e-10,7.41e-13,900000000000.0,6.66957,0xc2...c746,https://bscscan.com/tx/0x425d6e3681cacf8c2bd793bdcbc5048406fce7ca83ccb0a28524970aefdc99ff
2023-03-23 05:19:49,False,2.384e-10,7.412e-13,176674746224.0,1.30959,0xd6...e942,https://bscscan.com/tx/0x436eb9412ae8207a42192cba138eb6cfb70dfa4199f31e37ab2f410ba8769d46
2023-03-23 05:17:40,True,2.392e-10,7.449e-13,20293380277.0,0.1511,0xae...032e,https://bscscan.com/tx/0xa1a01afc0c576dd13a33e7363477cb082b4ffb4edc53ff59a38fedc2e308ef2a
2023-03-23 05:16:34,False,2.369e-10,7.412e-13,5758040902.0,0.0426,0x76...fc1f,https://bscscan.com/tx/0xd0ffe9e715b60352910a365511e62a7fb396ccbec113758644f2eac9ff33b539
2023-03-23 05:12:28,True,2.382e-10,7.449e-13,46981168545.0,0.35,0x60...d507,https://bscscan.com/tx/0x42e087b7eeaab51c8dfa2e2e573fe0da540555cf82db0ab30f2b5b89039db08e
2023-03-23 05:11:34,False,2.369e-10,7.412e-13,75139562419.0,0.5569,0x05...7dcb,https://bscscan.com/tx/0x7c5f35c6ca47992a457c6287871fedc4ed9293a7f16c755378feca0a51264939
2023-03-23 05:11:10,False,2.37e-10,7.412e-13,10530603422.0,0.078,0x51...89ea,https://bscscan.com/tx/0x3c344964c6e6d0270fab50ae1744e16ace9a200fb6d24428a9f2715303061e54
2023-03-23 05:08:49,True,2.394e-10,7.45e-13,98521111.0,7.339e-05,0x6a...fb07,https://bscscan.com/tx/0x83b001e43c6aff91c784ad2442de620313ab8a40fdbc27f39c76d6df7cf4899b
2023-03-23 05:06:07,True,2.394e-10,7.449e-13,9049880000.0,0.0674,0x1f...4f4f,https://bscscan.com/tx/0xee74e70fdf36075de99cccb6a7372136d354573104f2b3bea965e5c8bce167fd
2023-03-23 05:05:55,True,2.395e-10,7.449e-13,9315137590.0,0.0694,0xaf...2f9d,https://bscscan.com/tx/0x74e6100f46872a2341265f759f87a2e7b614d295bddf13cade7f6a96c3565fc3
2023-03-23 05:03:28,True,2.381e-10,7.449e-13,45318950762.0,0.3376,0x1f...0de9,https://bscscan.com/tx/0x2e3eff930f5ac9912c1a2b1d1418be841ca2b7c7820ec35cd9a2511f7ada6535
2023-03-23 05:02:25,True,2.393e-10,7.449e-13,14427200001.0,0.1074,0x42...9546,https://bscscan.com/tx/0x0708fcf17449cc422bb4900760eed82e9cee0cbeef3e9469d8bfe31b53c6400e
2023-03-23 05:02:04,False,2.381e-10,7.412e-13,17667199693.0,0.1309,0x3d...a8a3,https://bscscan.com/tx/0xce60fe0b1587c0a5d1be20eece34c8a7dc6a926e0289804297834fb7f7989460
2023-03-23 05:00:55,False,2.379e-10,7.412e-13,5926647501.0,0.0439,0xa5...50c1,https://bscscan.com/tx/0x45482a349213c1457892916e7606efebee49421846b77d07b73225d059c8aa84
2023-03-23 04:58:19,False,2.369e-10,7.412e-13,4079527979.0,0.0302,0xfa...63e1,https://bscscan.com/tx/0x5043e63227419747c5de00cbfb6def0dfcd39a6868893fc6075d941465743a2c
2023-03-23 04:57:07,True,2.394e-10,7.449e-13,1580810649.0,0.0117,0x1b...0c12,https://bscscan.com/tx/0x51a51aa49ef0c8528ffdad85c718dfdfecb3550a4a758d775118df0df7e779b7
2023-03-23 04:54:13,False,2.381e-10,7.412e-13,56623597798.0,0.4197,0xae...6f50,https://bscscan.com/tx/0xcf57d8ec8553e7b2fff8736e6f7f03642c2def71c6182176698e86d56c4c95aa
2023-03-23 04:54:01,True,2.381e-10,7.449e-13,14765118669.0,0.11,0x64...d3d1,https://bscscan.com/tx/0x88226d56039958b8dc9f0d3d1f7cd787576056460e7d03995e947632b62a80da
2023-03-23 04:52:01,True,2.381e-10,7.449e-13,20671178331.0,0.154,0x2c...0e8f,https://bscscan.com/tx/0x90320ded29a5e2a0315bbb2e7529326a1156af610ad72890bd3a89fce639b340
2023-03-23 04:51:04,True,2.381e-10,7.449e-13,10000000000.0,0.0745,0x36...f284,https://bscscan.com/tx/0x0d77b0157d637755adf3449e004c0265f5271419ec90e3825df604c949c05908
2023-03-23 04:48:31,True,2.392e-10,7.449e-13,1550000000.0,0.0115,0x85...206e,https://bscscan.com/tx/0x9df3415e50cc25c0d0d871e18549ea984b42af367bf937ac255880668defa4bd
2023-03-23 04:43:01,True,2.391e-10,7.449e-13,6277441159.0,0.0467,0xfd...5649,https://bscscan.com/tx/0x4ca815a294e649dffd4658883bc29a3f406a72fc703d2a9af1385fb590f19768
2023-03-23 04:41:16,False,2.366e-10,7.412e-13,40039902939.0,0.2968,0xab...5564,https://bscscan.com/tx/0xc93901db4444d93f2ae71c744f9647bcf3aec4f18869c29b69744e282b1dae90
2023-03-23 04:36:19,True,2.387e-10,7.449e-13,7393474226.0,0.055,0x82...1ec0,https://bscscan.com/tx/0x17ce85a99257632a8101af06c9a24c51200e104269bbdd35664ed70e8d63d8f6
2023-03-23 04:33:43,False,2.375e-10,7.412e-13,5052416306.0,0.0374,0xc8...3f1c,https://bscscan.com/tx/0xce4c017263da0d2b754c31590c0e8ab0502ee42da7f98f6d25b33b9a8a7e383c
2023-03-23 04:32:31,True,2.387e-10,7.449e-13,158082069647.0,1.17766,0x32...f9fa,https://bscscan.com/tx/0x5b8f52799b6c8dab1e1129c59fd611b077c7f0183eaa05e5a6327e2eca818f90
2023-03-23 04:30:40,False,2.374e-10,7.412e-13,10336554743.0,0.0766,0xc8...3f1c,https://bscscan.com/tx/0x2cd0f3f3dab1c813b9c5045ae2884a8c3d15c17578371e91fae458aa82f73487
2023-03-23 04:30:10,False,2.374e-10,7.412e-13,37491561777.0,0.2779,0x17...6284,https://bscscan.com/tx/0x2afb569d4af59637d580d2c9379a893f86d131e52138df9ac51800e8b43a1701
2023-03-23 04:19:34,True,2.39e-10,7.449e-13,5888028117.0,0.0438,0x99...8a1b,https://bscscan.com/tx/0x81430c34d18d5f987de0508b7630fe60a0ff3d17cbddcd836892071af1d16f2d
2023-03-23 04:14:46,True,2.39e-10,7.449e-13,10838082144.0,0.0807,0x00...4947,https://bscscan.com/tx/0x9cc0a81dcd43767f2484d3279a8c08b27fca49a3cbd9b16f356e868a59ea84b0
2023-03-23 04:12:55,False,2.366e-10,7.412e-13,2665039487.0,0.0197,0x70...1d02,https://bscscan.com/tx/0x0a312589186906bfe3f2689ef77eea297d81aae71728d1b963247265b1e2b0a0
2023-03-23 04:11:28,True,2.39e-10,7.449e-13,6000000000.0,0.0447,0x6b...4670,https://bscscan.com/tx/0xae49f99811abfb23c7448cf5abeed77324ecb3ed1e28e07628f6a2f7cd4a34ce
2023-03-23 04:08:25,True,2.39e-10,7.449e-13,141381488.0,0.001,0xf6...fbc5,https://bscscan.com/tx/0xe289f5a23c09628314de75d80caba3b65345bfe2408a0f938c3bb05a5878ec2b
2023-03-23 04:06:46,False,2.366e-10,7.412e-13,26966791751.0,0.1998,0x1a...eeb6,https://bscscan.com/tx/0x7f331a2309201f8f396dfd84960cbb1efbe3acd419314f3753c7394906128ddf
2023-03-23 04:05:52,True,2.377e-10,7.449e-13,13423552265.0,0.1,0xf6...fbc5,https://bscscan.com/tx/0x94a2f5fa846384ca2d499fb489cd5fe97fa9256cb69e0ac8f5dbd7349fc37dbe
2023-03-23 04:01:07,True,2.389e-10,7.449e-13,536943776.0,0.004,0x5d...64fb,https://bscscan.com/tx/0x709f54a41f6547d43b1b17e176b87f3b033760dc71a77864c8d1d17e23a31370
2023-03-23 03:59:40,False,2.364e-10,7.412e-13,7924897173.0,0.0587,0xfc...b510,https://bscscan.com/tx/0x7c57a5dcfadd9001d9d1686b5ac12363813f03a5fb523f2d9fed02eb1b219158
2023-03-23 03:56:25,True,2.386e-10,7.449e-13,8859559531.0,0.066,0x5b...2843,https://bscscan.com/tx/0x75805134014ecaa3d35dffb9b68da2cf52a161ff57c206e1d8ab1046865d8fb9
2023-03-23 03:55:58,True,2.386e-10,7.449e-13,2276860000.0,0.0169,0xa2...8cb0,https://bscscan.com/tx/0x908ead64fe4474684f64db6f8c1968427b292365b7a5bbe0d8526ef7d9713165
2023-03-23 03:54:52,False,2.363e-10,7.413e-13,813610114072.0,6.03187,0xcf...f956,https://bscscan.com/tx/0xea7e5eb9f400a0cf03349d2273c2d97d591b570589201db1eb906c043a6ff289
2023-03-23 03:52:22,False,2.364e-10,7.415e-13,13458763928.0,0.0998,0xc4...f798,https://bscscan.com/tx/0xb9eb0e71fe7a74987128635296659c7c2d5348dd278a16a38d4e24cbe47e4eaf
2023-03-23 03:46:55,False,2.377e-10,7.415e-13,57462355258.0,0.4261,0x4e...f70f,https://bscscan.com/tx/0xc0ef28f54f2ff97c380525a9fcafb5747f6340ddb306a0859ca772cad7fc3941
2023-03-23 03:46:28,True,2.389e-10,7.452e-13,78723183710.0,0.5866,0x18...4006,https://bscscan.com/tx/0xb73c59f731526b5242a1988a4ae80ed265ca98b5e2db1202a500ca4830acb953
2023-03-23 03:43:28,False,2.377e-10,7.415e-13,298515573358.0,2.21365,0x59...b119,https://bscscan.com/tx/0xc142e49139c345f160f7b2c6eeeacff0e642b52ce7f5559c4b831533cbf6cf76
2023-03-23 03:37:10,True,2.389e-10,7.453e-13,7781851540.0,0.058,0xf0...1e9c,https://bscscan.com/tx/0xd5e538ce6481d6cccaa24a4af4e7a4246b841b98b56690f6768adb80d1b2bbda
2023-03-23 03:37:07,True,2.389e-10,7.453e-13,4464999311.0,0.0332,0x71...3e87,https://bscscan.com/tx/0x00710f19843560f46ae1cb59201c506a4ce101692571cffd9c6d714c71b58f7e
2023-03-23 03:33:04,True,2.388e-10,7.453e-13,3060717885.0,0.0228,0x15...4042,https://bscscan.com/tx/0xe23f22db670792b615f34327d62e71067351dbcc2dd310bf3776e534a5826066
2023-03-23 03:32:52,False,2.377e-10,7.416e-13,159556388762.0,1.18331,0x0c...8d74,https://bscscan.com/tx/0x83a705681456d3ef40d435ac74eed23b462a94e534653c1335ef4ee80aadbead
2023-03-23 03:29:22,False,2.375e-10,7.416e-13,119908395462.0,0.8893,0x55...74a3,https://bscscan.com/tx/0xac19c95a614eda7857705b86b7e15408a2a2d64cfcea43b66296edfb75b64fdf
2023-03-23 03:27:55,False,2.367e-10,7.417e-13,208485808062.0,1.54639,0xce...0727,https://bscscan.com/tx/0xb3ef646ad0cbf66bcbb6c5da5b084b708050bc07b75bbcaf3bda41c8bb1c80ab
2023-03-23 03:22:37,True,2.393e-10,7.454e-13,937564586.0,0.0069,0x15...4042,https://bscscan.com/tx/0x5006ff5b194a778008902de539479ca6337bc64f789e9469b923cfef1775a22f
2023-03-23 03:18:52,False,2.37e-10,7.417e-13,25889029974.0,0.192,0x20...da2a,https://bscscan.com/tx/0x2b047455f80d18b2489530271e7d17218a87d43f6ab50237e3dd4f8923f210e0
2023-03-23 03:17:04,False,2.381e-10,7.417e-13,180034608631.0,1.33549,0x01...c05c,https://bscscan.com/tx/0x5f5df04445cf3d06c8f687d05a069b3a4a5bb824cbdbd440bbcef48675628a51
2023-03-23 03:15:55,False,2.382e-10,7.418e-13,49827795778.0,0.3696,0xae...b6b5,https://bscscan.com/tx/0xbab3f1a5e825f138a613d5d394ca02cd8b6a11e324068e8a9340d8e3cb11854c
2023-03-23 03:13:58,True,2.393e-10,7.455e-13,41773673913.0,0.3114,0x4b...53be,https://bscscan.com/tx/0xcd85c23519d1e0f9c9aa9cc46de9e36e303c9e514037496009422405d35af868
2023-03-23 03:13:22,True,2.393e-10,7.455e-13,120718768910.0,0.9,0xda...8b1c,https://bscscan.com/tx/0xf6ced8f3a5b8a352dbc790f68326a3fdc2f7cafd96638f3e7095d05f5dced206
2023-03-23 03:12:07,True,2.393e-10,7.455e-13,53654891519.0,0.4,0xab...f9b6,https://bscscan.com/tx/0x2af3e75c47eccd63713b9051dba43960cc026e48bde8cba90104670ad799a893
2023-03-23 02:58:12,True,2.38e-10,7.454e-13,32367400000.0,0.2413,0xf0...c7ff,https://bscscan.com/tx/0xb519a54549af94cf9c562e80dac39af289162793e369bc3ba8e59055234f9c5f
2023-03-23 02:53:42,True,2.38e-10,7.454e-13,3292780965.0,0.0245,0x03...3799,https://bscscan.com/tx/0x41e2a91fb747bf8a14bd185af4380380b022dd0d0977109c2a128698faf1586a
2023-03-23 02:52:39,True,2.392e-10,7.454e-13,2603071000.0,0.0194,0xd4...a09f,https://bscscan.com/tx/0x0c16c6e08342bd764e085070539046601886d9e0ac6a9876fd0dc9b0f73a9502
2023-03-23 02:51:00,False,2.369e-10,7.417e-13,83444819398.0,0.6189,0x25...f9ef,https://bscscan.com/tx/0x8389360c827e93a9679191ce408ca365ddadf28daddaaee16a6e9172fb6e7fd5
2023-03-23 02:50:51,False,2.382e-10,7.42e-13,1509887775394.0,11.204,0x99...bece,https://bscscan.com/tx/0x6477a533d73fa43c31096b3a28287b12ada2046625f4fcd353b4d45d5354b6a4
2023-03-23 02:49:21,True,2.395e-10,7.46e-13,1073234847.0,0.008,0x83...0804,https://bscscan.com/tx/0x37bdc3df89d4885fdeddfb8eaa2174497ee43788de37398992dbce30169eb555
2023-03-23 02:49:00,False,2.384e-10,7.422e-13,36096155982.0,0.2679,0xc3...e0d5,https://bscscan.com/tx/0x8379ee425d1a3aeb3819937060c311c1c7ed42361d49d99b0f927c3e6aa8f853
2023-03-23 02:47:51,False,2.372e-10,7.423e-13,609027873.0,0.0045,0xfe...630d,https://bscscan.com/tx/0xcac3a460d93ea4110c926bc01701ed793e09cdb0fcfe8eb626552c1e6196ebcf
2023-03-23 02:43:39,True,2.383e-10,7.46e-13,7305940000.0,0.0545,0x95...178e,https://bscscan.com/tx/0xbd20772e1c530ec9cb1cf40ae44c20425795312a4bd5f675d31ae3dc1244e152
2023-03-23 02:41:18,False,2.385e-10,7.423e-13,2503755787.0,0.0185,0xb4...94dd,https://bscscan.com/tx/0x84cdd5223848f33a6b5622adb1ae426644d86fc0e0bb8512e0dc55c8deedf8e5
2023-03-23 02:40:00,True,2.385e-10,7.46e-13,33523057612.0,0.25,0x48...7dce,https://bscscan.com/tx/0xfd78a10fa4953faed8084023b12b76f6cd7d35f3ff2e086bb9c3523d7f69c095
2023-03-23 02:37:36,True,2.385e-10,7.46e-13,9383194278.0,0.07,0x87...ea58,https://bscscan.com/tx/0xcab03606ca0046b1506577bd406528d616475e164aa00ffabf489387228ce22d
2023-03-23 02:36:36,True,2.398e-10,7.46e-13,68360993345.0,0.5099,0x25...5292,https://bscscan.com/tx/0xf079ba8f2287da5338ba8179863aca8d3f94e1c2f3eef4802c956ff1fb372604
2023-03-23 02:32:54,True,2.385e-10,7.459e-13,14530519640.0,0.1084,0xec...0df6,https://bscscan.com/tx/0x3bda91349ad05de21ae56fa02df406bba834e9bb27e2991f2c7bfd4b583e02f9
2023-03-23 02:32:42,False,2.374e-10,7.425e-13,1953254157174.0,14.5046,0x30...b3fb,https://bscscan.com/tx/0x6603e4412f737aa695eec6005e53f5c005de163e22704939c76b9060779e74fe
2023-03-23 02:28:15,False,2.388e-10,7.429e-13,5205414084.0,0.0386,0xaf...428f,https://bscscan.com/tx/0x912124a5f0eab5ac86b4cf425444e9dc01948ab988d3b9a2b2ec9027577be9b6
2023-03-23 02:28:09,True,2.4e-10,7.466e-13,14371910819.0,0.1073,0x15...4042,https://bscscan.com/tx/0x2c5c4208cb3ea9df49e912bf45ad557d6497b802bc79c009af538e77d9a5bb90
2023-03-23 02:28:06,True,2.4e-10,7.466e-13,9861247941.0,0.0736,0x8e...691c,https://bscscan.com/tx/0xd7368cf6c336c19e2289a1157ee81984a6a8c0bbb8cf2d1f64bfaaf0165434a8
2023-03-23 02:27:33,True,2.399e-10,7.466e-13,4238710724.0,0.0316,0x66...559e,https://bscscan.com/tx/0x948b30ab8c0ec6090e29ba6dd8f21134e3dedf80cd2bafd3bbce036314e5077f
2023-03-23 02:26:15,False,2.39e-10,7.436e-13,4529657649260.0,33.6853,0x99...bece,https://bscscan.com/tx/0x25186038641fa6a3725d82a20699722ba1cb2225ea5548dbf1fcd70a92bc2493
2023-03-23 02:25:57,True,2.404e-10,7.481e-13,205691040581.0,1.53882,0x25...5292,https://bscscan.com/tx/0x63d675234bdf88c4e0f5a36381bc7441c60be5597fcc3fc6f5766ac1a9392f6d
2023-03-23 02:24:39,True,2.404e-10,7.48e-13,2367953869.0,0.0177,0x59...f4b7,https://bscscan.com/tx/0x82481749d944daa47cce737df6bc6d885eb76489f6e92c829b9c2bcb144d5dd8
2023-03-23 02:23:57,True,2.391e-10,7.48e-13,2937497947.0,0.0219,0x59...f4b7,https://bscscan.com/tx/0xf615b2034c3c132a7c6d7fab5ccc6c57e0662f17bdcea514d5cfcdbaf196575f
2023-03-23 02:23:30,True,2.392e-10,7.48e-13,2397554726.0,0.0179,0x8b...8bd2,https://bscscan.com/tx/0x1d08b96456508ecab2237d105d5290e3e7cd52f64a22b90179df9634fff34795
2023-03-23 02:23:24,True,2.392e-10,7.48e-13,2432785817.0,0.0182,0x59...f4b7,https://bscscan.com/tx/0x66a938ae62ab9b7d7adb56b88a08342f7ee422c8830821df93995c19df1eaa56
2023-03-23 02:23:00,False,2.381e-10,7.443e-13,17100000000.0,0.1272,0x8d...d00c,https://bscscan.com/tx/0xf97e4490faf697e67abef3ed2479496822a1262847e31e4ca1840bef5d675f31
2023-03-23 02:22:57,True,2.393e-10,7.48e-13,48614500000.0,0.3636,0xa1...0e97,https://bscscan.com/tx/0x8a5b60fc1ae059ca8c6b17390b97f778d344ff9dc007cd299a3325397db6cd6f
2023-03-23 02:21:51,False,2.381e-10,7.443e-13,26604642410.0,0.198,0x51...51a8,https://bscscan.com/tx/0xcc2a37934296c39bf9cca51220f613b378861ac2e987de6e6404d3079bbdb631
2023-03-23 02:21:21,True,2.405e-10,7.48e-13,16966200000.0,0.1269,0x56...229e,https://bscscan.com/tx/0xad988ce05660dae1e7df9328bca25ba36a59d4e0644669f2d365482065390768
2023-03-23 02:21:18,True,2.405e-10,7.48e-13,22566734033.0,0.1688,0x7d...0f59,https://bscscan.com/tx/0xc485d9d95b04d9a6bb1555f12b95b3793562e4667faf3facc5186103ba7c9012
2023-03-23 02:19:00,True,2.405e-10,7.48e-13,27256636050.0,0.2039,0x92...58c0,https://bscscan.com/tx/0xf87e8a9e326eef903ccb289e55e144d4e787d62e903ab5e13b4651913bfcd02d
2023-03-23 02:18:36,False,2.393e-10,7.443e-13,3840721628.0,0.0285,0x80...206b,https://bscscan.com/tx/0xde235298467fce302ddc0ace535a392719d27da98eb8a90be729d0576efefe70
2023-03-23 02:18:27,True,2.405e-10,7.48e-13,4785463572.0,0.0358,0x66...559e,https://bscscan.com/tx/0xcd4cf7d41be56479f90a80dcd185a2913758bfdfea5af42ba50a25020de2ad6e
2023-03-23 02:17:09,False,2.393e-10,7.443e-13,1310226044.0,0.0097,0x49...d9dc,https://bscscan.com/tx/0x831e349fd65b79b3a3e4608ee70d65efdd91f900bb54182f38d43715c66b6772
2023-03-23 02:12:09,True,2.395e-10,7.48e-13,521215.0,3.898e-07,0x23...cd05,https://bscscan.com/tx/0x8f081e03e7354601730780f036fdb84e85e3d37a576b1d9646828c81818cad7f
2023-03-23 02:08:27,True,2.398e-10,7.48e-13,5764930001.0,0.0431,0x2d...44f7,https://bscscan.com/tx/0x259bf2e8ebdc8b12eeac9f071de48eb3db7cea0eb9cbce1b7c0422525e9e1378
2023-03-23 02:06:33,True,2.398e-10,7.479e-13,713176668408.0,5.3341,0x22...9ee5,https://bscscan.com/tx/0xe9acf429b9183085cf7986391fe7f4df6858247c38cac55b5461dd7b7f9eae8d
2023-03-23 01:59:45,True,2.409e-10,7.478e-13,133722834.0,0.001,0x1d...01e7,https://bscscan.com/tx/0x1c5dc585ca3083c5db966a90269d6f91c73acfd106f4c8ce769cdd90de392065
2023-03-23 01:57:38,False,2.397e-10,7.44e-13,6570726912.0,0.0488,0xb7...aac7,https://bscscan.com/tx/0x49b1666acdfaf06eb2cae5125bea43a825ace2c056fa65b69e08aea3bb3cec75
2023-03-23 01:52:03,True,2.397e-10,7.478e-13,1528586924.0,0.0114,0x15...4042,https://bscscan.com/tx/0x8ac75cea616f70448ff911abbee38ac83a42e65646b9175e341780fccca31759
2023-03-23 01:47:32,True,2.397e-10,7.478e-13,1104117163.0,0.0082,0x51...f632,https://bscscan.com/tx/0x4caacc7e93ab521ff71ad96545b73b6e04232a41221e636621c86badef884b2c
2023-03-23 01:44:50,False,2.397e-10,7.44e-13,12916676482.0,0.0961,0x77...d697,https://bscscan.com/tx/0x0a70fff312bcca8de89f3b55f260e5da2c1727a33f68db58f61f8ece2b820b2a
2023-03-23 01:44:35,True,2.408e-10,7.477e-13,613032613420.0,4.58375,0x5a...ea8a,https://bscscan.com/tx/0x5eb09f30bb62a57e29f87693ff60bb687fa8c32080191bdf3575611b60a7d5e3
2023-03-23 01:43:32,True,2.396e-10,7.476e-13,4715595472.0,0.0352,0x73...27b3,https://bscscan.com/tx/0x0d53c99b2a8d6a02bfa60e9e3d28b692173be83b6339d148383cfb0ff87b1d77
2023-03-23 01:41:47,True,2.396e-10,7.476e-13,4423243155.0,0.033,0xa0...8254,https://bscscan.com/tx/0x745782d2a86276965d6da232f6813b78a887ea11cb87067811540924838b4e28
2023-03-23 01:40:59,False,2.397e-10,7.439e-13,450000000000.0,3.34779,0x29...c512,https://bscscan.com/tx/0xefd214e44ebc5ecefa16191c15e3e5bde052005ea579c0824563ccabc465779d
2023-03-23 01:39:26,False,2.397e-10,7.44e-13,1630091089.0,0.0121,0x9b...5315,https://bscscan.com/tx/0x3d6d6c4e022a470a2866f1a1eff590560be1862c2dbf9b5dc28ec0aa9ea7d087
2023-03-23 01:36:21,True,2.408e-10,7.477e-13,2674645169.0,0.02,0x7b...4018,https://bscscan.com/tx/0x0289b811bec667557560b634384cd2c09f7da04943d64ebf9c0263dcbeda064c
2023-03-23 01:36:03,False,2.385e-10,7.441e-13,900000000000.0,6.69761,0x29...c512,https://bscscan.com/tx/0xab658d644a97dc67e527dcd6a703d89fb31882ce9b8c1b198dbe840cf3d575d3
2023-03-23 01:36:00,False,2.385e-10,7.443e-13,4500000000.0,0.0334,0x7b...85fb,https://bscscan.com/tx/0x77e3828d64ce0f247e23f1461478d0fcc15b21750c9ed2f122bf589ea118c161
2023-03-23 01:24:57,True,2.406e-10,7.48e-13,3915398369.0,0.0292,0x71...c259,https://bscscan.com/tx/0xf81b0d11bff7e59b962749582c45ffe904ecbe8af151bdea9ddafd18db52083d
2023-03-23 01:18:56,False,2.393e-10,7.443e-13,250183628637.0,1.8623,0x24...be03,https://bscscan.com/tx/0x5caf38e8f5c7b8a0526c3c5a8e0139913e61022ff63099ab80aa78116acecb9e
2023-03-23 01:15:05,False,2.381e-10,7.444e-13,450834323820.0,3.35641,0x4f...abd7,https://bscscan.com/tx/0x852d4c17e34e4014b2e2e46c8df582f13a096d93d88ea33ca5e647c683634b63
2023-03-23 01:14:41,False,2.381e-10,7.445e-13,10298801790.0,0.0766,0x65...9208,https://bscscan.com/tx/0x7512b4bf63971b7ed5f96ef2e3f9b03ec1158c8f51f2a1ff4cdc1ab18c9b98b7
2023-03-23 01:12:20,True,2.394e-10,7.483e-13,534541630.0,0.004,0x33...cd2b,https://bscscan.com/tx/0x1006fcfc1bb062f36b4059480fcd899cde5df1248a029b173bfb13487952a3e6
2023-03-23 01:12:17,True,2.394e-10,7.483e-13,19789537801.0,0.148,0xec...0df6,https://bscscan.com/tx/0x4709490cfde63ba87ee7d0c5299c88382400ecde49fad62264c3eb6a076b0acd
2023-03-23 01:09:53,True,2.395e-10,7.482e-13,5746381970.0,0.043,0x34...c1b4,https://bscscan.com/tx/0x3e6f976f193f7b6373779355ba213503a3cbd716b05c4af60b26ade9a29a7d7f
2023-03-23 01:08:26,False,2.395e-10,7.445e-13,1957748812.0,0.0145,0x0f...429b,https://bscscan.com/tx/0xe488d6d871e14dce5af7bdbda2cddd40614bd737a4971308b4fdd14d63904f1d
2023-03-23 01:05:32,True,2.409e-10,7.482e-13,1336368856.0,0.01,0x33...cd2b,https://bscscan.com/tx/0x459b8a5a76ca38680d7a1d43f3237c7bf7bfd91658f10068bebd724b6c9512f0
2023-03-23 01:05:08,False,2.397e-10,7.445e-13,652582937.0,0.0048,0x0f...429b,https://bscscan.com/tx/0x1dba1c04ec0eab112bc8e7e68bce17fb864d0fe65a005ad838eaf37fbea1e1a8
2023-03-23 01:02:17,False,2.386e-10,7.445e-13,10126387907.0,0.0754,0x4e...b219,https://bscscan.com/tx/0x599c91870330c0c728d50b557ff701746a41b14f8729e906fa8bd1555891d4f4
2023-03-23 01:00:53,False,2.399e-10,7.445e-13,48753042711.0,0.363,0xf9...3aae,https://bscscan.com/tx/0x643c0938722941d9e2e56a28a649567b2f7171ffa72590d8a64dbff849c0c08b
2023-03-23 01:00:14,False,2.399e-10,7.445e-13,97262969816.0,0.7242,0xbf...ae52,https://bscscan.com/tx/0x83b770fe24bef770adf6658c006226b120af21627c73ac9da4d36f07322158da
2023-03-23 01:00:11,True,2.411e-10,7.483e-13,56124260210.0,0.42,0x02...2b37,https://bscscan.com/tx/0x72ca5fb19ae1520b169c82886391096ba3272fa23751e0176a9e611b132b6a80
2023-03-23 00:56:02,True,2.41e-10,7.483e-13,21157295783.0,0.1583,0x25...a84d,https://bscscan.com/tx/0xfe492711e3eab99e52f6199afbf9a33ec67076f36745243dd14058d26f02c8f7
2023-03-23 00:55:53,True,2.398e-10,7.483e-13,11079980255.0,0.0829,0x88...955a,https://bscscan.com/tx/0xdd47fa6d9a93998b7603a79e7d9bf62f3fae64f7bcec0b2d29063cd3cc47e9ce
2023-03-23 00:54:11,True,2.411e-10,7.483e-13,12026986824.0,0.09,0x78...577c,https://bscscan.com/tx/0x50cdadd69c19136e30ce08f09dcfc2c2160177c27585320761263425d9acb9a7
2023-03-23 00:49:38,True,2.398e-10,7.483e-13,4009010100.0,0.03,0x62...0502,https://bscscan.com/tx/0x5c32dc89cf5672106ad685be3805be76423b68dc847cefc86266d9c272702e71
2023-03-23 00:49:32,False,2.386e-10,7.445e-13,32420981565.0,0.2414,0xbf...ae52,https://bscscan.com/tx/0x54255c124b52af0d1ef233aecf85a2f808fe2fb22833d2ecec7481526a9b197c
2023-03-23 00:48:26,True,2.41e-10,7.483e-13,33190049895.0,0.2483,0x48...7dce,https://bscscan.com/tx/0xb0e0ed16476a175820a9fc04ddb0441a34b2a4e49e08164a843eeae2f1dcbdd1
2023-03-23 00:48:05,False,2.386e-10,7.445e-13,29292624087.0,0.2181,0x9e...c3d9,https://bscscan.com/tx/0xcdf187c7abd6a89267c7d230bd7d2112b20c7c1e060765311d6f7a093729e192
2023-03-23 00:44:53,True,2.411e-10,7.483e-13,672615798.0,0.005,0x6e...7427,https://bscscan.com/tx/0xd2a56b11032a1f93c7af72085ba5da9ac5d1bc91208d29d66757963ae2609c8e
2023-03-23 00:44:50,True,2.411e-10,7.483e-13,6416590781.0,0.048,0xbe...9b24,https://bscscan.com/tx/0x942af3b1bd5fa12e5d6edb04178e09bc67d73f0c3204ad8805ba9bb1d0dc343c
2023-03-23 00:44:32,True,2.411e-10,7.483e-13,775564603.0,0.0058,0x15...4042,https://bscscan.com/tx/0xfe8ec9d29b91c7bbd14941f415bb1e9effb4c29e4133ccb7272c53ae296f6908
2023-03-23 00:44:08,True,2.399e-10,7.483e-13,9226032546.0,0.069,0x1a...8241,https://bscscan.com/tx/0x0a9fdb0c3d87d32d3215c168c6ea529d2fedb07e2a36198cd28d1eebd97f0026
2023-03-23 00:43:44,False,2.387e-10,7.445e-13,51783015212.0,0.3855,0x81...f731,https://bscscan.com/tx/0xfdb86114854593c2a175ce63646753d2c8913998edd4289af8fd1ae21d96ea24
2023-03-23 00:43:35,True,2.399e-10,7.483e-13,400000000.0,0.0029,0xd2...1de7,https://bscscan.com/tx/0x1a4517f619f15b351caf2233bbaf379351e00ada8e57a1ab1e24e0add1797d5b
2023-03-23 00:41:04,True,2.4e-10,7.483e-13,700000000.0,0.0052,0x19...07b4,https://bscscan.com/tx/0x4c34cfb06baa280aa0acd5fa8989d7a131c8bd248522183ab82ff0d15c47cf40
2023-03-23 00:37:05,False,2.401e-10,7.446e-13,96113553788.0,0.7156,0xf7...e2cf,https://bscscan.com/tx/0xfa43d048be36397d54024eda6134977c5d25b88ebd267d290398113da2ea0d41
2023-03-23 00:36:45,False,2.389e-10,7.446e-13,16026982908.0,0.1193,0xe6...6e50,https://bscscan.com/tx/0xc5ddfd0209ece99dd81220418af0ca7c134056a97bc578ff91d2f2eb415591c1
2023-03-23 00:35:03,True,2.413e-10,7.483e-13,1020400000.0,0.0076,0xd0...26fd,https://bscscan.com/tx/0x6be1e0105bbcdf48d5830950069d394daab60b07a495ed03a18aa27212f4a884
2023-03-23 00:33:45,True,2.399e-10,7.483e-13,22996703381.0,0.1721,0x7f...5a1c,https://bscscan.com/tx/0xacfc902649813485cebe0031b4820345f14a32f86c500047aba3098edb3a72e1
2023-03-23 00:28:55,False,2.399e-10,7.446e-13,31299500831.0,0.233,0x8a...32f9,https://bscscan.com/tx/0x99a51d8aba49287bfa5911670bfd49c21bb1e3c2350fdcff955d3bbfda955b14
2023-03-23 00:28:43,True,2.411e-10,7.483e-13,15352257729.0,0.1148,0xe7...6d2f,https://bscscan.com/tx/0x573c299b92a8f6507d232d99bb4fd0edba0240bb5911091379fcde431b7782aa
2023-03-23 00:28:13,True,2.398e-10,7.483e-13,100175921.0,7.496e-05,0xdd...c5c5,https://bscscan.com/tx/0x31916809b1d25b76ac4ea448c28368805caaa409acdf950e3ca05ff2072410fc
2023-03-23 00:26:19,True,2.409e-10,7.483e-13,19565645072.0,0.1464,0x92...ef40,https://bscscan.com/tx/0xc304d6ef6b98e390c4efd6064dc9f1a3eb83e430ecbff744e4226eb6659cc45b
2023-03-23 00:26:16,True,2.409e-10,7.482e-13,415085925938.0,3.10606,0x5e...b1a3,https://bscscan.com/tx/0xe45e0f82749d03aaea6808f4d0d108dfb14138f808c32782928a1210576e004d
2023-03-23 00:25:13,True,2.409e-10,7.482e-13,17005629435.0,0.1272,0x29...ab8d,https://bscscan.com/tx/0x55eba2e7ee47d4849f9629fe1f2cfde92511aeda26f600d525b1eb5f6e58a6ed
2023-03-23 00:24:16,False,2.397e-10,7.445e-13,446626623473.0,3.32538,0xcb...a50c,https://bscscan.com/tx/0x90060dfe8a08b9cccd5898affac5ea4ed25bed7f2e561b22cc47d234be00a2ba
2023-03-23 00:23:28,False,2.385e-10,7.447e-13,900000000000.0,6.70303,0xc2...c746,https://bscscan.com/tx/0xd7ce7975b3268c49d262c5614b91b34a5277aaa216f969453670508e8b51f5b2
2023-03-23 00:22:40,True,2.41e-10,7.486e-13,4047176956.0,0.0303,0x91...cde6,https://bscscan.com/tx/0xf492af9249f2d43df72abc4c3360c9c54f6d2d3c9643b1fc78644d1cc7b7bfbf
2023-03-23 00:17:42,True,2.398e-10,7.486e-13,6149410565.0,0.046,0x25...37b6,https://bscscan.com/tx/0xce0ad9c6144143191ef2a365845d910b651857383e1103d157a9ee6ca039292d
2023-03-23 00:16:52,False,2.398e-10,7.449e-13,27758929071.0,0.2067,0x7e...256f,https://bscscan.com/tx/0xa087dab34465b3ecd002f29f3c6f39f96e867a4357fcfe6e457768f70250bdbe
2023-03-23 00:13:49,True,2.41e-10,7.486e-13,2278634208.0,0.017,0x60...9cf9,https://bscscan.com/tx/0xfa1edd05a49b968f9dcb29d1b6117ecc1b273a193791c3c8c64364d9cff3a8fc
2023-03-23 00:12:55,True,2.41e-10,7.486e-13,6000000000.0,0.0449,0x6e...3c3c,https://bscscan.com/tx/0x3f63a006d675f54c75402c0bb9d0eed96f4814da0d1e2b53355f6339d839575e
2023-03-23 00:12:01,False,2.385e-10,7.449e-13,87263381429.0,0.65,0x74...5af1,https://bscscan.com/tx/0xf31a8d36cb9f486fbed4acb6bcbca4691b7bc4ac415a331dbe206c592d739abe
2023-03-23 00:11:22,False,2.385e-10,7.449e-13,68400000000.0,0.5095,0x77...3610,https://bscscan.com/tx/0x33513a862d9f4d96c80694966c9d59100b1fa8d9c2825c861c11bdf5459236de
2023-03-23 00:10:25,False,2.386e-10,7.451e-13,900000000000.0,6.70625,0xc2...c746,https://bscscan.com/tx/0x3fb3ce595079e12f4603791ec59e93c37c145fb837df04ea87e5b665510757a2
2023-03-23 00:10:04,True,2.41e-10,7.49e-13,30000000000.0,0.2247,0xe7...6d2f,https://bscscan.com/tx/0xb6ec3b15d6ccb12ba838f037116997f68cd9b349289e150fdc247e36c4a94a4a
2023-03-23 00:09:13,False,2.398e-10,7.452e-13,4909342640.0,0.0365,0xde...2e7c,https://bscscan.com/tx/0xf81fba1e68fcdae3d8b2da095915e02667195830ddb03390a730cf13850f88e1
2023-03-23 00:07:01,True,2.41e-10,7.49e-13,41628117784.0,0.3118,0x3a...a92e,https://bscscan.com/tx/0x10cda2ac8284471e253064c059103b6c48c9cee1bfd0f2d37354228513861e59
2023-03-23 00:06:22,True,2.398e-10,7.489e-13,44369815462.0,0.3323,0x15...4042,https://bscscan.com/tx/0x6887b9a057caa0f6c4a5ee2431f4cd8c1f06e6287a259dc42185ec3ef4786567
2023-03-23 00:05:55,False,2.386e-10,7.453e-13,360000000000.0,2.68312,0x86...7e05,https://bscscan.com/tx/0x84db7aa85789c670797181320affcc231d16f0f9588f872cec83d66a35bd01d9
2023-03-23 00:04:04,True,2.41e-10,7.491e-13,3158330000.0,0.0236,0x11...3e64,https://bscscan.com/tx/0x93417d253c754e1726b8e2ab1e9cb51484097ada8309fc1b28f98774db742c85
2023-03-23 00:03:19,False,2.398e-10,7.453e-13,1817755512.0,0.0135,0xc6...017d,https://bscscan.com/tx/0xe1aa5ed8a11670cedfffde868a6c841a29c8e47c21f60b48be338dd47ba0e40a
2023-03-23 00:03:10,True,2.41e-10,7.491e-13,6856544304.0,0.0513,0x90...e876,https://bscscan.com/tx/0x19e3469cbb96e9355079dc815b8aeed61b5e92e3d55200eb3739db036dac95db
2023-03-23 00:02:16,True,2.409e-10,7.491e-13,2417436032.0,0.0181,0x90...e876,https://bscscan.com/tx/0x65f376fb6ea455625ea8e9eb9b1b14c4e789082ec7667d45916fcc0fc7ca7510
2023-03-23 00:01:52,True,2.397e-10,7.491e-13,54568477165.0,0.4087,0xe1...3bf7,https://bscscan.com/tx/0xcf160597d571b1ce2b6a3d6d4a16ad72bd4e9ce1a68ff88b71700ce0cdc46bcd
2023-03-23 00:00:49,True,2.409e-10,7.49e-13,92593857167.0,0.6936,0x43...7c01,https://bscscan.com/tx/0x5ea7231afd109827546b2d40ec0c7ed57cfc2ce13cf258ae50ccab6b506a734b
2023-03-22 23:58:49,True,2.409e-10,7.49e-13,7463610638.0,0.0559,0xe2...9210,https://bscscan.com/tx/0xbbc68025e264140e49e01728f46edea208fd7ac1e2873a468d6ed9c98ea00fa2
2023-03-22 23:55:26,True,2.406e-10,7.49e-13,4626788778.0,0.0346,0x90...e876,https://bscscan.com/tx/0x292d1de2e84e736d305175d5b4d57b7e88ec6da797d8905861e28bd048813fc0
2023-03-22 23:54:41,False,2.394e-10,7.453e-13,13722294543.0,0.1022,0xa0...760b,https://bscscan.com/tx/0x40bc8f82f381c885629d74d55cdae6ce52b615db56c7609139bbedfb8627e63c
2023-03-22 23:52:56,True,2.404e-10,7.49e-13,340348000.0,0.0025,0x3a...4c89,https://bscscan.com/tx/0xb12cd499ad190bc50deb68223876fab537129ff5d84fba168c20c276782be3c2
2023-03-22 23:52:17,False,2.379e-10,7.453e-13,19061039204.0,0.142,0x8a...9fac,https://bscscan.com/tx/0x0e6909ab163fcd292c46827c10800face81967bedcb6701e0470f496445e7cb7
2023-03-22 23:51:11,True,2.403e-10,7.49e-13,4353109911.0,0.0326,0xf0...33c5,https://bscscan.com/tx/0x88bb4838146b8c7f9b7d3438a3a0171867d7bc6146d1025278363f4e1c8baa1c
2023-03-22 23:50:23,True,2.403e-10,7.49e-13,14443309180.0,0.1081,0xdc...a7d3,https://bscscan.com/tx/0x6d0371f73a630a74f814c8ca42242321dac8c995d1a10e660115c8da10c36cba
2023-03-22 23:49:35,True,2.391e-10,7.49e-13,37764387050.0,0.2828,0x4d...163f,https://bscscan.com/tx/0xb72e6598f8307c54391410a9eedf6c65b519705b1b74670cf873383cbd34b147
2023-03-22 23:48:35,False,2.392e-10,7.453e-13,107796938480.0,0.8034,0x44...8439,https://bscscan.com/tx/0xd84cc0a780bf6842d4c91b7a5eac824c3be1e61a1607e529cd53803469582359
2023-03-22 23:47:56,True,2.391e-10,7.49e-13,3610623490.0,0.027,0xc9...4518,https://bscscan.com/tx/0x476ba18aef132eff5b1652c580646f94496a0ea80e3d8ec1144b20c77a3bc9a8
2023-03-22 23:47:05,False,2.391e-10,7.453e-13,18000000000.0,0.1341,0x6c...2c94,https://bscscan.com/tx/0x7c77ac3199498bb07002610376edea7d6932808ac728e213ade0ea74abccf418
2023-03-22 23:46:17,True,2.391e-10,7.49e-13,1334955081.0,0.01,0x47...691e,https://bscscan.com/tx/0x640959e2b54e201be712e887cf2821da5156e177c6bb6a4cf63a869f606d8712
2023-03-22 23:46:11,True,2.391e-10,7.49e-13,6674787479.0,0.05,0x72...3582,https://bscscan.com/tx/0x8d8dd8acc40205950b6dac0706d9f36c111018e746bbfc9c415b164f33d0fcab
2023-03-22 23:45:53,False,2.391e-10,7.453e-13,97593284649.0,0.7274,0xab...3475,https://bscscan.com/tx/0x31c8318a23058a12e79f11369b858fdf2aea6a3c16d8c5f072bbaa964c2cc70c
2023-03-22 23:45:50,True,2.403e-10,7.491e-13,6674514308.0,0.05,0x72...3582,https://bscscan.com/tx/0xb0e6f40677fd120be40c94b7457e550618b3266d398dde422842c496ed2e30d5
2023-03-22 23:45:11,True,2.391e-10,7.491e-13,16597736728.0,0.1243,0x3a...b88f,https://bscscan.com/tx/0x12b2312494d5903baa1ef2efa4c89f96ae6bafc1bad112ae5d16c4d6c87a2c62
2023-03-22 23:43:53,False,2.379e-10,7.454e-13,523995850986.0,3.90617,0xf8...d779,https://bscscan.com/tx/0x08ec0b111a09ef34e4519707790e87f57a7410298068b0a2f32f1ea07a552c65
2023-03-22 23:40:17,False,2.392e-10,7.455e-13,121756442998.0,0.9077,0xe4...4784,https://bscscan.com/tx/0xf3ba99c8d48dc6a48cc8de239c690ba72e36c1febdd97ed488c641b01302545e
2023-03-22 23:37:41,True,2.392e-10,7.493e-13,14004444982.0,0.1049,0x69...0f26,https://bscscan.com/tx/0x5dd66f682fd696159d3beb5ca58578f6991fd2994b94f010082a608b7ff340ea
2023-03-22 23:36:20,True,2.403e-10,7.493e-13,19217390698.0,0.144,0xb3...5af7,https://bscscan.com/tx/0x5e2b53748d78cd6201aeff8b1738c12887284f226d1f45e0e2b4bc343db5a3da
2023-03-22 23:36:14,False,2.391e-10,7.455e-13,10916420527.0,0.0813,0x8e...7a02,https://bscscan.com/tx/0x8d140de960146d17d05c623328610ea4dd7afe756feae2db4d77d881cc2c69fd
2023-03-22 23:35:38,True,2.403e-10,7.493e-13,24000000000.0,0.1798,0xb6...b0ff,https://bscscan.com/tx/0x0fc07b1d48c7aadf90ac486a264c9115cf4b450dbf7b380914ab97cb5b77b45a
2023-03-22 23:31:53,True,2.402e-10,7.493e-13,25356684618.0,0.19,0x54...3e6e,https://bscscan.com/tx/0xd67b927bf275f68e794d1177f1283bb129e39266092cd436ae201db0376e59da
2023-03-22 23:30:38,False,2.389e-10,7.455e-13,11172413166.0,0.0833,0x2a...ab38,https://bscscan.com/tx/0x770b4acafb9086f380d0a27009eda25d857a506c277f6bc513bfc69f42923744
2023-03-22 23:23:21,False,2.376e-10,7.455e-13,1620000000.0,0.012,0xc6...e516,https://bscscan.com/tx/0x033e0f0ec533b38d276a203d069a61d4262c99587b291bf0aeac020ec20509ab
2023-03-22 23:21:27,True,2.394e-10,7.493e-13,18244003473.0,0.1367,0xce...3f2b,https://bscscan.com/tx/0x6bcb2bb2e24aa635e66d05958bf9806830eb586af81dc74b8a4b500f6b8633f6
2023-03-22 23:19:57,True,2.394e-10,7.493e-13,14647733597.0,0.1097,0xaa...48bf,https://bscscan.com/tx/0x2851103dacf71655ef58e333b4a5505e316cfa23182303945f2aadaf1d759c7b
2023-03-22 23:17:57,False,2.383e-10,7.455e-13,113262016329.0,0.8444,0x37...2df1,https://bscscan.com/tx/0x447473c84ef5f4d16d4b2639906a0f61003afb22966b4e5a0e263d0df856d865
2023-03-22 23:15:45,False,2.387e-10,7.456e-13,112091460487.0,0.8357,0x79...5c53,https://bscscan.com/tx/0xaf52331aa8ede14705e24e5f6042321d3dc95e05c095c7eefd200b5bc71a22ae
2023-03-22 23:15:12,False,2.387e-10,7.456e-13,45011881194.0,0.3356,0x23...de09,https://bscscan.com/tx/0xff986f1e013164cf2d1a9f9ae6f69f1991c8f24022cbdebcf68ef657b1eeabac
2023-03-22 23:13:57,True,2.411e-10,7.493e-13,40032951247.0,0.3,0x2d...212c,https://bscscan.com/tx/0x6e62e10e66f1de2c789cfad02761fd876fe99999cc60249f2422b1dd626662e9
2023-03-22 23:13:57,False,2.399e-10,7.456e-13,64395000000.0,0.4801,0x86...e33d,https://bscscan.com/tx/0x6a9d4c838f555484c07a23381e686d728f0e43c68c8c8017053142c5c8b48c01
2023-03-22 23:13:48,True,2.398e-10,7.493e-13,2000000000.0,0.0149,0x15...1127,https://bscscan.com/tx/0x530ff006c83883ca4d70ed16fbb9fd98aafe1e30ca25b42e74d762295d0ac917
2023-03-22 23:13:27,False,2.387e-10,7.456e-13,8763191757.0,0.0653,0xb3...6fdd,https://bscscan.com/tx/0xc262f8875e70f15bd037fde1875771a412d99b4dc16f99bbf77c56783f2a2f61
2023-03-22 23:11:36,True,2.398e-10,7.493e-13,7795205389.0,0.0584,0x23...40ed,https://bscscan.com/tx/0xa29473db977c2ed3a2c7ced4231cf5abffcaa20965823cb80a995eec36d8c59d
2023-03-22 23:08:00,False,2.397e-10,7.456e-13,1051512059.0,0.0078,0x27...9ba8,https://bscscan.com/tx/0x008ca8a37a84a36fc722406fbdddf099d7a8b3250d3023ad45a582d5de035e27
2023-03-22 23:07:12,True,2.411e-10,7.493e-13,50194400000.0,0.3761,0x1f...4f4f,https://bscscan.com/tx/0xcab1e69219b1017ff63f18468e216980ac4210cabf3139c846acfa5d2dd46fb5
2023-03-22 23:07:03,False,2.399e-10,7.456e-13,13665235935.0,0.1018,0x2c...d2ef,https://bscscan.com/tx/0x94cfbb278852ace11397d9ca4a820f7967e896792dbf5d67ee616b72197ede6d
2023-03-22 23:06:33,False,2.399e-10,7.456e-13,6822792059.0,0.0508,0xa7...008b,https://bscscan.com/tx/0x3bc2c13c9448fb1656c6d6bb305fcc0db79afac7d81e84b68dbd90fa4e9bd3bc
2023-03-22 23:03:36,True,2.412e-10,7.493e-13,21284148998.0,0.1595,0x2d...212c,https://bscscan.com/tx/0x7ece7dd56e4e27d75203cedf4404a65d9cd3f9662e0e65aad3d492e547f2b60c
2023-03-22 23:03:03,False,2.388e-10,7.456e-13,180657730512.0,1.34711,0x52...dedf,https://bscscan.com/tx/0xe4ff529836c18df6a36647a87dfab3c2037e235466683af080f1c019139f44b4
2023-03-22 23:02:51,True,2.4e-10,7.494e-13,36818131408.0,0.2759,0x15...4042,https://bscscan.com/tx/0x83c189e234afe7f4c4f19b6a6d5dab4dcfeedbb761bfbb6b17e735887c512dd2
2023-03-22 23:02:24,True,2.4e-10,7.494e-13,5000000000.0,0.0374,0x8a...3c93,https://bscscan.com/tx/0xecab84f42f9171dea6d342b659d66c6698d952eb44c1c09aadf2b2814d67434f
2023-03-22 23:00:21,True,2.413e-10,7.494e-13,775367811.0,0.0058,0x15...4042,https://bscscan.com/tx/0x7f980551ad461ab4241d0d58506c2f6f77a7684c4368fc0d444ff0ddc14c656e
2023-03-22 22:59:06,True,2.413e-10,7.494e-13,5003081825.0,0.0374,0xaf...70c7,https://bscscan.com/tx/0x3695a2aa9f01b9349210883fba7f19060aa6253b9e9395c2b6754f0f53969db9
2023-03-22 22:56:24,True,2.414e-10,7.494e-13,83503928326.0,0.6257,0xf7...5132,https://bscscan.com/tx/0x3801f349d45d54d251a961db7c3b16bfdaccd3ac747fa8e077b9b1d190d0a7aa
2023-03-22 22:52:48,False,2.389e-10,7.456e-13,92664510017.0,0.6909,0x61...2f7c,https://bscscan.com/tx/0x5b2457dbe0c25dace104e64e8928281bbfb47bc86d909894883fb82dff60d611
2023-03-22 22:52:39,False,2.401e-10,7.456e-13,8010000000.0,0.0597,0x90...9982,https://bscscan.com/tx/0x9e13e12c237dabde141f7bf57b7f1d1f521b293c9d97498c954a07cd8ab3e378
2023-03-22 22:50:30,False,2.401e-10,7.456e-13,6202136718.0,0.0462,0x79...12c4,https://bscscan.com/tx/0x3c0d83024be65e59f9dc6476f097542ece2bc29c9e2ef5d465bb183b88a6c8c9
2023-03-22 22:48:39,False,2.401e-10,7.456e-13,16455622983.0,0.1227,0xcd...339d,https://bscscan.com/tx/0x5dd6f92944d327c096482363a0a0be47cb0a6120203aae0ecfbbd400f16dfd93
2023-03-22 22:47:59,True,2.401e-10,7.494e-13,7632392864.0,0.0572,0x7f...95cd,https://bscscan.com/tx/0x9037fb18443a8cf1839244550bdc3e7c69a6977869723fb71010cfbeaffcd3c3
2023-03-22 22:46:29,True,2.413e-10,7.494e-13,15451726470.0,0.1158,0x25...d0a5,https://bscscan.com/tx/0x1a0c2b5280bb65832999deb5501cf55439411803dfb818e3759a3677265ee72d
2023-03-22 22:45:38,True,2.401e-10,7.494e-13,6138000211.0,0.046,0x2d...cc5b,https://bscscan.com/tx/0x9ff333eb31a6536334a5d865ede5306fed9a7803ed68dec50e7791d10c923f5d
2023-03-22 22:44:32,True,2.4e-10,7.494e-13,888888888.0,0.0066,0x7b...ba7b,https://bscscan.com/tx/0x5e66dce13c7ba5e2df8ca9344093f471a7733d9e92c56ee139dd598e157007e2
2023-03-22 22:41:35,True,2.404e-10,7.494e-13,17735565790.0,0.1329,0xa9...ecd0,https://bscscan.com/tx/0xa194f2c1fa6066f8074a3898581e99837159baadf9bd97cdddd0bd6728a06efd
2023-03-22 22:40:35,True,2.417e-10,7.494e-13,61429743188.0,0.4603,0xde...79b0,https://bscscan.com/tx/0x4c70a00c9008b335b7ad530db65e001452c890da444d150cbc4c4c8ffa645c32
2023-03-22 22:39:02,False,2.395e-10,7.456e-13,4554123276.0,0.0339,0x40...c25c,https://bscscan.com/tx/0x271f557416328fdb96a8aec7c3d9393e6dc91a39848bf7fd971594567c248b8e
2023-03-22 22:38:59,True,2.407e-10,7.494e-13,1594545406.0,0.0119,0x15...4042,https://bscscan.com/tx/0xba862977e773b419ba83a910fe0a89eb38a6a61b6b05fa3b8a852c73ddf6d4fd
2023-03-22 22:38:32,False,2.407e-10,7.456e-13,20585997000.0,0.1535,0x73...d6ad,https://bscscan.com/tx/0x3aab6080203dd701c94e7da606d8bddba5f2d3aa724e5092a7240eaf5fb492cd
2023-03-22 22:37:41,True,2.419e-10,7.494e-13,8580298633.0,0.0643,0x9f...a0ce,https://bscscan.com/tx/0x7d955f9912990a77dda0fab9c4df7f84dd7d2224350351ff8c5450dc87c38bf4
2023-03-22 22:35:41,False,2.393e-10,7.456e-13,3585227218.0,0.0267,0x1b...c1df,https://bscscan.com/tx/0xbfba28c829dc6cf506695472bb1c8e783cec458427edbcc126a924122bfb122a
2023-03-22 22:35:02,False,2.407e-10,7.456e-13,49596121647.0,0.3698,0x3b...47d8,https://bscscan.com/tx/0x31d075d27fd482bb537f8671894dfcca2a2d2d1a3a94918a5a78521d3ca9c1dd
2023-03-22 22:34:02,False,2.407e-10,7.456e-13,17023352731.0,0.1269,0xd7...04dc,https://bscscan.com/tx/0xe7a56efef788cf3c9a89efc2a88f29c7241c3f0fd2928b142e3ad92996bee85f
2023-03-22 22:33:44,False,2.395e-10,7.456e-13,67540578792.0,0.5036,0x09...a4c4,https://bscscan.com/tx/0x2e68b1dbd66eb0643ba76918aa0096a7595f855c00fbda20ba3911a4998eb739
2023-03-22 22:33:17,False,2.407e-10,7.457e-13,10061222629.0,0.075,0x93...b328,https://bscscan.com/tx/0x9ab48de0d1c0fb444710b9d6239feec035bbec0b0fa19e98a1b04737ed2e0d2f
2023-03-22 22:30:17,False,2.407e-10,7.457e-13,3787946209.0,0.0282,0x53...2aa4,https://bscscan.com/tx/0x4732b9c87905da7dfe36b965abac474f547d51113d52fb85ef8535e1bc5dcef0
2023-03-22 22:29:14,False,2.407e-10,7.457e-13,15917138989.0,0.1187,0xa1...56d0,https://bscscan.com/tx/0x3d8ee5b11c88a66f9c343ce1756808affc2d3c5449d9349afb3402480b39574c
2023-03-22 22:28:50,False,2.407e-10,7.457e-13,22333497349.0,0.1665,0x9f...374c,https://bscscan.com/tx/0x82cc897b91b31e7211dcc815b060bcf15be72489c6de2f395e1d97a593dd2cea
2023-03-22 22:27:40,False,2.407e-10,7.457e-13,4022027846.0,0.0299,0x04...3258,https://bscscan.com/tx/0x08690645f1afd1e7c3607d33558d15fe49a2cb692ccf0824493b46f522652773
2023-03-22 22:27:00,False,2.407e-10,7.457e-13,50246996650.0,0.3747,0xe6...65dc,https://bscscan.com/tx/0x8dec401e5340e8b41860142cd6bea1f672cf4b50c533471e690ddc42479af3a4
2023-03-22 22:26:14,False,2.395e-10,7.457e-13,4306869963.0,0.0321,0x9d...613e,https://bscscan.com/tx/0x6a04f4567573fb1a45621354e6011366ced67b0ef71de2a9b2ea1cdad129067f
2023-03-22 22:23:47,False,2.407e-10,7.457e-13,11909351540.0,0.0888,0x65...8615,https://bscscan.com/tx/0xfff2e7927f7989d7211535f3d1dc17e19ef3c4cc8be73636d82bee23ec7a22d0
2023-03-22 22:23:29,False,2.407e-10,7.457e-13,52127411574.0,0.3887,0x3d...201e,https://bscscan.com/tx/0x85455121ea9120c699b696c0f72c74a5f217759e78d7a85e0a46a96a89259f5d
2023-03-22 22:22:56,True,2.419e-10,7.495e-13,3772378148.0,0.0282,0xfe...403e,https://bscscan.com/tx/0x12c9e7176af89fadb99b0b24dc379521edb31d8540f884211c25537cb98200ee
2023-03-22 22:18:56,False,2.395e-10,7.457e-13,110459152931.0,0.8237,0x9b...afcf,https://bscscan.com/tx/0xaf4c295c192f4a8f472da8d656ed27c46f6db52de1fcbafeda40983348015f2c
2023-03-22 22:17:11,True,2.407e-10,7.495e-13,28000000000.0,0.2098,0x73...1886,https://bscscan.com/tx/0x5db86cefbfcf3f83e16ffe3c722b816c25751e3a61ca2fff84dfbb709aaccfaa
2023-03-22 22:16:08,True,2.419e-10,7.495e-13,3869049939.0,0.029,0x88...a7ba,https://bscscan.com/tx/0xd920a53693fd0147304dee4a5796fc3aff549c8427797c4762aabe2115a4cbf5
2023-03-22 22:14:29,False,2.407e-10,7.458e-13,85705161676.0,0.6392,0x9f...8d23,https://bscscan.com/tx/0x0c4ac971e5cbbb8e50618fb3b9a605d7964b6a94dbc92cf6d5078b175ac55496
2023-03-22 22:13:26,False,2.406e-10,7.458e-13,90008826861.0,0.6713,0x54...2a54,https://bscscan.com/tx/0xff3c34b882def389644d8113f8cb0800fefec33e4d44f9636513af20cf720e29
2023-03-22 22:10:29,True,2.419e-10,7.495e-13,5000000000.0,0.0374,0x93...8fa2,https://bscscan.com/tx/0x6c4494dd5a2edae4f52c30919ff168e450b6acebd8be71b340b4646f073636aa
2023-03-22 22:06:22,False,2.408e-10,7.458e-13,4064873379.0,0.0303,0xd4...0dc7,https://bscscan.com/tx/0xbd23a2636ed7c81e528283db0979c1b09e790d90f82cd65a0111bbce868771bd
2023-03-22 22:06:10,False,2.408e-10,7.458e-13,11459649934.0,0.0854,0x3b...d405,https://bscscan.com/tx/0x19ff7882dc71b8219082c7840dfd4ae57d0f4727081e0e6aff609356e9bb6d3d
2023-03-22 22:05:13,False,2.408e-10,7.458e-13,1518874803.0,0.0113,0xab...4722,https://bscscan.com/tx/0x24adfedd17ce070febbf88e3d464b63284386405b58262df88775cd04b46d0c0
2023-03-22 22:04:19,False,2.407e-10,7.458e-13,153499852359.0,1.14493,0x6a...e87c,https://bscscan.com/tx/0xcdfedd76de9ae6f68bf49a869e5f13bcb351329920f39d1140739c9a506011a2
2023-03-22 22:03:28,False,2.395e-10,7.459e-13,55664442203.0,0.4152,0x0a...fd68,https://bscscan.com/tx/0x7b4936a517e45203e0ea65b12dcf1d2700eee51736226a79c36df98152b4a4ae
2023-03-22 22:02:16,False,2.407e-10,7.459e-13,262800000000.0,1.96041,0x0e...4fb6,https://bscscan.com/tx/0xa4f028c1efaed8a2d27fb6d4b2e2b970ce60ff3e2d1eb38c68eb26488f5445e1
2023-03-22 22:01:34,True,2.409e-10,7.497e-13,2012859425.0,0.015,0x8b...1342,https://bscscan.com/tx/0x0b8e2c07f365925c082cb697629cb214cb08fe20054ddb6437622c075060b5f4
2023-03-22 22:01:22,True,2.421e-10,7.497e-13,4316534966.0,0.0323,0x05...c272,https://bscscan.com/tx/0x8f6d9acaa3207bd0181cbea6ab23386767a9189cb249dcac46d8707ba4a2ab95
2023-03-22 22:00:58,False,2.409e-10,7.46e-13,63757341417.0,0.4756,0xd6...9d7b,https://bscscan.com/tx/0x960cf19396ac8b0dae59545d6b3272ea7e0033fc7fb95624d55a97ad6b7133c6
2023-03-22 22:00:22,False,2.409e-10,7.46e-13,25700739636.0,0.1917,0xbe...95a6,https://bscscan.com/tx/0x8808e2082644f4d1f252a6b9813ce339915097ab40143922465309549567cec0
2023-03-22 21:54:34,False,2.409e-10,7.46e-13,19452330000.0,0.1451,0xdb...54f0,https://bscscan.com/tx/0x0610435f3baf5b636829677c5f94053457f83886fe47c218210a5fc5b09c784c
2023-03-22 21:53:25,False,2.409e-10,7.46e-13,31617115105.0,0.2358,0x9d...ea73,https://bscscan.com/tx/0x19643c84b4f7779509ff59c931bb85e09989398e3a6bf8cdf24f52f6c3d6f389
2023-03-22 21:52:58,False,2.397e-10,7.46e-13,4556623859.0,0.034,0xab...4722,https://bscscan.com/tx/0xd08a763a90afed8259343cdddc28e37a7ba317fd3c06e00ca45146a1fb04c069
2023-03-22 21:52:25,False,2.397e-10,7.46e-13,25436869552.0,0.1897,0x1e...3631,https://bscscan.com/tx/0x84c90e7c1229a6b63cbcab99fbdf220e1a78c5d62a455274247f71cfb9bc299f
2023-03-22 21:51:40,False,2.397e-10,7.46e-13,13500000000.0,0.1007,0x6e...6cc1,https://bscscan.com/tx/0xf37c402870bd8c2a99cd197670f5a940560df80d38be812a7f735b0f8cc3c29a
2023-03-22 21:46:02,False,2.4e-10,7.46e-13,22055238241.0,0.1645,0xae...2f80,https://bscscan.com/tx/0xe728747d791315a35db002e91d3a3394212fa5e0b0ed14fe4bf1da41fa504a8f
2023-03-22 21:44:26,True,2.397e-10,7.498e-13,10402416230.0,0.078,0x60...6369,https://bscscan.com/tx/0xa03a4983804ea03bf48c36027bb7522f5538fc3b69a13f72bc107cd4fe1daa5a
2023-03-22 21:43:44,False,2.385e-10,7.461e-13,139441843166.0,1.04038,0x5f...dc69,https://bscscan.com/tx/0x8f61d3502eeff8c13e23e232c6c528d044be7ce386c1d4a401e97e76cd916325
2023-03-22 21:43:29,False,2.385e-10,7.461e-13,1428098943.0,0.0106,0xe9...9de0,https://bscscan.com/tx/0xff12a2c78f4c2fcdc4f0e4134220e1c657cc933501497998c6dc416aacf215b2
2023-03-22 21:42:26,False,2.394e-10,7.461e-13,10659061784.0,0.0795,0xff...3524,https://bscscan.com/tx/0xec9da2564f3f1b9b989f322640f3ec94fa428e67f1625212d1781a2fc2eb4722
2023-03-22 21:41:59,True,2.406e-10,7.498e-13,1000000000.0,0.0075,0xc1...14c6,https://bscscan.com/tx/0x1eb0a823554aeffb52a977d4b548b0daa72559a014344cee93a94c400a0a4508
2023-03-22 21:41:11,True,2.407e-10,7.498e-13,1000000000.0,0.0075,0xc1...14c6,https://bscscan.com/tx/0x535eaeaa538da357c784279740bd6dabc1ea7c38304f3b5cfce13a3c3765e38e
2023-03-22 21:40:29,True,2.394e-10,7.498e-13,10000000000.0,0.0749,0xc1...14c6,https://bscscan.com/tx/0xa152635d1d8a0b05171a8edfd5c795d3bbf55c56e08759efd599a22bae3628da
2023-03-22 21:39:56,True,2.406e-10,7.498e-13,10000000000.0,0.0749,0xc1...14c6,https://bscscan.com/tx/0xdc54f5ea76855bf68cdebe589e1c54794374eee53890d56c826d2359419eaed8
2023-03-22 21:39:23,True,2.406e-10,7.498e-13,10000000000.0,0.0749,0xc1...14c6,https://bscscan.com/tx/0x421f3666d233c8f3054a25bd83436ae910b2be0620e9a087704e044474153241
2023-03-22 21:37:47,True,2.405e-10,7.498e-13,35744133645.0,0.268,0xe6...065d,https://bscscan.com/tx/0xb8c3717988b73e1d6071597af66180222b563fbec8206b1873b550d6881c817c
2023-03-22 21:36:38,False,2.39e-10,7.461e-13,13624454342.0,0.1016,0x56...53bc,https://bscscan.com/tx/0x9895d852e332330fb8a08252352432f46c016c82f20034aa6a04012e8aa8d001
2023-03-22 21:35:17,False,2.39e-10,7.461e-13,24624457343.0,0.1837,0x57...3f23,https://bscscan.com/tx/0xda0773f8c61f58ebd481a75f9d5218c187b5d60aa1222c7007dfdce45bca4c81
2023-03-22 21:30:20,True,2.388e-10,7.498e-13,13335770484.0,0.1,0x74...1ac2,https://bscscan.com/tx/0x6041697e2e067c6a64fcc35672db659c97295f96bef82e1bc920ad13d63c2e9f
2023-03-22 21:29:56,False,2.376e-10,7.461e-13,133029674138.0,0.9925,0x86...3c95,https://bscscan.com/tx/0x8cc7b56b45326084e4ec7f4f5f59854fd76bd2c3db113c44feb12f641d2dd807
2023-03-22 21:29:44,True,2.4e-10,7.499e-13,18000000000.0,0.1349,0x43...7ce6,https://bscscan.com/tx/0xbb0b0e406f7a14501886d2f8f0fc49d736ece4c2c1173b357ee0a5c7b1ba14e9
2023-03-22 21:28:23,False,2.389e-10,7.462e-13,623611189415.0,4.65376,0x66...4683,https://bscscan.com/tx/0xc386194e09ed9470eb886cc87c74b6ab90b89ffd0b6f2fc85b8bd41122248ed4
2023-03-22 21:28:02,True,2.4e-10,7.501e-13,25327755340.0,0.1899,0x49...4913,https://bscscan.com/tx/0x7dd1bab71bc683295f301558ae17e6e2d8c2d225bf09aa671424c5c1d9b4bdbe
2023-03-22 21:27:17,True,2.401e-10,7.501e-13,8640000000.0,0.0648,0x03...6ab9,https://bscscan.com/tx/0xfe81db86f9f69fc46fcd676bc526078fff25f8c9d7beb92411bbb6dc0a51b689
2023-03-22 21:24:47,True,2.388e-10,7.5e-13,777553407.0,0.0058,0xe3...53c5,https://bscscan.com/tx/0xc6ad56cd40f30f1bbee45af0bba393e29df8741c2dd4ebc3aa8050d0b568aae7
2023-03-22 21:23:44,True,2.4e-10,7.5e-13,5085609438.0,0.0381,0x24...47ea,https://bscscan.com/tx/0xf7574b6c5825bdc14efd05bd7b344fd75fe47b7469731c32026ac5819b2bb5d2
2023-03-22 21:20:56,False,2.387e-10,7.463e-13,181039091646.0,1.35124,0x62...f4d0,https://bscscan.com/tx/0x92dc27a0c606ae3d06252c1fab47b00eb882f4cf5f96a98c8ebb4b1644e5cf8f
2023-03-22 21:19:11,True,2.4e-10,7.501e-13,320847853342.0,2.40669,0xaf...d316,https://bscscan.com/tx/0xe01e9e6118298d5a9e8f61f6b2456e5ab7ac4b54530b4b8551362808c97e9473
2023-03-22 21:17:38,True,2.387e-10,7.5e-13,59044859259.0,0.4428,0x13...6d51,https://bscscan.com/tx/0xc49366bc02aa4c8b8f3b3662b1323c6d9b5333d5f4cbaf53dfdfc5ab76a020b3
2023-03-22 21:16:56,False,2.373e-10,7.462e-13,94546455047.0,0.7056,0x73...0fc6,https://bscscan.com/tx/0xfe6f6a5feb45f2776643bd296cfdf879bdc82acdefe5ed59befa7fecd91db626
2023-03-22 21:16:32,False,2.373e-10,7.463e-13,1749063477.0,0.013,0xf4...4960,https://bscscan.com/tx/0x0254a19b6dc9ee5564bf0a4e0582af043f9f476114a96eae3b4c12465e7d019d
2023-03-22 21:15:29,True,2.38e-10,7.483e-13,9977455505532.0,74.6686,0xb9...f731,https://bscscan.com/tx/0x4dca7380bc399b43a5903392c028662a935778af9ddcf840fa25536654d09871
2023-03-22 21:14:59,False,2.362e-10,7.429e-13,5729652961.0,0.0425,0xf4...65c6,https://bscscan.com/tx/0xfc66808ed500d934ab11cd98afab70a7807f4842c69fd886053238de9e26a64d
2023-03-22 21:14:59,False,2.363e-10,7.429e-13,152973036481.0,1.13658,0x26...27db,https://bscscan.com/tx/0xa89381b68a6770f0d3c57df28c7f40e6dd77b2cbeca73ba0cc8000be0e776671
2023-03-22 21:13:02,False,2.375e-10,7.43e-13,74538404854.0,0.5538,0x30...ea4c,https://bscscan.com/tx/0x291cdba13f3ee3161bf27b320c5c62a816184359c3ef7657876ec3a6c728abfb
2023-03-22 21:12:05,False,2.375e-10,7.43e-13,29788577427.0,0.2213,0x52...472d,https://bscscan.com/tx/0x21b4b863d50172f261d4431fa9a4e2aa329ddbc4717e8bcdc6b4715012595302
2023-03-22 21:11:23,False,2.374e-10,7.43e-13,6300000000.0,0.0468,0x84...df04,https://bscscan.com/tx/0x6477deda917567a5f7f70e6a0e626e17b390fd2d782d6a4cc041b86ebdb432fb
2023-03-22 21:10:47,False,2.374e-10,7.43e-13,90001818951.0,0.6687,0x63...b3fb,https://bscscan.com/tx/0x1dcc122a55fe1e5d50ee52567b62378d8f1606c6339ab27efa28d4c8d24b8d0f
2023-03-22 21:10:41,False,2.362e-10,7.431e-13,303265910850.0,2.25368,0x05...7066,https://bscscan.com/tx/0xa97ca15c5d833354a93b8eea1a467c3729bb2ca2e7ae9238070db982e9b3452a
2023-03-22 21:08:38,False,2.357e-10,7.432e-13,151497896391.0,1.12595,0x14...9f3a,https://bscscan.com/tx/0x7d22ab49dac85098d15e4bfa77e0f486afa2b83610ab712692cab1b3d7f767ed
2023-03-22 21:08:26,True,2.369e-10,7.469e-13,1172887887.0,0.0087,0x7b...0eff,https://bscscan.com/tx/0x5f7f12aaecc855a9fbc9790ed041ad15cfe010a38990c8a34ae139b5e344594e
2023-03-22 21:08:23,False,2.369e-10,7.432e-13,33796585890.0,0.2511,0xb1...a98c,https://bscscan.com/tx/0x23acc7f46994d97cf640b78470d34932e8d7a866169ab7ed7402d8e40af94407
2023-03-22 21:06:50,False,2.357e-10,7.432e-13,22987170000.0,0.1708,0x17...f711,https://bscscan.com/tx/0xec680db28ce0ae61f2987a9997d34de9ca91c841a84516fc7c6e3fa471cb21e8
2023-03-22 21:06:11,False,2.369e-10,7.432e-13,9003270563.0,0.0669,0xef...4039,https://bscscan.com/tx/0xe452a6014f34bd27523a434a4682d94d8db7c0361b8e54fafc2f98ae03b2a1bb
2023-03-22 21:04:11,True,2.377e-10,7.469e-13,58780785956.0,0.439,0xb0...e777,https://bscscan.com/tx/0xc638a3ebc93b35830f7c2265491368d911144b25f7bc7421992a7a624b577f05
2023-03-22 21:03:47,True,2.365e-10,7.469e-13,17832787581.0,0.1332,0x8f...6810,https://bscscan.com/tx/0x4777ecda0a6ddbeeb871b071ecf699e3dd58e655287f8527e59223252f1d416e
2023-03-22 21:03:47,True,2.365e-10,7.469e-13,16160738897.0,0.1207,0x65...a912,https://bscscan.com/tx/0x14e1668d6e992f484433e60e789fed7d0b5b139c53be19b4f6afbc1243721b1b
2023-03-22 21:03:17,False,2.351e-10,7.432e-13,45000000000.0,0.3344,0x10...eb62,https://bscscan.com/tx/0x6bb518f06b960aad60a88a5d1d0a2860044c36e835b83472b3254c48fe0c8459
2023-03-22 21:02:56,False,2.363e-10,7.432e-13,206487804788.0,1.53478,0xbf...0502,https://bscscan.com/tx/0x5e29116fed3b6a47f1794fee10ad69ea8f239256831994280279b2725d1e317c
2023-03-22 21:02:35,False,2.363e-10,7.433e-13,24186831426.0,0.1797,0xcd...9bbc,https://bscscan.com/tx/0x383c9bd3dcc94556d6f36f23747b812965925de844a8879d540f11741c5b0b62
2023-03-22 21:02:29,False,2.363e-10,7.433e-13,5379456277.0,0.0399,0x39...53ee,https://bscscan.com/tx/0xe1cd11210fb54520899827c32cc125bc1a64c31ed041a8f0cfc725dad6cca8f6
2023-03-22 21:02:17,True,2.363e-10,7.47e-13,12600000000.0,0.0941,0x00...d48c,https://bscscan.com/tx/0x74980b2f29f3a7e43f7367698aea24d9fc9a5e4327aaafa6b663a5fd03b39d96
2023-03-22 21:01:32,True,2.36e-10,7.47e-13,1833364011.0,0.0137,0xe0...1a10,https://bscscan.com/tx/0x989f2174418a6000c14ff6e54ad283b8200c69ecb01ec770ed735d4caecbdd7f
2023-03-22 21:00:50,True,2.371e-10,7.47e-13,22000000000.0,0.1643,0x40...e95a,https://bscscan.com/tx/0xfddcc5d7531995ed7e7c1be6816e4b94552a01295a37f08dd3af21333975d49c
2023-03-22 20:59:59,False,2.359e-10,7.434e-13,677557468423.0,5.03711,0x05...7066,https://bscscan.com/tx/0x66ac4aa86de885e2f78a42cdb1701d178d86ee791dcf9fd2c6f48b8ebf065e7f
2023-03-22 20:59:53,False,2.349e-10,7.435e-13,4599308143.0,0.0342,0x3b...86bf,https://bscscan.com/tx/0x3fc15e4cb129bb13bd81f8aab7ba9dfa35bc084cf38a2128183584be218f66ad
2023-03-22 20:59:44,False,2.349e-10,7.435e-13,32249104481.0,0.2397,0xcd...9bbc,https://bscscan.com/tx/0x88c2ae9aa61b2144adcdeab8ce109f3a523fb93737991109e06d73a922ec2505
2023-03-22 20:59:41,True,2.361e-10,7.472e-13,10796524350.0,0.0806,0x85...09b6,https://bscscan.com/tx/0x73be76a55e7ea63909340ac5d46642157dc4beb59c107be1640e0adeb77c20f4
2023-03-22 20:58:53,True,2.374e-10,7.472e-13,17340717102.0,0.1295,0x6c...6eaa,https://bscscan.com/tx/0xbfc604b127620861f44bef19df2707160cfe9639157a1949ce8f7bc0f978e20b
2023-03-22 20:58:29,False,2.351e-10,7.435e-13,347326563368.0,2.58271,0x05...7066,https://bscscan.com/tx/0x95330997bf9eb9002157deaebcea23203c26ac71331a0e5fd248f2a396821213
2023-03-22 20:58:11,False,2.352e-10,7.436e-13,42998802707.0,0.3197,0xcd...9bbc,https://bscscan.com/tx/0x99129a4bcf93f0ee5ccb0b638f6771cc498e8ff18f4043a9edef9bfbdc8322ca
2023-03-22 20:57:35,True,2.364e-10,7.473e-13,28680000000.0,0.2143,0xe4...1127,https://bscscan.com/tx/0x82fa4038d3cc8b10533d217d15342d40eabbdae6f77de9c3019014ad9d485204
2023-03-22 20:57:14,False,2.365e-10,7.437e-13,431714671185.0,3.2108,0x5e...b1a3,https://bscscan.com/tx/0x0ec26488f9f9512f82c1760de2e41fa7923d3e50b9d156eb3d84b7a283d5c5bf
2023-03-22 20:56:05,True,2.365e-10,7.475e-13,68722347185.0,0.5137,0x17...e7f5,https://bscscan.com/tx/0x2fe6b9971c5f237fd7780a7d5171b1de0192f096faee03f8b5fe429e99f99188
2023-03-22 20:54:38,False,2.352e-10,7.437e-13,67674444359.0,0.5033,0x6e...2d1d,https://bscscan.com/tx/0x14fa8dd5cb6775841fa382dc81e9a49377a6e5b282de073b4c587bd2ff35bc91
2023-03-22 20:54:23,True,2.366e-10,7.475e-13,103444690772.0,0.7732,0xc5...32dd,https://bscscan.com/tx/0x6115dca74f39d74d00847d32c85c75c32d4804a9b4d755c4ab18946712c7bcff
2023-03-22 20:52:17,False,2.357e-10,7.437e-13,147874639195.0,1.09988,0x4c...af15,https://bscscan.com/tx/0x6007db7ed4382f7f956e76f14c48f9d2c3958fd1a852b639a45f823667d7013f
2023-03-22 20:51:32,True,2.381e-10,7.475e-13,12540913801.0,0.0937,0x44...0b81,https://bscscan.com/tx/0xabb5be2be686d2a4c82f320dce9a880a2990aa6d4ce056afa171551e75f70911
2023-03-22 20:51:32,False,2.369e-10,7.438e-13,69300000000.0,0.5154,0xce...bd5a,https://bscscan.com/tx/0xe75bc531cadcb5ca9cf92aeaf03955d39ee517520ffdd198a2493732f0f2a140
2023-03-22 20:51:26,True,2.381e-10,7.475e-13,7940567655.0,0.0593,0x43...2287,https://bscscan.com/tx/0x7e73fca8d4f428d78b52b45b7139b4e50f6eb38e5fe9f94b42387f7af97c1cf6
2023-03-22 20:50:50,False,2.37e-10,7.438e-13,135000000000.0,1.00421,0x63...b3fb,https://bscscan.com/tx/0xc2a99f66c8d7da87eac3bb049bd1baa32a456ce7ab4cd829765f73acf10e0645
2023-03-22 20:50:20,False,2.369e-10,7.438e-13,5782284074.0,0.043,0xb9...3907,https://bscscan.com/tx/0xa96b76188113e43b1b42038f74941deb066535e6c18c3a6234532197c0037975
2023-03-22 20:50:11,False,2.37e-10,7.439e-13,305596270981.0,2.27343,0xb9...3907,https://bscscan.com/tx/0xe0564e96f46c8e010bf3f539af8b4dc2a81387801f137a8c483b599f9da3ea44
2023-03-22 20:49:56,True,2.382e-10,7.477e-13,4600000000.0,0.0343,0xd3...2633,https://bscscan.com/tx/0xc973372dd634d6748630a7937625fe8f1459994b7b70c02142efa2a7f1dda975
2023-03-22 20:47:05,False,2.364e-10,7.439e-13,13166876678.0,0.0979,0x8d...b28a,https://bscscan.com/tx/0x5fbdb9cc53357e767d098b3e6263bfdcfdc369610fd2f221f08718018747f3ec
2023-03-22 20:43:11,False,2.381e-10,7.44e-13,389476733856.0,2.89791,0xb9...3907,https://bscscan.com/tx/0x0e6e8d1dbcb19d05464907c6e909c0c8113ded1ac485454959044049c5f4ce16
2023-03-22 20:43:11,False,2.382e-10,7.441e-13,248261822834.0,1.84746,0xb9...3907,https://bscscan.com/tx/0xa9441620b7de4a83fe5ece1b8a05bee921d1504ac2c51a83a27902dc7b56231e
2023-03-22 20:43:08,False,2.382e-10,7.442e-13,450671625662.0,3.35424,0xb9...3907,https://bscscan.com/tx/0xb4d49be670b1b7503b02f333a8e29f7533c718c240d17db49df99fa485d6ff94
2023-03-22 20:40:41,True,2.408e-10,7.48e-13,5347040000.0,0.04,0x2f...8cac,https://bscscan.com/tx/0x7110398d51376edcd336bf7cc070b113f34c4c70aa8dacce531cb5a26c7ffe16
2023-03-22 20:40:38,True,2.396e-10,7.48e-13,26735110621.0,0.2,0x08...82c9,https://bscscan.com/tx/0x74210d2fd2f9e8e77965e8400ae196adb3bdb905a1c4bc4e70652e587e036f48
2023-03-22 20:39:05,False,2.396e-10,7.443e-13,4236280102.0,0.0315,0x41...e4f6,https://bscscan.com/tx/0xb47e5df39e459a824fb89a70fe16e05cce4d2a4e1529bb56e6a87430d67a0e17
2023-03-22 20:38:17,True,2.413e-10,7.48e-13,12000000000.0,0.0897,0x91...cde6,https://bscscan.com/tx/0x6e7b5a297649436e4fa8c3bc07784da923118cde92fb0c9084bc3ed3e128c975
2023-03-22 20:33:32,False,2.41e-10,7.443e-13,55265455424.0,0.4113,0xf9...9c81,https://bscscan.com/tx/0xaaacea9a926a914a04dc44aafa49de8e146ef7d790ac07371b42cbfbee149a22
2023-03-22 20:30:41,False,2.412e-10,7.443e-13,7291634446.0,0.0542,0x3a...5387,https://bscscan.com/tx/0xcf1f24731f10d62a9b4bcdf38c14d3061ed6967e59c0a76d3735ec3ea37bd690
2023-03-22 20:30:32,False,2.412e-10,7.443e-13,165796293648.0,1.23416,0xf9...9c81,https://bscscan.com/tx/0xdf770e8d5875bf2035283263a0cf6ed3286e33e9087d9dc08a5f971ab563fc04
2023-03-22 20:29:32,False,2.4e-10,7.444e-13,17252919940.0,0.1284,0x14...f1fe,https://bscscan.com/tx/0x61b791d116ac7928de4826c79ac50982a496ef2b27a5ea778352ce4d4d25229a
2023-03-22 20:28:05,False,2.413e-10,7.444e-13,30053885457.0,0.2237,0x79...a03c,https://bscscan.com/tx/0x04609828457788a8b4a71027f15a1bec60a23f1a940affced974c2dcba476493
2023-03-22 20:26:59,False,2.413e-10,7.444e-13,6935193829.0,0.0516,0x52...09ed,https://bscscan.com/tx/0xdb6d1be47822d98141ca4df0a27461da6e611144debaa41164732e6f9c646e2d
2023-03-22 20:25:29,True,2.413e-10,7.481e-13,5346399692.0,0.04,0xcc...4c26,https://bscscan.com/tx/0x75701208c2cb9a4450f5b5dbb7aa7559ab2ec729e7aafec534beb62296ead0e9
2023-03-22 20:24:05,False,2.415e-10,7.445e-13,536752391117.0,3.99623,0xb9...3907,https://bscscan.com/tx/0x4fad89bb474da8c7fabba667a76f40e3132b452ebf4f9e90ba23152766858595
2023-03-22 20:23:59,True,2.415e-10,7.483e-13,18430925734.0,0.1379,0x03...3709,https://bscscan.com/tx/0x1dbf47c31a80117befa966e08291dbda5c01fb3cb44d6f552aabd79ca23560f4
2023-03-22 20:23:56,True,2.415e-10,7.483e-13,6000000000.0,0.0449,0xbb...dd30,https://bscscan.com/tx/0x73dbda041ef863a1b49e2c0a2d95def8d181874c7f2788b06e05a358cfa3823f
2023-03-22 20:22:11,False,2.41e-10,7.446e-13,284983178404.0,2.12213,0xb9...3907,https://bscscan.com/tx/0xd68e3c0fa75a47ac39fa71c31264c982259ba8502258ae1df0b9cafcd4b01d55
2023-03-22 20:21:26,True,2.418e-10,7.484e-13,31961516576.0,0.2392,0x20...da2a,https://bscscan.com/tx/0x1d17fcdc5e2c7ab820361d8950248fd996eb6994e597a1f5f114845b44c0d6a0
2023-03-22 20:20:26,True,2.405e-10,7.484e-13,10000000000.0,0.0748,0xbb...dd30,https://bscscan.com/tx/0x8a3e8f5cf0292463ca887cdc35e843321e94a8e17b95b8120d20799dfcca7bb0
2023-03-22 20:19:11,False,2.394e-10,7.447e-13,198203930546.0,1.47606,0xb9...3907,https://bscscan.com/tx/0x6108aaa9e8f558d791f567245c2eae829a2dea20201ddf789ef124e462982669
2023-03-22 20:18:14,False,2.404e-10,7.447e-13,168145679568.0,1.25231,0xb9...3907,https://bscscan.com/tx/0xfe979368aea306889c31e51216d5b768dc79c8cdb1179f58c9e99833492595b9
2023-03-22 20:18:11,False,2.405e-10,7.448e-13,450671102825.0,3.35697,0xb9...3907,https://bscscan.com/tx/0x699e0548174b1df2c4a13254d6e852ebc624fd1b1bb923a3a7ac88a1072578c5
2023-03-22 20:18:11,False,2.405e-10,7.45e-13,489010940011.0,3.64332,0xb9...3907,https://bscscan.com/tx/0x8250e42d525469487e0a6ddec4b914262ba2de3e4210fa4ef2c706c90a128acc
2023-03-22 20:18:11,False,2.405e-10,7.451e-13,26156188229.0,0.1949,0xb9...3907,https://bscscan.com/tx/0x599bf53ee2505992d1767ac2d6b60d57954f28f0ad79c287299a6dd0aa95fc81
2023-03-22 20:18:08,False,2.406e-10,7.452e-13,503223903522.0,3.7501,0xb9...3907,https://bscscan.com/tx/0x5decf978cabe94311d24e39801a56bbbf38c682df1122470ffe394c88ffe28b1
2023-03-22 20:18:08,False,2.406e-10,7.453e-13,246210373976.0,1.8351,0xb9...3907,https://bscscan.com/tx/0x931c802c07fe84473b2ce30a76ed0d72c37e99889f5312fe827b90d475f6543c
2023-03-22 20:17:29,True,2.417e-10,7.491e-13,1519302425.0,0.0113,0x15...4042,https://bscscan.com/tx/0xd39321452d5a8f96e36424764a094e39125b04b966ef789c99dea82c78a3c7ea
2023-03-22 20:17:11,False,2.391e-10,7.453e-13,25999219650.0,0.1937,0xb9...3907,https://bscscan.com/tx/0x298181d9631cec1585d2e1ada3fe757ddbe8ae6958e2e06a59cfb0ce46c2c57f
2023-03-22 20:17:08,False,2.391e-10,7.454e-13,86485489669.0,0.6446,0xb9...3907,https://bscscan.com/tx/0x883126440e021f5a38dee7bc8d1b15d8ebe5071db7490a7e5108bf342a323883
2023-03-22 20:17:05,False,2.392e-10,7.454e-13,81249998073.0,0.6056,0xb9...3907,https://bscscan.com/tx/0x92baf57096983dd5b078b212829f479902bb60c157cc55333a9ec885f57f43e6
2023-03-22 20:17:05,False,2.392e-10,7.454e-13,221922238231.0,1.65439,0xb9...3907,https://bscscan.com/tx/0x463017ac5a0f11086f054ee7c0fc264584dbe1636fac4ff2aaf1fa5658e4b413
2023-03-22 20:16:14,False,2.408e-10,7.46e-13,3037719555888.0,22.6623,0xb9...3907,https://bscscan.com/tx/0xb32b9bfd4ab99781f93443df54b820701fb7d1690f6a5055e31323afdc56976c
2023-03-22 20:16:14,False,2.409e-10,7.465e-13,6583803969.0,0.0491,0xb9...3907,https://bscscan.com/tx/0x985f2265ebb0edf14c0ea4166376d4bd058674012e58ac7bcbece39b00ea8777
2023-03-22 20:15:23,False,2.398e-10,7.465e-13,27083954107.0,0.2021,0xb9...3907,https://bscscan.com/tx/0x770268a8346c390f834b0f065f458359c77e1093cfddef64903e8da4f612463a
2023-03-22 20:15:23,False,2.398e-10,7.465e-13,233743243601.0,1.74511,0xb9...3907,https://bscscan.com/tx/0x158881f5dcb139515dd39061b9b21bd606a201916777afa3752c034a02d0edf0
2023-03-22 20:15:11,False,2.395e-10,7.466e-13,380565031550.0,2.84166,0xb9...3907,https://bscscan.com/tx/0xd65c16aeddb04f348fb42e495190079694596cf572c9829256ca74aae10acbdd
2023-03-22 20:12:38,True,2.415e-10,7.504e-13,39973353444.0,0.3,0xcc...4c26,https://bscscan.com/tx/0xbe5edcb9494ebd62b1015e499108b3266ee207b903084f9d9fd05d8b62d4caff
2023-03-22 20:09:38,True,2.412e-10,7.504e-13,15828700000.0,0.1187,0xea...08a9,https://bscscan.com/tx/0xc9f37e07a2c44eff6385a7ee66617803a9b7209b27a20e9ccdb30e5037bf977f
2023-03-22 20:07:56,False,2.422e-10,7.467e-13,38742716166.0,0.2893,0x94...c6e3,https://bscscan.com/tx/0x9bf737c9befd593a538c938295e83f984243161225aee45b60188fe568f682bf
2023-03-22 20:07:26,False,2.423e-10,7.468e-13,454451866300.0,3.39398,0x94...66b8,https://bscscan.com/tx/0xca3d28fd0e385e165e4e00586ed8e37f6439dd472fa63757b24178ba1542ef3c
2023-03-22 20:06:23,True,2.428e-10,7.506e-13,6006237654.0,0.045,0x4e...4d15,https://bscscan.com/tx/0x560443fc602146bfa661886180e93f25c001d77eec7d3adca4c70415b318e6f2
2023-03-22 20:01:53,False,2.436e-10,7.469e-13,67041698753.0,0.5007,0xfa...91d6,https://bscscan.com/tx/0xa27e26126075a4271b02b2648cbf70091125a786a07ac818b1e6d375147f6f8e
2023-03-22 20:01:11,True,2.448e-10,7.506e-13,19137900000.0,0.1436,0xa4...f15e,https://bscscan.com/tx/0x0bde2d0797a08947021e39889c1ce8469e9c9514f84bbbdf879e8aee992730ad
2023-03-22 20:00:53,True,2.448e-10,7.506e-13,1700000000.0,0.0127,0xd4...5a9a,https://bscscan.com/tx/0x63f12059bc9f7d2369d7a4733ddb09db96cb17f4f25a6bf3d3d72d57ced2f3bc
2023-03-22 20:00:35,False,2.45e-10,7.469e-13,108032976511.0,0.8069,0xf4...175c,https://bscscan.com/tx/0xa7ecf1def8a22d9f4b5d5aa41feb3bd2eaa8079a9d49dc9a18d1d8da77b8f955
2023-03-22 19:58:14,True,2.451e-10,7.506e-13,53283904979.0,0.4,0xcc...4c26,https://bscscan.com/tx/0xf4c7cc037227dbbd0dea52a08b6992c32e7cdad1ab1002bec86ff68541e7e9ae
2023-03-22 19:55:17,False,2.458e-10,7.469e-13,8272410000.0,0.0617,0xfe...a608,https://bscscan.com/tx/0xc85d7e7f93a50a66f9b9ed6d980e66672e382549fa9954dd33da59979d53fcb6
2023-03-22 19:55:08,False,2.459e-10,7.469e-13,19278000000.0,0.144,0x53...9020,https://bscscan.com/tx/0xeb894e126cd876630d3724d1d3fe16a1af1177af61b2aa3a5ae0a761498d79e8
2023-03-22 19:53:16,False,2.449e-10,7.469e-13,22522209322.0,0.1682,0x6e...6cc1,https://bscscan.com/tx/0x698354aa5b95a75f82a5d7ef845b6c7c953fc3810ccd0872772e3cb864014e6b
2023-03-22 19:50:52,True,2.46e-10,7.506e-13,31970237049.0,0.24,0xa0...cc53,https://bscscan.com/tx/0x75b33fe9d55d3141d8863134527ea92e319f8c9105e8586b264399872a66c473
2023-03-22 19:49:55,True,2.471e-10,7.506e-13,56607815473.0,0.4249,0x15...5f78,https://bscscan.com/tx/0xcb6581f53dc7fb66856da7d57c218bc4de8ad5666170fc2c9eefaec6876d1a87
2023-03-22 19:49:28,True,2.47e-10,7.506e-13,9191763666.0,0.069,0xac...f19a,https://bscscan.com/tx/0x3f4e492f9323555e01b36e51700cad3e8cf3c4f1f16066bcba86cb36aa74c3ec
2023-03-22 19:45:59,True,2.459e-10,7.506e-13,4129645374.0,0.031,0x99...f6a2,https://bscscan.com/tx/0x303bec501669504d2d5fd1c26265fcc97c374fe2ee987bfb14b4add97138191e
2023-03-22 19:41:47,False,2.426e-10,7.469e-13,185074067372.0,1.38241,0x96...798f,https://bscscan.com/tx/0x15b01ffdbf25d3b0a6fe1885b086b502df674b0d7e6f2384e8750b922989f8b6
2023-03-22 19:39:08,True,2.452e-10,7.507e-13,10912079743.0,0.0819,0x71...542e,https://bscscan.com/tx/0x7696b4a007fe087c1689cf1d50dd200f7273aa5a1927e83b7034c82df378fb02
2023-03-22 19:38:32,True,2.453e-10,7.507e-13,119883636.0,9e-05,0x95...4d70,https://bscscan.com/tx/0x4fa2861dc089a561b2273dd6cdc3828ec53c5dbdc7911d4df485b8570411ecf8
2023-03-22 19:38:01,True,2.431e-10,7.507e-13,8430001131.0,0.0632,0xa7...ec66,https://bscscan.com/tx/0x76e6db81425b8d688e74d47e20113ac2e5a84b86670522bbeccd5b3eabe029be
2023-03-22 19:35:43,True,2.449e-10,7.507e-13,3228180403.0,0.0242,0xdb...4f98,https://bscscan.com/tx/0x4f805777ab5b06e9bca24e3fa9ba37a03b1dc3dd90c6f932d8508dd63b65af25
2023-03-22 19:35:07,True,2.467e-10,7.507e-13,6722821686.0,0.0504,0x38...de79,https://bscscan.com/tx/0x16d8a52b047606fc281682b451569e5212336924aff58bb249ef8ed272818e0c
2023-03-22 19:33:19,False,2.444e-10,7.475e-13,3217204478064.0,24.0491,0x02...8d82,https://bscscan.com/tx/0x1a121fc56d622fd1b87b20a8c2d728deba1d807e50cbad920e8a7cfb9de3deee
2023-03-22 19:30:52,True,2.459e-10,7.518e-13,7099902895.0,0.0533,0xf4...8fef,https://bscscan.com/tx/0xa28e2a44e4793bed5a15ea6e3bfb8611e5c6c5090a3ce42e2a6a3b51dabbd8c3
2023-03-22 19:29:58,True,2.459e-10,7.518e-13,11594100000.0,0.0871,0x1f...4f4f,https://bscscan.com/tx/0x9148d01b9483d989fc6add48297635f2ff8bae7fd2c57525ee4d8c81834a95fa
2023-03-22 19:27:25,True,2.471e-10,7.518e-13,8407980000.0,0.0632,0x13...73a9,https://bscscan.com/tx/0x586c086602e91c46120e1280f0c408267fc21b2f857fd1a6f579c062cb6021c5
2023-03-22 19:26:16,False,2.446e-10,7.48e-13,45715142726.0,0.3419,0x75...5830,https://bscscan.com/tx/0x8cb963b0febbfd61b3fdc282e9707fdd2879b579a0f617b82cdcd13b7ff51b90
2023-03-22 19:26:10,True,2.459e-10,7.518e-13,2394198468.0,0.018,0x6d...0006,https://bscscan.com/tx/0xedb0d802d81738e2797c562da78386f40da526c2f77749e829a56081d6cec459
2023-03-22 19:25:37,True,2.471e-10,7.518e-13,18862500000.0,0.1418,0x1f...4f4f,https://bscscan.com/tx/0xf78e1a9bec5b1e9f1a3e5c49cd66120571a1d884130b4aa8963c2c02279418ef
2023-03-22 19:24:43,True,2.459e-10,7.518e-13,100000000.0,7.518e-05,0x75...e495,https://bscscan.com/tx/0x7baae564de5678b727004c977419c713378cabe1d197664cf27b5ae0f79b2177
2023-03-22 19:24:22,True,2.472e-10,7.518e-13,1330122784.0,0.01,0xb3...0781,https://bscscan.com/tx/0xe9883e6532dd537476513f8b33b4ba0177e458f1972d30594e7d968ad226d6f0
2023-03-22 19:24:04,False,2.46e-10,7.48e-13,32670850476.0,0.2444,0x39...f211,https://bscscan.com/tx/0xe7bd044b34b29e64f346cd2682334a9c99554548ba8a0ac6260183d60a819df7
2023-03-22 19:22:22,False,2.448e-10,7.48e-13,9023807063.0,0.0675,0xb8...f7d8,https://bscscan.com/tx/0xd6a1cb8adc51f961cc5f5836dad495608668e66175eff9d9b3f98b38893d1554
2023-03-22 19:20:13,True,2.472e-10,7.518e-13,1000000000.0,0.0075,0x1a...73b3,https://bscscan.com/tx/0x133ca32135d11e36a956482dddf22b72cb4c36a92f72df7d1fabaec73d36e59d
2023-03-22 19:17:28,True,2.46e-10,7.518e-13,28928400000.0,0.2174,0x1f...4f4f,https://bscscan.com/tx/0xcea3be3e73e8847536671e325bec5a10b8cb42b8fa2c3e76225aad193af8d9e8
2023-03-22 19:14:41,True,2.461e-10,7.518e-13,5106662389.0,0.0383,0x50...f885,https://bscscan.com/tx/0x121e774e06bd91d3795c1204e46ec6cc05d67a289f21de7ab94ed3e14ec11456
2023-03-22 19:13:20,False,2.449e-10,7.48e-13,20305800000.0,0.1519,0x63...b3fb,https://bscscan.com/tx/0xa15fa95160957b8b9eafe25ee8cef92530fd89723f0f7efa757c22b6d19782df
2023-03-22 19:11:08,False,2.45e-10,7.48e-13,52079830056.0,0.3896,0x6d...ae62,https://bscscan.com/tx/0xb88b95cb7c321720c388eb211e3544b17af68377c6d1e45e43079c96ab1189ce
2023-03-22 19:10:38,True,2.477e-10,7.518e-13,7826420700.0,0.0588,0xb5...74a9,https://bscscan.com/tx/0x0a0d9d3ec4bee31dd65d25ad1afbce18ee01452301aa67145b85dc614dd7388d
2023-03-22 19:07:41,False,2.473e-10,7.48e-13,26216865436.0,0.1961,0x02...13b5,https://bscscan.com/tx/0xa39baa52a877310752d4f2d677ec968675f47fda464fdcb69b2d983f035ca921
2023-03-22 19:06:37,True,2.485e-10,7.518e-13,2590935815.0,0.0194,0x51...f632,https://bscscan.com/tx/0x438c90d99a603518defae504ab188adcc768e5f594ad07e76d79ec3f23510d66
2023-03-22 19:03:22,False,2.451e-10,7.48e-13,6475756805.0,0.0484,0xcc...6ea3,https://bscscan.com/tx/0x1a521b8f685f5042c822819ee4de70cfe98a7b9b6777a58c64e54597202ba7d0
2023-03-22 19:02:22,False,2.449e-10,7.481e-13,69481288022.0,0.5197,0x1f...4f4f,https://bscscan.com/tx/0xe3249911e70661af578299f8c4a1b4bc698800181c537e277703f1ccdd0ea07c
2023-03-22 19:01:37,True,2.473e-10,7.518e-13,3900000000.0,0.0293,0x66...5a7b,https://bscscan.com/tx/0x71e5d2541bd98568099b5bc8976fc202fe6f3c9259c987e38468feb23ddbfb93
2023-03-22 18:56:52,True,2.464e-10,7.518e-13,21500000000.0,0.1616,0x80...00da,https://bscscan.com/tx/0x807bfefe61641afdf6b60c1903911fb258ea576ac50a797a9f31af4bbd7d201f
2023-03-22 18:53:22,True,2.463e-10,7.518e-13,399010854.0,0.003,0xf0...92eb,https://bscscan.com/tx/0x54a595a29acc9866886f154af11037b3ef1ca0c1f5163052161afc27fda492fb
2023-03-22 18:53:19,False,2.451e-10,7.481e-13,2036458523.0,0.0152,0xcd...06b5,https://bscscan.com/tx/0x3df48451e1f2038aec10143f253bd1d532dee0132004c4af442c48e4bc099c5d
2023-03-22 18:51:28,True,2.463e-10,7.518e-13,1051616425.0,0.0079,0xf0...92eb,https://bscscan.com/tx/0xedd60267ad97ea9c58675876afb593a02693ac4d1377b968c1397b920e082e43
2023-03-22 18:51:22,True,2.463e-10,7.518e-13,1330030001.0,0.01,0xa9...8dee,https://bscscan.com/tx/0x9f7668222ada25e00d085e56a2ccb235079ec3f2b9c3e73129dcff365160afc8
2023-03-22 18:48:13,True,2.462e-10,7.518e-13,3561000000.0,0.0267,0x83...c195,https://bscscan.com/tx/0x7af9ad3da85dc988c571c70fd94d98984bf139f3bea71800083ee904d2ac7917
2023-03-22 18:47:28,False,2.45e-10,7.481e-13,5340259866.0,0.0399,0x1e...4596,https://bscscan.com/tx/0x98f32aa2f2175e8a9472a92f7d5465e03fdc6bb88b61c237c65e87eb17192e49
2023-03-22 18:46:43,False,2.45e-10,7.481e-13,23106850671.0,0.1728,0xba...42aa,https://bscscan.com/tx/0x6cd22b2dd43e3d1cbb7d6a9c598c6ca8c703fa386947b2d4284708c3584caea7
2023-03-22 18:46:22,False,2.438e-10,7.481e-13,27014658230.0,0.2021,0x20...962f,https://bscscan.com/tx/0xe534b519e6709c2bef03a4867628e260a987d23a86bcc1dd6dcac9a0db16d6e4
2023-03-22 18:44:25,False,2.451e-10,7.481e-13,15958979830.0,0.1193,0x46...c3df,https://bscscan.com/tx/0x3871abaf0c11f5a25ecad56fb5cee36cb27fd1ac9fbc03ef7f098576005c73ae
2023-03-22 18:42:53,True,2.451e-10,7.518e-13,32307900000.0,0.2429,0xd0...5fd1,https://bscscan.com/tx/0xa39d5f9d1b78e30e659ab394d460083dc820d525055891beab08e29b2957a705
2023-03-22 18:42:23,True,2.451e-10,7.518e-13,11970169550.0,0.09,0xe1...c9b5,https://bscscan.com/tx/0x52e9170fe8e92e5ee12112bd33c0972b9c10bfd131e1d8251f717907f1284bf7
2023-03-22 18:40:53,False,2.439e-10,7.481e-13,13638765221.0,0.102,0xb1...b335,https://bscscan.com/tx/0x4c511e46d4700b1f185f77e24ac14a196f7b6b58768ddfb5b725b22ff843dbfa
2023-03-22 18:39:41,True,2.464e-10,7.518e-13,7412941303.0,0.0557,0x97...0103,https://bscscan.com/tx/0x335835c84ca6649d867aae624881eaf823d0a6beea00ebd2cfa628c3d8f370fb
2023-03-22 18:38:44,True,2.464e-10,7.518e-13,2000000000.0,0.015,0x91...de1b,https://bscscan.com/tx/0x1dab68f5f899d73772d752ba67655ad6f35885343398a4ee6087fc069475e881
2023-03-22 18:34:50,True,2.454e-10,7.518e-13,42560000000.0,0.3199,0xb5...799f,https://bscscan.com/tx/0x42d40c07d175dd65f872b9652d8ab1dd97a754d0f2da46ae9549318a41d1d2cc
2023-03-22 18:31:56,False,2.442e-10,7.481e-13,6973011821.0,0.0521,0x45...e202,https://bscscan.com/tx/0x89d7866f5c5af7edb46c051c425c497c23440bd6f97f8128bc1625ce1bf1155e
2023-03-22 18:28:27,False,2.429e-10,7.481e-13,8776949904.0,0.0656,0xe8...f735,https://bscscan.com/tx/0x96e2ebab34c3ea6b576ba07328f66a8acfca13d698f72e62e018394b66bbac80
2023-03-22 18:28:21,True,2.454e-10,7.518e-13,40000000000.0,0.3007,0x5a...b9e3,https://bscscan.com/tx/0x05f886ad83cfd6ed7427719e9c41fe52fba021d0f8bbec778eb1fd5ae9dd38ae
2023-03-22 18:27:16,True,2.441e-10,7.518e-13,15960779088.0,0.12,0xd6...8dd8,https://bscscan.com/tx/0x0b72d74d595b8cc1f59dc7e9c7e96c699e4068ddd29bf96aff8b3c14a45e6d54
2023-03-22 18:26:19,False,2.429e-10,7.48e-13,17100000000.0,0.1279,0x6e...6cc1,https://bscscan.com/tx/0xb209816158f4b84e1bd770f25bf25827883033cfed99225cb6684e045ec84c0f
2023-03-22 18:24:13,False,2.442e-10,7.481e-13,450000000000.0,3.36675,0x43...cfe5,https://bscscan.com/tx/0x9a2c985871c5a3b6655e381a24d224af8fe6bb2b8c8727ce074c98d5903d4b75
2023-03-22 18:22:37,True,2.455e-10,7.519e-13,5000000000.0,0.0376,0x75...e495,https://bscscan.com/tx/0xb6e6526c69a5906f330836619e2ae21ba94c1dd2fe0195eb261ab5e3de499846
2023-03-22 18:21:13,False,2.446e-10,7.484e-13,1091551433860.0,8.16946,0x03...fcc1,https://bscscan.com/tx/0x16c8c9afad4916e77df61b88b8851ff1cff9ee1fe8280ce605a636d85b2065aa
2023-03-22 18:20:55,True,2.459e-10,7.523e-13,12000000000.0,0.0902,0xc3...7f84,https://bscscan.com/tx/0x75888df10ee21eafea3edea8a1abf575643999bebbe4a9c1b8589136c591ff10
2023-03-22 18:20:46,True,2.459e-10,7.523e-13,46784304392.0,0.3519,0xac...2f5a,https://bscscan.com/tx/0xaf127c42e2ee0ef7080ced1eff3b336adb3bd1c69c6de0f9bbfd4665d17bdd67
2023-03-22 18:19:07,False,2.446e-10,7.485e-13,9431449612.0,0.0706,0x99...c53b,https://bscscan.com/tx/0x0fea1b167dcaf39d43c14f35a8ae6fe606c621c29814906113f163475cf1bc9e
2023-03-22 18:18:49,False,2.434e-10,7.486e-13,450000000000.0,3.36901,0x43...cfe5,https://bscscan.com/tx/0x36cd10b95f20287ee1dcd00e8029fa95d0facc4dc1bf1fe34ec9118e159c8f9d
2023-03-22 18:18:10,False,2.439e-10,7.487e-13,8210083392.0,0.0614,0x08...a0a8,https://bscscan.com/tx/0x074fb7e7032a2a4e8e70cb6d0d4e4f3b7d06f4e5f4acbaada3bfe6834d907745
2023-03-22 18:17:52,True,2.451e-10,7.525e-13,5581356382.0,0.042,0x11...4a5b,https://bscscan.com/tx/0x255b9cc4c166e5bf1f36673f6f53f14c5a175d35e42ef5cb3532ab266a8c1cbe
2023-03-22 18:16:46,True,2.464e-10,7.525e-13,15114378162.0,0.1137,0xef...8266,https://bscscan.com/tx/0x3eb3f8b28f8a2057218e3b6557d769071cab73561d9656b9261a514f2c65800f
2023-03-22 18:16:07,True,2.453e-10,7.524e-13,126249597834.0,0.95,0xeb...2e5e,https://bscscan.com/tx/0x851d4c5cde3aa2715c0a0470afe51da1af8252a929a343b4d1da9d48116fe0b3
2023-03-22 18:16:07,True,2.453e-10,7.524e-13,5800794888.0,0.0436,0xa0...8254,https://bscscan.com/tx/0xc0404ef02b6bebe7362b74024c48a21905554a570f9448b58179709933ba9369
2023-03-22 18:14:55,True,2.467e-10,7.524e-13,7973920000.0,0.06,0x54...69ba,https://bscscan.com/tx/0x4c5d63e60d4b3061d9f3a38d9d0d866d95154acdaa20a8abcade0fb8e914cb16
2023-03-22 18:13:22,True,2.469e-10,7.524e-13,46285264909.0,0.3482,0x17...6284,https://bscscan.com/tx/0xbaa9b7ccaacd74bfe8db87b0b727d35fa677f6382fd3324dd3ab78ad1123c47c
2023-03-22 18:10:34,False,2.457e-10,7.486e-13,68850126653.0,0.5154,0x63...18f6,https://bscscan.com/tx/0x413d6d49413c98503d4a27aa62f9fb52791d12e28a14060da4e08a047e6bdeae
2023-03-22 18:08:34,False,2.445e-10,7.487e-13,540000000000.0,4.04348,0x43...cfe5,https://bscscan.com/tx/0xb78d4e4fb7d0d3839997f201dc8fe50dd00ed6c7ceebbe694b89c6b34b76b041
2023-03-22 18:08:25,False,2.457e-10,7.488e-13,18020647383.0,0.1349,0xc4...97b7,https://bscscan.com/tx/0x1df1d034dcbec058f8e8ad8ac8afbbb4054f075cd4511e406037aaa79daa9119
2023-03-22 18:08:22,True,2.47e-10,7.526e-13,18601055717.0,0.14,0xa5...1679,https://bscscan.com/tx/0xefa5d72d8ee0947b8938f44a9178a857d4cf9a901c9b0079cf6d9ec50b4c3daa
2023-03-22 18:06:28,True,2.457e-10,7.526e-13,6643272099.0,0.05,0x63...1216,https://bscscan.com/tx/0x7f807ade22a2d67a20d276be70266b7f15895fa862e9acab36932fb9b9592bc8
2023-03-22 18:06:10,False,2.445e-10,7.488e-13,541780293.0,0.004,0xd0...bc90,https://bscscan.com/tx/0x4c3da2c7c8098c80981b32c89cd842c3bc48e3917532c9aba5bd4eadf9afd8f9
2023-03-22 18:04:10,False,2.458e-10,7.489e-13,156831741719.0,1.17453,0x83...de49,https://bscscan.com/tx/0x6d4c8521a0489acedc6747208b39aebf3d8567615ed31e822bbc5b43af7ccc43
2023-03-22 18:03:49,True,2.47e-10,7.526e-13,1490202223.0,0.0112,0x6b...fb38,https://bscscan.com/tx/0xfe3c9f14f070338ad8614c80a93a30822caad34a8e801564c4ab7854ab02b9da
2023-03-22 18:03:37,False,2.458e-10,7.489e-13,60114236952.0,0.4502,0x9e...6637,https://bscscan.com/tx/0xfbd05099625ce5e0adb020362844cd149ee5796a3d3a2f5a29bc837c200f5a26
2023-03-22 18:01:22,False,2.445e-10,7.489e-13,38733189797.0,0.2901,0x09...05dc,https://bscscan.com/tx/0xec06acffc4be59a96bb748ba3496cd47160e44819e47c63ff67c95644a39c9fb
2023-03-22 18:00:58,True,2.458e-10,7.527e-13,15000000000.0,0.1129,0x8b...1e96,https://bscscan.com/tx/0xf98a5dae43a58b06b97b42b135e46af5b2e51b1d0e14b16d9eef5eded98d64d0
2023-03-22 17:59:46,True,2.47e-10,7.527e-13,3003676918.0,0.0226,0xe1...00be,https://bscscan.com/tx/0x86440d12e5d3731a523265d96da3cc98864531958fbd58fa78aa0d071ca9e5a8
2023-03-22 17:58:58,True,2.457e-10,7.527e-13,48047058575.0,0.3616,0x79...62ea,https://bscscan.com/tx/0x84e070a9669406498595718fea5d26c35e8b11db1999ae7323a3a6c4fcccba17
2023-03-22 17:58:43,False,2.457e-10,7.489e-13,7170614168.0,0.0537,0x58...0615,https://bscscan.com/tx/0x3833e7de6c51b0dfaa074bf59753996bfdfed1cdd7e6ca7f600b3c4a7b7c932d
2023-03-22 17:55:10,False,2.456e-10,7.489e-13,18000000000.0,0.1348,0xdb...1ef5,https://bscscan.com/tx/0xbc702d3045b40bd867d71de7a3717d841871b24d39cd52f843c0c4ca89bc8371
2023-03-22 17:53:37,False,2.456e-10,7.489e-13,21951728439.0,0.1644,0x28...9065,https://bscscan.com/tx/0x3745352363a9dcc2161d002046325e3dc2fccbafde721a8eb71ad0ee85255a73
2023-03-22 17:53:13,False,2.443e-10,7.489e-13,54900000000.0,0.4111,0xb1...b2d3,https://bscscan.com/tx/0x9361f6a97af21baa895dd1ba4aefafd5fa3b695117ef2cb018e4d2629141ea89
2023-03-22 17:50:40,True,2.467e-10,7.527e-13,6111026631.0,0.046,0x43...f867,https://bscscan.com/tx/0x9ad3708df89b2365b7ec4f123bee6164c36aa3cabb1948531a49243ad553d295
2023-03-22 17:46:31,True,2.466e-10,7.527e-13,1727032326.0,0.013,0x4d...9a8b,https://bscscan.com/tx/0xb4386415a2ff31e2318721cc3acf23f85b6dcf7f1352e0d76401ec5b324b132e
2023-03-22 17:44:19,True,2.453e-10,7.527e-13,14000000000.0,0.1053,0x9d...7142,https://bscscan.com/tx/0x7041906bc150debc6d19bb5fa896eb5855165bc37dfaba1203cc848a2cb68c34
2023-03-22 17:42:19,False,2.454e-10,7.489e-13,1511420773.0,0.0113,0x0a...dc97,https://bscscan.com/tx/0x69da4ad04aecf20153934763554701de3d16c1476942096c78707272dc3da2e8
2023-03-22 17:41:34,False,2.453e-10,7.489e-13,16026837060.0,0.12,0xe6...6e50,https://bscscan.com/tx/0x0943ced40a885d27d559b8a967b63277919b67cecfd51471c55b7c3b9e7ff75d
2023-03-22 17:41:01,False,2.455e-10,7.491e-13,1079160292313.0,8.08465,0xd0...e281,https://bscscan.com/tx/0xd22ee6689959bc7ab3d4463151b179b82fff8dd2335e2455f594ea4cc86f5e94
2023-03-22 17:40:49,True,2.467e-10,7.531e-13,6373630934.0,0.048,0x95...1c11,https://bscscan.com/tx/0x5bffd32a2b2136d85a3d80f516a399c840e5026c4b70b82e77e511dc48d41b5e
2023-03-22 17:40:37,False,2.455e-10,7.493e-13,38388546254.0,0.2876,0xe2...1f2a,https://bscscan.com/tx/0x00ff0fbd7efac67291301a6717e936dc5360bb1913f60635d251a06562207d12
2023-03-22 17:37:04,True,2.468e-10,7.531e-13,1491352004.0,0.0112,0x97...ac9a,https://bscscan.com/tx/0xa57b9ee3bd87c63976e4cf4f083a97aa3f3f2e72f1a4524131c44ec65f974c4b
