datetime,buy_order,price_USD,price_native,amount_token,total_native,maker,etherscan_url
2023-03-23 21:53:38,True,2.373e-10,7.203e-13,6316692539.0,0.0455,0x7f...50c7,https://bscscan.com/tx/0x53eebc37d81052fd9c87f02d5a448499cf7a2f403491d3a5c378c10e66399bc1
2023-03-23 21:51:20,True,2.373e-10,7.203e-13,7831299926.0,0.0564,0x1b...3465,https://bscscan.com/tx/0x262cafeb44deb6b295c161cae672fa3fcc86d9896c17dd019df862e3f70fe4d0
2023-03-23 21:48:02,True,2.362e-10,7.203e-13,18315723845.0,0.1319,0x26...23db,https://bscscan.com/tx/0x18ebdb8867ffb2e91f92ffc9f5cac44a14b04f81b2cfe5741f841f94520ed2da
2023-03-23 21:46:35,True,2.363e-10,7.203e-13,832906011.0,0.006,0x5c...df8b,https://bscscan.com/tx/0x783625c0d48c70f9a417fc502eeef3814c49996887a57abc5cddb2f959521a10
2023-03-23 21:46:02,True,2.363e-10,7.203e-13,555270844.0,0.004,0x5c...df8b,https://bscscan.com/tx/0x5b21f2095547a2c76e6a4193c1bc035f5e4e1ef90a98ac4601cb6da82905739a
2023-03-23 21:45:59,False,2.363e-10,7.167e-13,1607171948.0,0.0115,0x74...3ea0,https://bscscan.com/tx/0x7ee8827ae25722c875d0582a9f5ed6234afa0db8a3f51b6fee03772afb11a720
2023-03-23 21:45:14,True,2.363e-10,7.203e-13,421247451083.0,3.03426,0xaa...3c06,https://bscscan.com/tx/0xddbeca7b8431f98515ad10ca5ed6f04d6312d9d2dda845ee7d6380bcb3f10606
2023-03-23 21:44:56,True,2.374e-10,7.202e-13,416530580.0,0.003,0x5c...df8b,https://bscscan.com/tx/0xfe591eacca5a3a0146feb6eea672308fc5c606af9a538b1b9ef8f9db9734e854
2023-03-23 21:43:44,True,2.362e-10,7.202e-13,11107510500.0,0.08,0x3c...3a17,https://bscscan.com/tx/0x2b18389cc57b763f39fc27285095bf7842fa67dbc6b645204fe3eb38a953242e
2023-03-23 21:40:41,True,2.375e-10,7.202e-13,6780753886.0,0.0488,0x3c...3a17,https://bscscan.com/tx/0x7c5e9dc83d693ec157966f5c45482d7d084d1148f1f4147188181f6c892be664
2023-03-23 21:36:59,False,2.352e-10,7.166e-13,11920916037.0,0.0854,0x15...535a,https://bscscan.com/tx/0x277f82bc2ad50ea11e88c6fa039aab709e769bb8ffb183e83c3144abe832b220
2023-03-23 21:36:17,True,2.364e-10,7.202e-13,6960000000.0,0.0501,0x01...02cf,https://bscscan.com/tx/0xb9b2167c69d9fb1dbe200d982b49714d1c0b785befd46f94dfde6fa3de17716c
2023-03-23 21:32:50,False,2.363e-10,7.166e-13,8405710681.0,0.0602,0xd9...7273,https://bscscan.com/tx/0xbde0fd054a4fc1c69c9ca50bed65d2b4b0e092415b57250c00b9b3e3d5be6848
2023-03-23 21:31:53,True,2.375e-10,7.202e-13,765202097.0,0.0055,0x15...4042,https://bscscan.com/tx/0x7156f0bef950fef7932bfe7063d575db8176797a3adde6f828537395a8a876d0
2023-03-23 21:30:47,True,2.375e-10,7.202e-13,1916046186.0,0.0138,0x18...97d0,https://bscscan.com/tx/0xee03fc3e8fb85fe81bc0e42df77aed590144b95cb5c35f50f3a668994aae649d
2023-03-23 21:30:35,True,2.363e-10,7.202e-13,138843990.0,0.001,0x4f...96f2,https://bscscan.com/tx/0x5818d7841b0a13410d2e265ca26fbf368575f803115832a99bf3f3a0fd2cc107
2023-03-23 21:29:20,False,2.363e-10,7.166e-13,10405747325.0,0.0745,0xb4...aae0,https://bscscan.com/tx/0x8aa1b3b98172595f701a87ef128f3776c92cf70779d57e36523da655d1a496a9
2023-03-23 21:28:26,False,2.363e-10,7.166e-13,71493715647.0,0.5123,0x29...2faa,https://bscscan.com/tx/0x9e1b482d11cef884962c56d77d59f697d2c402d144c69a196c021e142fe6209a
2023-03-23 21:25:35,True,2.363e-10,7.202e-13,402633060.0,0.0029,0xe5...6b86,https://bscscan.com/tx/0x94713b2a0226a2abd52f1f5039d9379612dd41e4b1cda65d8ff76da96fe8bf10
2023-03-23 21:21:41,False,2.351e-10,7.166e-13,27491290951.0,0.197,0xf8...b300,https://bscscan.com/tx/0x9393969f6e5ba9f71d56e3a00c237225f780c8d642df56f6a3b0f69be91374fd
2023-03-23 21:16:32,True,2.364e-10,7.202e-13,777489089.0,0.0056,0x78...0768,https://bscscan.com/tx/0x1bb0b9cd00eb49498e14f057a1ff02778f787a28d40e6ef919ef64c5fe032399
2023-03-23 21:15:23,False,2.352e-10,7.166e-13,76379853437.0,0.5474,0x67...6233,https://bscscan.com/tx/0x5a788ca7a4f2f4ea536cd062d62caf2b38bad4fbf5fefdfb73e7295cd9991076
2023-03-23 21:11:32,True,2.365e-10,7.202e-13,4100000000.0,0.0295,0x85...5125,https://bscscan.com/tx/0x9c60a3944331087a0f177d4fe0b6d92f8a962db1828d47032663b42fa401d2a3
2023-03-23 21:10:11,False,2.365e-10,7.167e-13,184529918747.0,1.32257,0x18...fc09,https://bscscan.com/tx/0xeb9ae56becfad9f25feaac13f5e6dd7b6fb6dbd959e768bb73e220bb57edd401
2023-03-23 21:09:38,True,2.364e-10,7.203e-13,49812296261.0,0.3588,0x84...8f35,https://bscscan.com/tx/0xbb1ded5708aace602b9df1cc457aed052219a3feb727e89c3848bcf4924507ff
2023-03-23 21:08:11,False,2.366e-10,7.167e-13,15142838005.0,0.1085,0x97...a2d9,https://bscscan.com/tx/0x9deac4d8ef78bc4c0a51792d7fd3b59daca0492e4fa4a9ea530930c6d337fe47
2023-03-23 21:06:56,True,2.377e-10,7.203e-13,2498828951.0,0.018,0x92...d167,https://bscscan.com/tx/0x8bdeb1695bc37124f40adfdad11e655248affff732bdc94fd8bf4426277d5873
2023-03-23 21:04:14,True,2.365e-10,7.203e-13,1482930000.0,0.0106,0xd3...ac98,https://bscscan.com/tx/0x8034535b1d0c5f4784e1478f74a74681c7fcc352a8dee7694b75df4d2487167d
2023-03-23 21:04:02,False,2.365e-10,7.167e-13,30111524164.0,0.2158,0xd9...3f5c,https://bscscan.com/tx/0x51758831f53d9a90ad12a364316c88babb442c2990f3077b3fca36d87d011730
2023-03-23 21:03:29,True,2.366e-10,7.203e-13,2582980000.0,0.0186,0xd3...ac98,https://bscscan.com/tx/0x2f7a31b476d4a861f1cabd21346579fcc4bc1c1dd0d4ddecbba0960cfb96c2e0
2023-03-23 21:02:29,True,2.366e-10,7.203e-13,5229700000.0,0.0376,0xd3...ac98,https://bscscan.com/tx/0x826cf675bf193a0d6cb02062867d4e3d4e9b27412532b47ae16d33675b0c13b2
2023-03-23 21:02:02,True,2.365e-10,7.203e-13,4936100000.0,0.0355,0xd3...ac98,https://bscscan.com/tx/0xa3622c3bbc92513dda7e420900888404621f9292d2ebf810326aad17ff52ce6e
2023-03-23 21:01:56,True,2.365e-10,7.203e-13,555291813.0,0.004,0x0e...bdf3,https://bscscan.com/tx/0xe425f1133beb1093fb281ad8b5c805d0b71f90bb8cebbe801499a93c24528b2e
2023-03-23 21:01:35,True,2.377e-10,7.203e-13,936100000.0,0.0067,0xd3...ac98,https://bscscan.com/tx/0x317ffabe9ba9c80e16d4b3423decf589fbb32177e3d023f76ff19c1853aee56b
2023-03-23 20:59:59,True,2.365e-10,7.203e-13,41979574696.0,0.3023,0xa2...caed,https://bscscan.com/tx/0xbaba4e89aaae647f5e3ac83328d80f7f3b32128638a9067c1572db310eba5acf
2023-03-23 20:59:29,False,2.365e-10,7.167e-13,1800000000.0,0.0129,0x73...2653,https://bscscan.com/tx/0x273b88fe5dc6ce47b52ebd95de4a777bd89de3d6815ba2fbb0310fab47582583
2023-03-23 20:57:53,True,2.365e-10,7.203e-13,30000000000.0,0.2161,0x56...35bd,https://bscscan.com/tx/0x19905f526e277e74ca1212caed9fba24756c576b5fcb8d0e2b96aa23d03f1928
2023-03-23 20:57:53,True,2.365e-10,7.203e-13,5000000000.0,0.036,0xdf...027a,https://bscscan.com/tx/0x0d5368221ceefc5ab910e61b03c9713685d413466df06beff30ca67748525463
2023-03-23 20:57:20,False,2.365e-10,7.167e-13,15442886645.0,0.1106,0x88...548e,https://bscscan.com/tx/0xef366bae2e4585f68863bde3308869805cbdd8f256184b4ca1518b2d00cfc348
2023-03-23 20:51:29,True,2.376e-10,7.203e-13,117288759630.0,0.8448,0x03...f9f2,https://bscscan.com/tx/0xeb405a8482bb97fa27eb1f8add89616cc5dc713f36845eb44460bf9317d330db
2023-03-23 20:50:35,False,2.362e-10,7.167e-13,304627227079.0,2.18337,0x67...90bc,https://bscscan.com/tx/0xb9d6700473f711740381d0ec67aca837b5c37b77368bed58058db87a820137f5
2023-03-23 20:49:44,True,2.361e-10,7.203e-13,8927242248.0,0.0643,0xae...9bd7,https://bscscan.com/tx/0x1553fc048a5cb901d476a525afdaab66caed03b6dfd563aa9b2073791892ebd5
2023-03-23 20:49:41,False,2.349e-10,7.167e-13,18347918824.0,0.1315,0x96...b882,https://bscscan.com/tx/0x01feb068aae17f423c8e0c1dad8f7473a50167f6b13d2eb32e801b545470c0c3
2023-03-23 20:44:41,True,2.374e-10,7.203e-13,7211233678.0,0.0519,0x1d...397d,https://bscscan.com/tx/0xa4b69ad2b367d0af3566f7b8d81555792115bfe42af06a2704f789a98021267c
2023-03-23 20:40:38,True,2.359e-10,7.203e-13,7477206652.0,0.0538,0x11...fed1,https://bscscan.com/tx/0xaaff72593b04e358be883400fce699b9e589c35bd7cab899da29a3daa9ed64c4
2023-03-23 20:38:59,True,2.371e-10,7.203e-13,694077923.0,0.005,0x78...d1f2,https://bscscan.com/tx/0xb4a08fa5f4de1d60fcb4b6fc6412561e45eda90a285f288a03f7ae88b993cc00
2023-03-23 20:38:05,True,2.371e-10,7.203e-13,417000000.0,0.003,0x21...9e6e,https://bscscan.com/tx/0xfecd09f1faa271fd81079f41cb4551fef829bbe16820d7812d3d37035ae02c58
2023-03-23 20:38:02,True,2.371e-10,7.203e-13,7457775244.0,0.0537,0xb5...41ef,https://bscscan.com/tx/0x7f1e3dd1195922033be84df7f316fb86c13441d09df5708139e406e69edf340d
2023-03-23 20:36:14,True,2.368e-10,7.203e-13,5932290000.0,0.0427,0xab...c9e2,https://bscscan.com/tx/0x76f245703b319a001e9df428852a8da24c5dda307c4bd4c628d740b70ffcafb7
2023-03-23 20:36:08,True,2.356e-10,7.203e-13,13881688133.0,0.1,0x4d...3661,https://bscscan.com/tx/0xca6e37f57e07b0f1eebbf85a65ea758760437a38a2f36c05f037b114ef4b316c
2023-03-23 20:36:08,True,2.356e-10,7.203e-13,3799877393.0,0.0273,0x21...b8c4,https://bscscan.com/tx/0x21bb64a072557c43508322e80a62b50a7a357c77c2581b4ff233fbe90cc056d0
2023-03-23 20:35:23,True,2.368e-10,7.203e-13,1305448039.0,0.0094,0x78...d1f2,https://bscscan.com/tx/0xbbfbf0bc561cb83b2a85dff02bdf4e34a793d3e2bde66c03a59b1815470ff8ab
2023-03-23 20:33:53,False,2.343e-10,7.167e-13,1262682937.0,0.009,0x33...1123,https://bscscan.com/tx/0x77f3b6d3c9617987fe389f5c81977778c4fd382a4f90955d171eb4bc1f064e45
2023-03-23 20:33:02,False,2.355e-10,7.167e-13,10798290001.0,0.0774,0x65...4a34,https://bscscan.com/tx/0x040218bd5df67ea238bfa8bab322728cbdb72843f7b13ed98003b3b6c5c6293b
2023-03-23 20:31:44,False,2.355e-10,7.167e-13,3665247942.0,0.0262,0xce...8c78,https://bscscan.com/tx/0x159f59d6300ba0a86985d8200cd3b99c35de68dae9153db1712f909459d8853f
2023-03-23 20:29:38,False,2.355e-10,7.167e-13,36228319562.0,0.2596,0x39...ae58,https://bscscan.com/tx/0x269da43f9c5b31558763e466287f936c665ad97fb2ff88cb9aa79abbea38ab42
2023-03-23 20:28:35,True,2.366e-10,7.203e-13,10000000.0,7.203e-06,0x82...6365,https://bscscan.com/tx/0xae15575201202681e4fec434ce4ec65a9d82f04dfe7d704830f90a6a8f2e64df
2023-03-23 20:28:11,False,2.354e-10,7.167e-13,31149000000.0,0.2232,0x77...3610,https://bscscan.com/tx/0x114c81b685e655e9b531844d16c39b976efc12da24f95044a38c3258df1c5306
2023-03-23 20:27:41,False,2.354e-10,7.167e-13,7048114976.0,0.0505,0x22...b59f,https://bscscan.com/tx/0xb32f66b9eb484d517dfa321349510d5f600d4aabed787060cf3c67df82f6a3a4
2023-03-23 20:24:44,False,2.354e-10,7.168e-13,8103413722.0,0.058,0xcb...cda7,https://bscscan.com/tx/0x99a6a895b8dfbb5b86405932dd65719a4ee08ac880ce3f22c432123e6f39b6c5
2023-03-23 20:24:29,True,2.366e-10,7.203e-13,6940590652.0,0.05,0xc1...a4ff,https://bscscan.com/tx/0xbb887e00a511f056bad9994a65a00593a7a9ccd943ee97c16ac0a9925bb8b92f
2023-03-23 20:24:11,False,2.354e-10,7.168e-13,24861561769.0,0.1782,0xe3...ee0c,https://bscscan.com/tx/0x09c138c16f2e0f26ca9541c4a94c6e5eb08fd2e272902a7281de8950923d30f8
2023-03-23 20:24:08,True,2.366e-10,7.204e-13,3595194873.0,0.0259,0x8e...feed,https://bscscan.com/tx/0x3d4c37ab799de6cf8ead935f207418a5fa538dae789b2fcab98de3d060176501
2023-03-23 20:23:50,True,2.366e-10,7.204e-13,7909124744.0,0.0569,0xd5...bc86,https://bscscan.com/tx/0x7bb3e59b2ed9368be8f518bc1a608c36abd051c8c7c801eb586397c4645ffc7b
2023-03-23 20:22:59,True,2.366e-10,7.204e-13,9022746632.0,0.065,0x84...b8db,https://bscscan.com/tx/0xc877e905185731aa3f75cc7317c570ae92c717e3b8aa52a7c9fa55ae78759c72
2023-03-23 20:19:02,False,2.354e-10,7.168e-13,2425348591.0,0.0173,0xf0...d667,https://bscscan.com/tx/0xd37d1572b81d965b21f216f1cbc05576b25828c5cc5d2cdb6bb17323b87c8147
2023-03-23 20:17:29,False,2.353e-10,7.168e-13,48129604998.0,0.345,0xe7...55eb,https://bscscan.com/tx/0xe2e2d948951a7778834695a7d7b96cf52660be5455825fc3fc0572dca0bdc895
2023-03-23 20:15:02,True,2.365e-10,7.204e-13,41656612273.0,0.3001,0xa7...3fa5,https://bscscan.com/tx/0xee163c1f46ffb0e7f09520e1939a4b581b3abf6610a4da93e396b22ea00a2e81
2023-03-23 20:11:47,True,2.353e-10,7.204e-13,555244966.0,0.004,0x3c...a34e,https://bscscan.com/tx/0x3d3192c9b73decd1ac464dcfd73d18897d4cb634ff8183554015195c33e7bee9
2023-03-23 20:10:29,True,2.353e-10,7.204e-13,635575199.0,0.0045,0xc9...e778,https://bscscan.com/tx/0x8072555a9b013c3621c644720c9f2a4c6eda6e57b3ad84de32b74e0e58b7f933
2023-03-23 20:06:47,True,2.365e-10,7.203e-13,23598044005.0,0.17,0x4e...4d15,https://bscscan.com/tx/0x157a738976d2b863816a40fb552366ea4105bcc2749b9d8cd947c2a7d464f309
2023-03-23 20:06:17,True,2.365e-10,7.203e-13,9533158145.0,0.0686,0xf3...616f,https://bscscan.com/tx/0x43441ce1697884b8656ce7bcaabc576bb1b2633b3e32d3b20c80df6abd948ebf
2023-03-23 20:04:20,True,2.354e-10,7.203e-13,11840158843.0,0.0853,0x5e...3e87,https://bscscan.com/tx/0x1b6d7294a9d72201c998f0003fb8f46d81e8e3d9b1eb070c109929898501fa78
2023-03-23 20:03:56,False,2.342e-10,7.168e-13,72750255467.0,0.5214,0x3d...2ede,https://bscscan.com/tx/0x3b44e9bee98dac85a39abdd7a952990586b577fd274f1701c7cc35bc1f6966f5
2023-03-23 20:02:32,False,2.354e-10,7.168e-13,10800000000.0,0.0774,0x8b...1380,https://bscscan.com/tx/0x1165e7629a0579955188bfffe69cbf9f5631ea30838707a1e721727c96b65c0c
2023-03-23 19:58:49,True,2.346e-10,7.204e-13,9000000000.0,0.0648,0x9c...c6c7,https://bscscan.com/tx/0x3ba43883f2bf7680ac6375e35427a27ab9d24959eec2defda1fc531ca389bd4a
2023-03-23 19:58:19,True,2.358e-10,7.203e-13,158886939825.0,1.1446,0xaf...8845,https://bscscan.com/tx/0x9f5561f9bc276ba4d788c84640f411a124473e1239842019981cede740d92fa1
2023-03-23 19:58:16,False,2.346e-10,7.167e-13,9000000000.0,0.0645,0x6c...2c94,https://bscscan.com/tx/0x0e1210dd72b897def37b62773b060ebcea81bd132f4c7b43171b66cc9d7bda7c
2023-03-23 19:57:49,True,2.358e-10,7.203e-13,7495739380.0,0.054,0x84...e27e,https://bscscan.com/tx/0x79f749041f67fb6beb0e6365db12314b84ad80c09dfad449d942f2dfed7580e1
2023-03-23 19:57:19,True,2.357e-10,7.203e-13,20000000000.0,0.144,0x9c...c6c7,https://bscscan.com/tx/0x747105126bf85d84d6fc2543a2b917c079cd81df7c9cb2e6aa5b96d804997b41
2023-03-23 19:56:22,False,2.335e-10,7.167e-13,65615265322.0,0.4703,0xd1...9946,https://bscscan.com/tx/0x3bc35e908b601afd6b1604d32c0e6ecbf0a82041b3cce107a299204376c4483c
2023-03-23 19:54:13,False,2.354e-10,7.167e-13,5089500000.0,0.0364,0xeb...0d6d,https://bscscan.com/tx/0xe57fa79ae14094799ce9388c912702071f4d5d26767cc2ccd9d3706828ccbf0d
2023-03-23 19:53:49,False,2.354e-10,7.167e-13,6700828029.0,0.048,0x0d...2882,https://bscscan.com/tx/0x73c9bc0da5f104f5fac6f254ee700319bf20156410a6b3aefa97c775083fc5c7
2023-03-23 19:51:04,False,2.343e-10,7.167e-13,5211375215.0,0.0373,0x42...3118,https://bscscan.com/tx/0x9a5bc8f0a9701fbda1b87147dc000d9d086c5624c25347c339c124b1e17b658b
2023-03-23 19:50:52,False,2.343e-10,7.167e-13,34652402111.0,0.2483,0xb9...b402,https://bscscan.com/tx/0xf19ca09f962e04bfe332aa13453a3c41a6dee0cfb796a3a3573ad3172a18e133
2023-03-23 19:50:46,False,2.343e-10,7.167e-13,1358175211.0,0.0097,0x34...94d8,https://bscscan.com/tx/0xfc0f2dff195629a220db2587371599af45819613e191622fcb040841462457cc
2023-03-23 19:50:19,False,2.343e-10,7.167e-13,8413893345.0,0.0603,0x92...b668,https://bscscan.com/tx/0x6c9db638e6bd86dd21b4e814a3eb61e09cc19fe93e345ae028d8c2aad1670ebf
2023-03-23 19:48:22,False,2.349e-10,7.168e-13,38510049109.0,0.276,0xcb...a7eb,https://bscscan.com/tx/0xfb8d68d388a3dc273ef04dea581d4814bee007f0a63f1c9f3fc4b3e7f2635861
2023-03-23 19:46:55,True,2.372e-10,7.204e-13,2515657528.0,0.0181,0x07...9e5e,https://bscscan.com/tx/0xb0b18768dd3e0ea7c59c6ee601772f6c57074e866dc29bb162c78001535f9bc8
2023-03-23 19:46:19,True,2.361e-10,7.204e-13,2466967611.0,0.0177,0x8e...feed,https://bscscan.com/tx/0x12c2cd8ffa56dca8e801205ba5fef9b2333118ede90e91cb273bd8f29ad57a05
2023-03-23 19:44:55,True,2.361e-10,7.204e-13,1647350000.0,0.0118,0xbd...b4f3,https://bscscan.com/tx/0x8905e603b89de23dbc2b2e02876a663c6b1ca5f6ba9088f1d4e7d59cb076bda8
2023-03-23 19:43:07,True,2.361e-10,7.204e-13,18000000000.0,0.1296,0xc4...32a7,https://bscscan.com/tx/0x6eb6e7a0d855fa888554303811f23f6ed734e09feade4d546090706544239364
2023-03-23 19:43:07,True,2.361e-10,7.203e-13,13881200001.0,0.1,0xdd...1f30,https://bscscan.com/tx/0xa2cff23d2166861397f58752a79d18d96130e0fbc34b99effe727dcb637633f7
2023-03-23 19:42:10,False,2.364e-10,7.167e-13,8558485122.0,0.0613,0x4d...3661,https://bscscan.com/tx/0xdef8f2c2f9d5fba4753743ef47eda76815ce25537e1a7e48a38879ac0eda109c
2023-03-23 19:41:13,False,2.351e-10,7.168e-13,5016078003.0,0.0359,0x3b...ec95,https://bscscan.com/tx/0x6fa8e975d858a4793168306a9207706ee54bdd071823b8ae402f2ed636bac103
2023-03-23 19:33:45,False,2.363e-10,7.168e-13,3494404096.0,0.025,0x4e...1472,https://bscscan.com/tx/0x8e212c79adb17c87c01a186b224b407655bf71233da4bf2996bcd18b90cd0b5a
2023-03-23 19:33:18,True,2.375e-10,7.203e-13,9628470000.0,0.0693,0xf4...2fe0,https://bscscan.com/tx/0xf54d5c37842548975a66940acfc3f269e0c22966fd724054012f018d8c1f084d
2023-03-23 19:32:42,True,2.363e-10,7.203e-13,1000000000.0,0.0072,0xe3...bf59,https://bscscan.com/tx/0x66757259a7eefd821c369ee162d4ba751a54d34a7eda598867964d3eaad4f259
2023-03-23 19:32:24,True,2.363e-10,7.203e-13,138812224.0,0.001,0x82...1ec0,https://bscscan.com/tx/0x551890e9a742e318ab0f2ed1cc55afca0eb64ca616f94f43e900df0570e37976
2023-03-23 19:29:36,False,2.351e-10,7.168e-13,2303369387.0,0.0165,0x40...455b,https://bscscan.com/tx/0xec08306f5761cfca623863b939db766d008bd2ab21165e1bc9a6d6c1167e1ee1
2023-03-23 19:29:30,False,2.351e-10,7.168e-13,3191386344.0,0.0228,0x2f...5905,https://bscscan.com/tx/0xbf015c9467133035f30925a45ec63a1da345f86613b045b91f524a2b4dbe0682
2023-03-23 19:27:30,False,2.352e-10,7.168e-13,9050161950.0,0.0648,0x4c...bd2c,https://bscscan.com/tx/0x3ea43e71df5e6b7b444c3e4160eee4d7599de8ddf1487b19416c64db21c4a59b
2023-03-23 19:24:09,False,2.352e-10,7.168e-13,9004473681.0,0.0645,0x85...3ab5,https://bscscan.com/tx/0x7774f34c379d30401b0d0808a8738240842dacdfaf4a82668b2f857d78ed751e
2023-03-23 19:23:18,False,2.364e-10,7.168e-13,14169955446.0,0.1015,0xdf...1596,https://bscscan.com/tx/0x3e44a4ebc6c4e6485b3239b705208a1c02a314d5cbdc3624ec3ff79be267bd9e
2023-03-23 19:21:12,True,2.376e-10,7.204e-13,1000000000.0,0.0072,0x29...4836,https://bscscan.com/tx/0x85fef4a66d3efa3a645f0f973da2e2b241f70d939aa27dc91f7fc340426c15f3
2023-03-23 19:20:30,True,2.376e-10,7.204e-13,3472362038.0,0.025,0xb5...41ef,https://bscscan.com/tx/0xa83b8ec6e1a3db03b00ee279d24a403ac1d1d0d874fc4bb569d40b5048bcd687
2023-03-23 19:18:36,True,2.364e-10,7.204e-13,23922804532.0,0.1723,0xc4...af5b,https://bscscan.com/tx/0x80f1160ef0e71ffc3065297f7a2b8fe329606e3e9b118c93f76680b914c80757
2023-03-23 19:17:42,False,2.352e-10,7.168e-13,4316356963.0,0.0309,0x42...f86a,https://bscscan.com/tx/0xa2b95137a8e40f3799cb6e89bc13cf4a2fa6f53f08d35cb47acf9428c4f4d474
2023-03-23 19:16:48,True,2.375e-10,7.204e-13,1350000000.0,0.0097,0xb4...dc17,https://bscscan.com/tx/0x0112efe285dab5d56395b5f93081e698dafa3233b465af4e63171d39fe367824
2023-03-23 19:16:15,True,2.375e-10,7.204e-13,971680000.0,0.007,0x0d...a8cc,https://bscscan.com/tx/0xfb6eb65d14aeeaf63bdb7e34a6e4754a0b67f3edebe97ac67c28bedf83940ce5
2023-03-23 19:15:24,True,2.375e-10,7.203e-13,42398903281.0,0.3054,0xbe...44e4,https://bscscan.com/tx/0x44f0cd48e483aadc67e000de5ce8f950df0c02a697ce580b0fb8e84799b30aa9
2023-03-23 19:15:00,False,2.363e-10,7.168e-13,90630021904.0,0.6496,0xaf...8845,https://bscscan.com/tx/0x2488eb46734bdcc88f0e02e1108812604b269cddae9cd76c9bc533287cabbdb4
2023-03-23 19:13:12,False,2.351e-10,7.168e-13,14849011392.0,0.1064,0x85...4d99,https://bscscan.com/tx/0xe90023b13aafa3e3fe31932fa6297eecd520ab8c9e72ad00d60f3e594eda348b
2023-03-23 19:12:15,True,2.375e-10,7.204e-13,13880700001.0,0.1,0x60...10ba,https://bscscan.com/tx/0x18f992545ce4f3d39eccd586215863d03a2a2e4d4e2593519fe554613588b113
2023-03-23 19:11:54,False,2.361e-10,7.168e-13,3518080756.0,0.0252,0xdd...444b,https://bscscan.com/tx/0x3c824361e97b021aea7752df06e0580a11646c9de225660dfabd35d987de0d6a
2023-03-23 19:11:48,False,2.361e-10,7.168e-13,3681559169.0,0.0263,0xb1...2d51,https://bscscan.com/tx/0x667d06b55b222aeab788b57f3a8d424f5e8c8d0449c69a33c12b37b1bcfa2d16
2023-03-23 19:11:39,False,2.361e-10,7.168e-13,35937403262.0,0.2576,0xf3...5b47,https://bscscan.com/tx/0xbf8e485576d55c3cf46e06f79ee020fc159a8424fd8dd605f74c86d21ec710ce
2023-03-23 19:10:45,False,2.349e-10,7.168e-13,3518080756.0,0.0252,0xdd...444b,https://bscscan.com/tx/0x6b472aadb9aabccd6d2c47c8e5981c714ce22452d713ab389b624be9e7b07a46
2023-03-23 19:08:39,False,2.361e-10,7.168e-13,25779216408.0,0.1848,0x25...d994,https://bscscan.com/tx/0xa238d9bff8d71047982f89e8bea73dca2b48c3d46c41bad19da668c305fae271
2023-03-23 19:06:45,False,2.361e-10,7.168e-13,4862930191.0,0.0348,0x58...0adf,https://bscscan.com/tx/0x251921f766a2eae2399fdf763813c3253153e76fcf4464a6dfa4aeec474be224
2023-03-23 19:06:12,False,2.361e-10,7.168e-13,30071440541.0,0.2155,0xc8...c814,https://bscscan.com/tx/0x2a4492d105946aaa14bc20a12b029658e5d4ffa78b61142906f10150636e65a2
2023-03-23 19:04:06,True,2.373e-10,7.204e-13,3441410042.0,0.0247,0xa0...2ae4,https://bscscan.com/tx/0x2e76d32ced2653d8c29689713ee78f2563b2db6366d6fe32fd237c91f2e8985a
2023-03-23 19:03:51,False,2.35e-10,7.168e-13,29130096654.0,0.2088,0x83...af78,https://bscscan.com/tx/0xd6dd30cf3eb066e7a21dcca06d76dbab91d0dbfafe8ea31abc4679a693474b21
2023-03-23 19:02:48,False,2.349e-10,7.168e-13,11608282029.0,0.0832,0x5d...afce,https://bscscan.com/tx/0x09a355b8428f5bd3d950ff066ff15730e517900737c86d0fe4b3b31ed301086e
2023-03-23 19:02:39,True,2.361e-10,7.204e-13,5082255992.0,0.0366,0xa0...2ae4,https://bscscan.com/tx/0x817620a8d016b20da852b149019d7df22164de9098cccd8fabac0d0a2bf66808
2023-03-23 19:02:21,True,2.373e-10,7.204e-13,4407130001.0,0.0317,0x09...fb67,https://bscscan.com/tx/0xb937d6bb43e70102ae0421b2a07af5bc22e94e32c5515959dabd7de5d5fc492b
2023-03-23 19:01:06,True,2.361e-10,7.204e-13,1899523863.0,0.0136,0xb5...41ef,https://bscscan.com/tx/0xf127f8cbe2e04421efc7811323e15b4a41516cef67289ff61123bfc53c82daa2
2023-03-23 19:00:04,False,2.36e-10,7.168e-13,35387890050.0,0.2536,0xd5...2dc0,https://bscscan.com/tx/0x495c40dda7a6c5fe1ed61a0caa2b72d0c01562a1d18506111c6d082047aadf6e
2023-03-23 18:59:55,True,2.372e-10,7.204e-13,4305600000.0,0.031,0x16...28c6,https://bscscan.com/tx/0x955dd04b3e66d11c605bae16e9a7021c78b5105562492026f43051e96e7dbc03
2023-03-23 18:59:19,False,2.36e-10,7.168e-13,9000000000.0,0.0645,0x72...abd3,https://bscscan.com/tx/0x7caeca8e88fe00e4fb0dd6d8d20f3f7c65e9945b5a395bc077f67cca91ea2eba
2023-03-23 18:58:34,True,2.365e-10,7.204e-13,13250835758.0,0.0954,0x07...9e5e,https://bscscan.com/tx/0x35482ba244de48a7c2028a384c95f70d4b507755fd6f0d6d4d129c1e8448595d
2023-03-23 18:58:25,True,2.365e-10,7.204e-13,9021935173.0,0.065,0x0a...6ee2,https://bscscan.com/tx/0x0aa611c814f3012b0d6c4adcd7a3bf26aa26d4c0e1b362e2036ab698abbc10c6
2023-03-23 18:58:13,True,2.378e-10,7.208e-13,207054096.0,0.0014,0xa3...b362,https://bscscan.com/tx/0xe01b54d7f411e554981e8fafb8371f14e348e259da7e12f67d9337d5e49bb81d
2023-03-23 18:58:10,False,2.365e-10,7.168e-13,4942097503.0,0.0354,0x9e...9ee7,https://bscscan.com/tx/0x6ddc3d3f0bac9754bace4b07a07894c357940290ef9b1deb27ac3ddadea7689f
2023-03-23 18:56:58,False,2.365e-10,7.168e-13,8350937277.0,0.0598,0xc7...3a1f,https://bscscan.com/tx/0xe48743cd12c57323f55ca63e5b49dd3cb192da26b6638ee9b1f84040e260fd67
2023-03-23 18:56:25,True,2.365e-10,7.204e-13,4200402126.0,0.0302,0x09...6359,https://bscscan.com/tx/0xa512fe5b5c2fb80154dc9f4aa819591cbcebff6de01642700847ac743fa9617f
2023-03-23 18:52:10,True,2.376e-10,7.204e-13,141579152132.0,1.02,0xad...2749,https://bscscan.com/tx/0xff7b2bbd9e2a7add26431b08909d969a8be58d2d2b7728cf065febe5a0dacc24
2023-03-23 18:52:10,False,2.364e-10,7.168e-13,5653047511.0,0.0405,0x2e...2456,https://bscscan.com/tx/0x24c26643a62411e3e040765f81290773edce76d412b5edcd56eec8f934a25eeb
2023-03-23 18:50:58,False,2.364e-10,7.168e-13,100022856484.0,0.717,0xcf...4879,https://bscscan.com/tx/0x43ca7e9ccd39c713cfa4a5af4871b15d10d9388d71bf059e56c41a5c487a6b20
2023-03-23 18:50:28,True,2.364e-10,7.204e-13,5600000000.0,0.0403,0xe9...dfde,https://bscscan.com/tx/0xb6cb999c62b7c3b88fb7bb6fd70ca5d330a026d4327b8655115443e42f0a6fcd
2023-03-23 18:49:34,False,2.364e-10,7.168e-13,37043161438.0,0.2655,0x4e...fd82,https://bscscan.com/tx/0xd617e8e259903b4af02413b6cf057930de7b0ee3f0e127e414fe81acda8ab080
2023-03-23 18:49:22,False,2.364e-10,7.168e-13,5400000000.0,0.0387,0x74...ea22,https://bscscan.com/tx/0x6cee6734da58e28fd83303de2aee426ff1058e1438d35161d9486dd9668b5171
2023-03-23 18:48:40,False,2.353e-10,7.168e-13,9418503530.0,0.0675,0x2f...c91b,https://bscscan.com/tx/0xbffd7d5e44532c1c389780685d549a82176ae36c7906f0f5e32ea33ce149adcf
2023-03-23 18:46:52,False,2.353e-10,7.168e-13,4179065585.0,0.0299,0x58...8449,https://bscscan.com/tx/0xb78cc2685234e99f193c8c1ed39d003d9ed497c019c71daa21a53ff52e82314c
2023-03-23 18:46:04,False,2.364e-10,7.168e-13,51301782384.0,0.3677,0xaf...8845,https://bscscan.com/tx/0xfc4b9bb589f52b4791030219b666ce72faef6dbc1e837f39aa2b60de33b18df4
2023-03-23 18:45:19,True,2.376e-10,7.204e-13,7123371434.0,0.0513,0x7b...0280,https://bscscan.com/tx/0x82621713d2b6323e4e1d9c7707a0bb48ae0b42ddce1580181de2f18c570a3d04
2023-03-23 18:44:40,False,2.353e-10,7.168e-13,13500000000.0,0.0967,0xa7...27f2,https://bscscan.com/tx/0x99d16beb62cf80863b18c074d5dc331ee3a39f7d24c5a4122caa023c0da2e968
2023-03-23 18:44:34,True,2.364e-10,7.204e-13,41320514604.0,0.2977,0x6a...b0e4,https://bscscan.com/tx/0x18798e55e26861c3da576dad34cd3360e646b82fef729e01e5351b4b342ba83a
2023-03-23 18:40:19,True,2.376e-10,7.204e-13,13879729908.0,0.1,0x4b...a346,https://bscscan.com/tx/0x73ef74ffe4deb2849760d580b30157cb7ca5ed762ec5b0ed0ff9bc112d6dea1d
2023-03-23 18:39:04,False,2.352e-10,7.168e-13,129579389454.0,0.9289,0xe8...86a4,https://bscscan.com/tx/0x776f72e0de1faeb9d2385f3316358cad49bec257ba0aa404212bd6ce269376dc
2023-03-23 18:38:40,False,2.364e-10,7.169e-13,145519351579.0,1.04329,0x4c...98ee,https://bscscan.com/tx/0x89d493f37f1aba9a76ac8e0f5b9315c293fcb0503593de4c1b60fa02f11386d9
2023-03-23 18:37:58,True,2.376e-10,7.205e-13,3406420427.0,0.0245,0x29...22b9,https://bscscan.com/tx/0x2b0da506b2f61fe3d91f5438306e64dfc543581d165013b78acddbfd1798e577
2023-03-23 18:36:07,False,2.364e-10,7.169e-13,37528021754.0,0.269,0x6b...ed57,https://bscscan.com/tx/0xca4060342066c87af75e3f772eec8c3518a57fe379f5c61409644182cb37d1fe
2023-03-23 18:33:01,False,2.364e-10,7.169e-13,89866597102.0,0.6443,0xf8...61f7,https://bscscan.com/tx/0x096ea2e4e4ce1d6ac20da1f638e56e85df4eeccc1f7a13b81a87336bdedcb458
2023-03-23 18:32:16,False,2.352e-10,7.17e-13,17779539563.0,0.1274,0x36...374f,https://bscscan.com/tx/0x93283c051b63ead78b5262dacc4c157bc04ccbd405257a996f92c4aa9036c048
2023-03-23 18:31:34,False,2.352e-10,7.172e-13,1350000000000.0,9.68248,0x42...b3e8,https://bscscan.com/tx/0xa2ff407b7f7f4247c6a47dd21d7ac6811a21122c07f61a815fe9ecd8c8da2233
2023-03-23 18:30:37,False,2.365e-10,7.174e-13,20700000000.0,0.1485,0xb4...2dad,https://bscscan.com/tx/0xa1c19172a52aee3462e3944ea4e89d8e4d8a314d137dc5e222ef2eb292a499d2
2023-03-23 18:30:28,True,2.365e-10,7.21e-13,6827515018.0,0.0492,0xc1...3e84,https://bscscan.com/tx/0x23c0b4e5d8f43fe2600333c4dbf0963f81668a85b21b3b91ff0fe393244f4701
2023-03-23 18:29:10,True,2.366e-10,7.21e-13,23845917330.0,0.1719,0x18...16ef,https://bscscan.com/tx/0x6a5a6af610dcf59ecf2d15c11f8f75a6c2aebbc1606c94754b62803a7af7b2e1
2023-03-23 18:28:34,True,2.366e-10,7.21e-13,4000000000.0,0.0288,0x99...84a3,https://bscscan.com/tx/0x7b2c0e9fd67f1cac31c2e81afd66c87266656a0781c5d6f3927cf3911f935218
2023-03-23 18:27:13,False,2.367e-10,7.174e-13,2903145609.0,0.0208,0x27...fb32,https://bscscan.com/tx/0x5eccadd4fe17bcff7fff6160f8b4d3ed7a30490032747e6d6b56b131533fe2de
2023-03-23 18:25:16,False,2.356e-10,7.175e-13,479601768858.0,3.44118,0x4a...f0eb,https://bscscan.com/tx/0x812d7d42ef8a75013013062f47cb014683912966a75c23548db4a44448439fe0
2023-03-23 18:24:31,True,2.38e-10,7.211e-13,5000000000.0,0.036,0xa9...55d9,https://bscscan.com/tx/0x01cff581aae3acd3332eb9863b7e9ef40fc2ea8c85690e186b488e1ce3ed55e3
2023-03-23 18:23:31,True,2.368e-10,7.211e-13,12100000000.0,0.0872,0xdd...4d97,https://bscscan.com/tx/0x7f42dcfd6b29c09b75ff9a5a24d1d79a1de659f460406e6753da8e294cf30318
2023-03-23 18:23:22,True,2.368e-10,7.211e-13,2279704513.0,0.0164,0x1c...3112,https://bscscan.com/tx/0x39d66c6a1dd1a62d57f75b080e29d98d65b60435fc7b17cf9cb44d8e0381e74d
2023-03-23 18:23:01,False,2.357e-10,7.175e-13,98265941226.0,0.7051,0x05...7066,https://bscscan.com/tx/0xeadcb7fdb8d0eeaf67ca8ecc9850d0deea41c1b47ca3fb3b9eb0149e50012edc
2023-03-23 18:21:58,True,2.381e-10,7.212e-13,20806000000.0,0.15,0xc3...7f84,https://bscscan.com/tx/0x7c542a142f77b0539d064dfe83590e47fb9b0cd0dc044fa523e9dba0101c68e8
2023-03-23 18:21:40,True,2.369e-10,7.212e-13,2592663505.0,0.0187,0x74...3144,https://bscscan.com/tx/0x4d50b0563f08c2f095b58af101ba335a3f653762828f56ec1644c65c0b424216
2023-03-23 18:21:37,False,2.369e-10,7.176e-13,72000000000.0,0.5166,0x1c...3c2a,https://bscscan.com/tx/0xa66ad20b3ed64d22bf3e712b71422c3061942e4db5b346e1a51d056f309bdb22
2023-03-23 18:20:20,False,2.357e-10,7.176e-13,5475095971.0,0.0392,0x5f...9ffd,https://bscscan.com/tx/0xeb0bc0a53a8277180f88aae1510c395a3fc062032037319050bf036e017df314
2023-03-23 18:19:06,True,2.381e-10,7.212e-13,1326193362.0,0.0095,0xd1...2d7d,https://bscscan.com/tx/0xe2e3cd64b63bcbca67b4b593af75d757b6aba14b6e09b501697fbb36e21d61fd
2023-03-23 18:19:06,True,2.381e-10,7.212e-13,6000000000.0,0.0432,0x3e...15b2,https://bscscan.com/tx/0xa4b023faac743c9ed68ce7e034e2e473f8b3936b4ed250671e5371ca44b538c4
2023-03-23 18:19:00,True,2.369e-10,7.212e-13,42982863678.0,0.31,0x38...a4bb,https://bscscan.com/tx/0xcddbe1163450155730d7c5a805aef2d6d1ebbb5350505cd0469af3d0a6d8940d
2023-03-23 18:18:19,False,2.357e-10,7.176e-13,3557406847.0,0.0255,0x2f...2b70,https://bscscan.com/tx/0x7f7fb7a41741eaee423b34b4ade43bf4a5660c3d2056e1b9209361c1aaa0719a
2023-03-23 18:17:43,True,2.368e-10,7.212e-13,4159668811.0,0.03,0xe3...bfad,https://bscscan.com/tx/0xbdebb6617bcc617b1dca24a00d642b3da4f7dd97faec2bde422d4d400c20c251
2023-03-23 18:15:01,False,2.369e-10,7.176e-13,9137528962.0,0.0655,0x1e...40b2,https://bscscan.com/tx/0xdeb887bb6f71ddbf65880096a76ef226c68a0470ac7019b406ae9cc7861062e4
2023-03-23 18:13:31,True,2.369e-10,7.212e-13,4719550462.0,0.034,0x86...9a35,https://bscscan.com/tx/0x065f4e415e8069bf2bb0331a40e9113e1faa872cdb8b9861f1d93b32366fe0e5
2023-03-23 18:13:22,False,2.357e-10,7.176e-13,50788553021.0,0.3644,0x72...3582,https://bscscan.com/tx/0xe7bc6d630df95d42e08b57628d93a419035a1d9bcbce4740dc1ec3337789c2f3
2023-03-23 18:13:16,True,2.369e-10,7.212e-13,4159575046.0,0.03,0x2e...b512,https://bscscan.com/tx/0xc295ea2e715b460b5d69d6b4576d351426592dbb5d3b8a43d903a4775f6f5b95
2023-03-23 18:12:46,False,2.369e-10,7.176e-13,17956317326.0,0.1288,0x0d...d251,https://bscscan.com/tx/0xfa5619d09ffb8efa87fad247af0ca5bc750574ed7701678ab597d2c250b0b2a5
2023-03-23 18:12:07,False,2.358e-10,7.176e-13,93732009641.0,0.6726,0xd5...c747,https://bscscan.com/tx/0x27cf108ee90dd8e2f63d52ddae900ea4a835841f4e16dc996ed3c414057498ba
2023-03-23 18:10:58,False,2.358e-10,7.176e-13,4674734055.0,0.0335,0xf1...a926,https://bscscan.com/tx/0xbb573610f9eae86eeafdbf7dcd4def3b21c46764fc8ef3ceaf2d531b25f24bcc
2023-03-23 18:10:40,True,2.37e-10,7.212e-13,8330332080.0,0.06,0xaf...e720,https://bscscan.com/tx/0xd4ce00904a6b350f7f77f3bf6a018136d42c7b6c2b124a95dfe45947ffd68fad
2023-03-23 18:10:34,False,2.358e-10,7.176e-13,19139169607.0,0.1373,0x7f...2d78,https://bscscan.com/tx/0x413b3f738ee2d2e1452ac4bca117c180d2cdca453496453cc5e2d8faa6e21da8
2023-03-23 18:09:58,True,2.37e-10,7.212e-13,6689436986.0,0.0482,0x13...ed0c,https://bscscan.com/tx/0x88f4b78494e5d9d86a05e356bb51224315be1492d5a44025f89e26f54171feb8
2023-03-23 18:08:04,True,2.382e-10,7.212e-13,43000000000.0,0.3101,0x81...f2da,https://bscscan.com/tx/0x7ba601372b625670f5194b7bda85e93f757489dd6c9ca8bf0fa8ebf803324aa7
2023-03-23 18:07:58,False,2.358e-10,7.176e-13,19577739213.0,0.1405,0x98...8dbf,https://bscscan.com/tx/0x20bb25347f6f49e09b5e45e5ba1fb0101921daa96089334ff2dc75e265c83528
2023-03-23 18:06:31,False,2.358e-10,7.176e-13,3330839876.0,0.0239,0x1c...3112,https://bscscan.com/tx/0xb12caf0fa0818cb0d9e623deae92c38a959fa8fdfc3c8eb33df555d22334909a
2023-03-23 18:05:34,False,2.37e-10,7.176e-13,144633037253.0,1.038,0x1d...9638,https://bscscan.com/tx/0xc04ee4bef4423467ed423af9dbbef6fa1df9ad05175bad44c9d572f3eac76ed1
2023-03-23 18:03:13,False,2.358e-10,7.177e-13,11991452630.0,0.086,0xa4...fd3b,https://bscscan.com/tx/0xf9f8d5b281398b95ca16cfc561ffd3e0e3e56ee9290d9334854ce2f02fed1547
2023-03-23 18:02:04,False,2.371e-10,7.177e-13,7954618724.0,0.057,0x5d...a9ae,https://bscscan.com/tx/0x80425699a47f2ebb6c59975b2ef2d1d02b9a9eab6629e6d33d97ae6c87a77ca9
2023-03-23 18:01:55,True,2.382e-10,7.212e-13,103419289312.0,0.7459,0x5a...048b,https://bscscan.com/tx/0x20d2e839e6b0fd30d7af5cf6c4252f9db7e81fbc6e443951d47fcb836aa6dca0
2023-03-23 17:59:49,True,2.382e-10,7.212e-13,6400000000.0,0.0461,0x2a...0ff9,https://bscscan.com/tx/0x31ca8818bec18fa2507a72057490a5e7d2f80ee1667cf10e5a703d32b411cae1
2023-03-23 17:57:28,False,2.358e-10,7.177e-13,591903292860.0,4.24849,0xef...5463,https://bscscan.com/tx/0x582cd76e8d5fc1b2610c4d071d38cb0197c8652727c5eb7fe9c59a80646bc8cd
2023-03-23 17:55:40,False,2.37e-10,7.178e-13,174035753358.0,1.24938,0x3b...899a,https://bscscan.com/tx/0x29d91df6a59aedc99194d9d276712b368baac4eff8cdc3058fe9b139e50ba30c
2023-03-23 17:54:46,False,2.37e-10,7.179e-13,9000000000.0,0.0646,0x74...3144,https://bscscan.com/tx/0xf0e02bd20e0877fc47775c043ed964b9ffd91e23b6f3ed85a7a687a4b37fe79f
2023-03-23 17:54:34,True,2.37e-10,7.215e-13,41980055104.0,0.3028,0x9f...4334,https://bscscan.com/tx/0xeb590b804a1775ce73d0b0e30bb2c77afc316953ca2820f98beea8906c832e4e
2023-03-23 17:54:28,False,2.358e-10,7.179e-13,84058244757.0,0.6034,0x5e...b1a3,https://bscscan.com/tx/0x95028b2adc7d33787b5f6523286a6cfe90bec32f828a62fa78439e0b28e92b9e
2023-03-23 17:54:04,False,2.358e-10,7.179e-13,84058244757.0,0.6034,0x5e...b1a3,https://bscscan.com/tx/0x4a71b3e0254065074c579a69e3453ec7768b773238a640ac6ba1726355c4d061
2023-03-23 17:53:46,True,2.382e-10,7.215e-13,1822583958.0,0.0131,0x9c...b293,https://bscscan.com/tx/0x10afc66153083800f09207d9c3248bc524368f2e695a477b499fe1a42e3847ff
2023-03-23 17:53:13,True,2.37e-10,7.215e-13,2934210000.0,0.0211,0xfc...5a8d,https://bscscan.com/tx/0xb7811bfb23f98b13376b868b7baddaf22b1ac84a5872f51b7af444e33beca7d9
2023-03-23 17:52:43,False,2.358e-10,7.179e-13,86657372795.0,0.6221,0x05...7066,https://bscscan.com/tx/0x75c2edb40d7b6e8845b9bf7f2e032d6cbaf62380e12d80a4292bc00f1fbce956
2023-03-23 17:50:46,False,2.371e-10,7.18e-13,90766990723.0,0.6517,0x96...114a,https://bscscan.com/tx/0xc38b362acd63d1c188f81dddefc67a6629b93ed7f4176b66559908059f84d481
2023-03-23 17:49:13,False,2.371e-10,7.18e-13,1475299905.0,0.0105,0x60...1727,https://bscscan.com/tx/0x895ba3877658a826b229725c7c3da82a561650747500b8ccfb6181eb493034ca
2023-03-23 17:48:16,False,2.371e-10,7.18e-13,5850000001.0,0.042,0x9b...42b1,https://bscscan.com/tx/0xab4e5e4500aa0971c41417e44b0701b4279ddbdb11b5288637e5f88b491d65ac
2023-03-23 17:47:25,False,2.359e-10,7.18e-13,109813841513.0,0.7885,0x1f...1567,https://bscscan.com/tx/0x574f9b4268b2421d1af07e827e70a693de803da48da677ada85121487d54a3d8
2023-03-23 17:47:16,False,2.371e-10,7.18e-13,112507311700.0,0.8078,0x14...3de5,https://bscscan.com/tx/0xb4b9c2b24eedd6bacdb8166ce8dbbd385422a77d3700c4a921453ea59366aeed
2023-03-23 17:46:55,False,2.359e-10,7.18e-13,10614760319.0,0.0762,0x99...c7c8,https://bscscan.com/tx/0x7daf29d953fe8830bf1dea8f1d702cdd144919f526bf41c9d20fd47013a83b51
2023-03-23 17:44:58,False,2.371e-10,7.181e-13,56971462525.0,0.4091,0xc2...5332,https://bscscan.com/tx/0x01a3943f6f9c13759429ff7d973ebec16d1fd0ac85cd25897ade0117fe03c246
2023-03-23 17:44:28,False,2.36e-10,7.181e-13,76913450734.0,0.5523,0xa1...f8e0,https://bscscan.com/tx/0xa3a0c9487aec72d49a1a592016a0b350d458611708ef4b920961764673542e1d
2023-03-23 17:43:25,True,2.384e-10,7.217e-13,10000000000.0,0.0721,0xc4...32a7,https://bscscan.com/tx/0x127c0d1229e8f66732f55a047d8171028237d726aad22bd4c990795f50f66690
2023-03-23 17:41:52,True,2.384e-10,7.217e-13,14589899295.0,0.1053,0xed...e49e,https://bscscan.com/tx/0xecbbd28306908239831ed6f7b5f4fcc3a1b242db88251c0369f2f0393296b34f
2023-03-23 17:41:43,False,2.372e-10,7.181e-13,49194256588.0,0.3532,0x30...35c2,https://bscscan.com/tx/0x10232985f69afdbfee3ed3be84463079cb6b2cea317ad8c499742ed167554c1b
2023-03-23 17:39:46,False,2.361e-10,7.181e-13,198868687617.0,1.42822,0x36...13b6,https://bscscan.com/tx/0xaa8cecae8840916f7cc14522954063f59bcd15f648811155f83f0728deaaf455
2023-03-23 17:39:10,False,2.374e-10,7.182e-13,7361924197.0,0.0528,0xb8...76c8,https://bscscan.com/tx/0xe20b90fab2f84968d29476e62462ceaad6a8f407338df190b0846946a3c5e7bb
2023-03-23 17:35:19,False,2.376e-10,7.182e-13,93981600000.0,0.675,0xb5...9590,https://bscscan.com/tx/0xdbf3a0ab9a6f117bfd791f4e8aedca9fee2bce2b34d5e5ba5793855531a79e42
2023-03-23 17:34:04,True,2.376e-10,7.218e-13,4268968577.0,0.0308,0xfa...5873,https://bscscan.com/tx/0x336626390a8d17bb962e5586fa70e309f94443919cce6990d12445068fad0310
2023-03-23 17:32:58,False,2.376e-10,7.182e-13,3600000000.0,0.0258,0x03...6486,https://bscscan.com/tx/0x4c0ff3e2a4a3a1d32eebf9447349dbc949e8f5b17c4b140c3a75bf54f08e64cd
2023-03-23 17:32:43,False,2.376e-10,7.182e-13,10024380001.0,0.072,0xb6...6108,https://bscscan.com/tx/0xf8e6c5766dcac4dc52d4941fa979cce0f0e3bfb2fdbfe11b058c6571f5958268
2023-03-23 17:31:19,False,2.364e-10,7.182e-13,65615069333.0,0.4712,0xd1...9946,https://bscscan.com/tx/0x6217a6be73ff1b9578457e761b4949c50a4e03ee818366e1cb74f57fc57920cb
2023-03-23 17:29:58,True,2.376e-10,7.218e-13,21504527025.0,0.1552,0x7f...d9a1,https://bscscan.com/tx/0x827d188b2cbbcd87d86c4df675d9a4b51fa687ff62631c2d205b19cc14edf592
2023-03-23 17:29:49,False,2.364e-10,7.182e-13,9000000000.0,0.0646,0xb6...24cb,https://bscscan.com/tx/0x005f83dbc2c77eef5edf22c16fe8add235475692e92e0553d5b90962058fe356
2023-03-23 17:27:46,True,2.376e-10,7.218e-13,10989906389.0,0.0793,0x86...4487,https://bscscan.com/tx/0xfc236056624aa8e38ad4e863ff35e53f6722f328b31b966233f589720f0bad1e
2023-03-23 17:27:31,False,2.376e-10,7.182e-13,18000000000.0,0.1292,0x96...b882,https://bscscan.com/tx/0xbaaad00c8d223539222a8de1a86a859637c3f6760816dbe887d20f73980b2c6c
2023-03-23 17:26:31,True,2.376e-10,7.218e-13,13247365230.0,0.0956,0x76...a7cd,https://bscscan.com/tx/0x8ace9bbbaf3cf63386063eb8e16ab4de6c4fbd62a3f7177499926865a2182965
2023-03-23 17:25:58,True,2.376e-10,7.218e-13,1765810000.0,0.0127,0xdd...37b9,https://bscscan.com/tx/0xfd6b615129f97db250ec7ca429f017ceb1b1c10deea23610dd913d7976ef34fd
2023-03-23 17:25:31,True,2.388e-10,7.218e-13,1380000000.0,0.0099,0xef...e223,https://bscscan.com/tx/0xbc97a60033d7d70dd95e4d30f5075ca8642688b9bcd7bfe4b23918e83a22c689
2023-03-23 17:23:37,False,2.363e-10,7.182e-13,2700000000.0,0.0193,0xa4...59a3,https://bscscan.com/tx/0x58fe636f228e0b4e091fc521fbbba8b6bb5331b9da40ba7a14dc018bfaa31a89
2023-03-23 17:22:28,True,2.387e-10,7.218e-13,4710065534.0,0.034,0xcf...cbe9,https://bscscan.com/tx/0x49d728cefa4b50ba4e2e2cbabf634f22324d7ca7aba0c5fca32fdbfc45d2d14c
2023-03-23 17:21:04,False,2.375e-10,7.182e-13,3657436818.0,0.0262,0xd3...0f1d,https://bscscan.com/tx/0x442cf50c98c40abe0776488801d36af52328532f2e295374e433f42dde779f18
2023-03-23 17:19:37,True,2.388e-10,7.218e-13,4183640000.0,0.0302,0xf3...5318,https://bscscan.com/tx/0x5c2440f22810e35412221338061c0b5cf5fcf395748352e000624f7e4c3423a7
2023-03-23 17:18:55,True,2.379e-10,7.218e-13,15238500001.0,0.11,0xfc...f7d5,https://bscscan.com/tx/0x78562aa9597e28cca5a6df068a2637ace4cc035fa7dc650a6d4d5e332b8e05a6
2023-03-23 17:18:55,True,2.379e-10,7.218e-13,100000000.0,7.218e-05,0xcd...e9e8,https://bscscan.com/tx/0x368ed3fb3c2a5d1da1f9d84c8faa610e63305948cad4a6445d2d8cee222ab2a2
2023-03-23 17:16:49,True,2.391e-10,7.218e-13,4710108492.0,0.034,0xb5...8e26,https://bscscan.com/tx/0xc613bf18867ca860187fd9e3b40fc2403c8b242dcd6abdc0b5cea2fc76f08a1e
2023-03-23 17:15:19,True,2.379e-10,7.218e-13,692663842.0,0.005,0x7f...d9a1,https://bscscan.com/tx/0x0efaaeecf67d14758ed092665c8a5aab138a610a8cf3a51008897d3d0e4cdf60
2023-03-23 17:13:49,False,2.371e-10,7.182e-13,27020928621.0,0.194,0xa3...ee69,https://bscscan.com/tx/0x5690246d0d5b55e6764aca0e3fdb004df0911aa71a9e401d6432142cb1b76b95
2023-03-23 17:13:19,False,2.371e-10,7.182e-13,89195877915.0,0.6406,0x48...8708,https://bscscan.com/tx/0x7d68b400e5165ff65c9be589836a28cadb55184addc2299ea890c447e7fb7fd0
2023-03-23 17:12:25,True,2.383e-10,7.218e-13,7064820446.0,0.051,0x0e...ab8c,https://bscscan.com/tx/0xc6b2a44273bfae460dee40647535ab82c7e4b7f1818fc48fde32d1d27481792f
2023-03-23 17:12:07,False,2.371e-10,7.182e-13,11600100000.0,0.0833,0x33...43f1,https://bscscan.com/tx/0x1f79fed6d25042fc47395b6fc7a59faf98c145274173b2aa97db9517000f2422
2023-03-23 17:11:49,True,2.395e-10,7.218e-13,7858034620.0,0.0567,0x7e...4648,https://bscscan.com/tx/0xdae09b16c35cff15563898f6afb1e1a06df4f2b5ec8dadacfbb6b8dae8a9f8d1
2023-03-23 17:11:10,False,2.371e-10,7.182e-13,45000000000.0,0.3232,0x92...8cbf,https://bscscan.com/tx/0x0a71e105ee7f05b96c934c120e1f5239ffbfeea809d8384ac5d7eca9bca76c2a
2023-03-23 17:10:10,True,2.383e-10,7.218e-13,13852355023.0,0.1,0x71...f22f,https://bscscan.com/tx/0xc7b498e45edbd22af5712e6fd5765b1d32c2ae4a60720b13938e02afc82fdd51
2023-03-23 17:08:58,True,2.393e-10,7.218e-13,4790549811.0,0.0345,0x82...54ed,https://bscscan.com/tx/0xc0947e93ba3f432eebb5588690c5e3b6cf3fb8bf5b7c0c863578fd744061b785
2023-03-23 17:08:46,True,2.392e-10,7.218e-13,35837357084.0,0.2587,0xf7...43a7,https://bscscan.com/tx/0x3a8a2477759ef576701789bdcadc9d9e436de7165efc5b3dace8138b3197c205
2023-03-23 17:08:18,False,2.369e-10,7.182e-13,90000000000.0,0.6464,0x92...8cbf,https://bscscan.com/tx/0x3c7c45bb156a600000d8afb07fb53050b325a8a95b5036e98714dd41ae53e4c9
2023-03-23 17:07:27,True,2.38e-10,7.219e-13,75000000000.0,0.5414,0x69...9b64,https://bscscan.com/tx/0xaf75ce526c83733901bcf8332ff1b47b8ff16115d7f0efc37fad5d2ee53b86d9
2023-03-23 17:04:27,False,2.379e-10,7.182e-13,82790008093.0,0.5946,0x8b...5002,https://bscscan.com/tx/0xa78abc13828f0072a2cd0e02ac4dac02e391741715fcd775fe99704ad3dd266c
2023-03-23 17:04:15,False,2.379e-10,7.183e-13,203007562851.0,1.45829,0x05...7066,https://bscscan.com/tx/0x43e4007c52bbc54c545e2459e6eb85c6fdc0f964cb634d533102ef0aea5369f3
2023-03-23 17:03:39,False,2.367e-10,7.183e-13,11185025937.0,0.0803,0xb0...478a,https://bscscan.com/tx/0x067d416217bbe1a688a0ae7476ea9bef3219f528672e5e3b7e503815d4792375
2023-03-23 17:02:27,True,2.379e-10,7.219e-13,94511086448.0,0.6823,0xd7...b794,https://bscscan.com/tx/0x10d21b1791c2a4a6d39c5fdcedde622ca0fcf8e8fb6fc8453021ba268d08d1df
2023-03-23 17:02:15,False,2.367e-10,7.183e-13,4230000000.0,0.0303,0xcf...cbe9,https://bscscan.com/tx/0x74b9fdf9e899472bc17673c48bbc25f2d9d5e55aeb6f005ea8997d0191cd5188
2023-03-23 17:01:45,False,2.379e-10,7.183e-13,225000000000.0,1.61637,0x92...8cbf,https://bscscan.com/tx/0x691fce1c1a6fdfd1f4e806ef2fdcd91e764a1f09e94648cbf8552a86fa2d291e
2023-03-23 17:01:15,True,2.379e-10,7.22e-13,80673970370.0,0.5824,0xdb...b14f,https://bscscan.com/tx/0x03469985a9d7417516247af126a7fb7addb75021de17a94ee0e43728c77c8da7
2023-03-23 16:55:33,False,2.367e-10,7.184e-13,45000000000.0,0.3232,0x92...8cbf,https://bscscan.com/tx/0x457ee0a9aeda94e2da66cdca30285825920aadde86eaf5ec5f8348f7b2fc1c64
2023-03-23 16:55:24,True,2.379e-10,7.22e-13,6572913879.0,0.0474,0x5d...dc3a,https://bscscan.com/tx/0x8ff0b2a6edffa040d36ab7197e65d98b53050489a812e770ff2ed94ce577755d
2023-03-23 16:53:33,False,2.371e-10,7.184e-13,207349112689.0,1.48968,0x05...7066,https://bscscan.com/tx/0xe46cf4159d90e7869472b392c0ddc45e054c3dc01054dd5f3c4734fc864ec89f
2023-03-23 16:53:00,True,2.382e-10,7.22e-13,41285196051.0,0.2981,0xa8...a6b1,https://bscscan.com/tx/0x291ededfd84971d3f2a2967e924a793bb9a011c4d8bcd5c608b396928ab971f1
2023-03-23 16:50:54,False,2.369e-10,7.184e-13,8287124633.0,0.0595,0x80...0e96,https://bscscan.com/tx/0xd5fc67f40d591b4439ab12d490caab55a1b53923e61f45233ba3813bd6c1e45a
2023-03-23 16:50:06,True,2.381e-10,7.22e-13,760384499.0,0.0054,0x15...4042,https://bscscan.com/tx/0xc54aae5cfc3137d4fbf1805626282b706f60f91354aa9b7bc6602b287ac93fa5
2023-03-23 16:48:22,False,2.357e-10,7.184e-13,14138224037.0,0.1015,0x83...c51e,https://bscscan.com/tx/0xc29fb529b774f5cdd4f7654d928fe052decb7ba26276386ca6a2fb7b34775e71
2023-03-23 16:47:43,False,2.369e-10,7.184e-13,40040904980.0,0.2876,0xf6...0d55,https://bscscan.com/tx/0x3bc2c4f1d3eaadf28426c4937f6a12f75c9b7f43b9dc76ac8bb2f8c60f589089
2023-03-23 16:46:16,False,2.368e-10,7.184e-13,3002706616.0,0.0215,0xb2...c6b2,https://bscscan.com/tx/0xf050ef1b8082ea487c1b7df9790c685f72c9891749d0626403b2c97ff1c67928
2023-03-23 16:44:40,False,2.367e-10,7.184e-13,26313677761.0,0.189,0x2c...3ecf,https://bscscan.com/tx/0xb29338d8b7bb157638f17f4ecd8e2a8d4e52de911f2002fb351c6771d517a3e2
2023-03-23 16:43:22,True,2.379e-10,7.22e-13,2186621060.0,0.0157,0xc2...094c,https://bscscan.com/tx/0x1b5203fa3b6250da14eb497875ff3aeb85ddcf18d8bc8a14749ad94ee30f9542
2023-03-23 16:43:19,True,2.379e-10,7.22e-13,5089987945.0,0.0367,0xaa...ff8f,https://bscscan.com/tx/0x45564474bc30426637da538c90f948996f66a259fc4a6cc7e5e940c86a4dc865
2023-03-23 16:42:46,False,2.367e-10,7.185e-13,270122091173.0,1.94091,0x72...8ecf,https://bscscan.com/tx/0x9365707f3b20ff4a0629c3fd9e9a999e60cc03d69dbe1d24732abe5a61a10db6
2023-03-23 16:41:52,True,2.367e-10,7.221e-13,29112600001.0,0.2102,0x6f...9621,https://bscscan.com/tx/0x78322af07f4d9b172e42158dc771fdd235231e200886a21e1dc3acbd36645e60
2023-03-23 16:41:10,False,2.366e-10,7.185e-13,21167656806.0,0.1521,0xd8...12ae,https://bscscan.com/tx/0x8b58a2078b4c724e611d178325cdf73dfd4c4fc0c02043c098d22798c619e77f
2023-03-23 16:41:07,False,2.366e-10,7.185e-13,4500000000.0,0.0323,0x5b...2566,https://bscscan.com/tx/0x5bb693fad59602058f8e1cbfb0d384b096b8beca970bf123b52fff59357adfd5
2023-03-23 16:34:52,False,2.355e-10,7.186e-13,236277997692.0,1.69791,0xcc...c51e,https://bscscan.com/tx/0xfce1815a5ae3828ffd2a1d285bf6d2023a807d0ed373f063d9fc594c8c4bcb7e
2023-03-23 16:32:52,True,2.379e-10,7.222e-13,6922794473.0,0.05,0x4d...3661,https://bscscan.com/tx/0x9b1ef93f3d26fad5fb1255bb598e3390b2b73e847dc69ca704b22e7c12e8d1de
2023-03-23 16:32:52,False,2.367e-10,7.186e-13,2655067069.0,0.019,0xcf...926d,https://bscscan.com/tx/0xe74a107c51f455d365910b7ac93d188bd2b40ff4de5876b8e9e0d5fc4f7a787c
2023-03-23 16:31:31,True,2.379e-10,7.222e-13,13804099405.0,0.0997,0x45...2136,https://bscscan.com/tx/0x94f8b10fd163a76feb17deb073c69b49cc644c66ebde31d88c0389dfbd983949
2023-03-23 16:30:08,False,2.366e-10,7.186e-13,32230661268.0,0.2316,0x19...d5e9,https://bscscan.com/tx/0x7a68d30098e59438f12f5de31322d50bf14fd5415954f7ae6303c06054148e38
2023-03-23 16:29:39,True,2.378e-10,7.222e-13,333484000000.0,2.40843,0x72...8ecf,https://bscscan.com/tx/0xf25c9e8bc26c7c3c0f9151d3d9c965e94b9974d02f37561e2153c67c60b602f2
2023-03-23 16:29:10,False,2.366e-10,7.185e-13,9000000000.0,0.0646,0xb6...24cb,https://bscscan.com/tx/0x13e29da9b6f5834969dc01e5b4ec43b14c56eaad4c616022573cc3fb3f825a2c
2023-03-23 16:29:04,False,2.366e-10,7.185e-13,8616877525.0,0.0619,0x8b...b9e5,https://bscscan.com/tx/0x14222a355df589b613c1721be32007f00f3adad032893a273993bc95be4cde74
2023-03-23 16:28:38,True,2.365e-10,7.221e-13,5815610001.0,0.042,0xd0...e17f,https://bscscan.com/tx/0x07db205e2beada48c5f09f38d4a7edc4412311f5c7999536a49a99cf82f3e465
2023-03-23 16:27:56,False,2.354e-10,7.185e-13,72004636158.0,0.5174,0x6f...9621,https://bscscan.com/tx/0x233959a19e5d6c0e87fe43d782cb618e2ac249e5c7d20f70595de39a8e6ed1b6
2023-03-23 16:27:56,False,2.354e-10,7.185e-13,72027099755.0,0.5175,0x79...25f9,https://bscscan.com/tx/0xba05372fe7eef4d9c76de245fcd876e882dbe5d12eab5093a3b819aff96f64fc
2023-03-23 16:27:50,True,2.365e-10,7.221e-13,23530000000.0,0.1699,0x65...6865,https://bscscan.com/tx/0xe28d8e26de721d06e42b43b67b179d7a805e602f21cf949b73253567ff55bae7
2023-03-23 16:27:35,False,2.365e-10,7.185e-13,8170674369.0,0.0587,0x0f...d61d,https://bscscan.com/tx/0x53e927f1dfabce908e26b3da49c80894351c871de93eba55ed5ac07f1c80949f
2023-03-23 16:26:47,False,2.365e-10,7.185e-13,5336515794.0,0.0383,0x5a...6336,https://bscscan.com/tx/0x77bd13fe8826d4e4abcb60dcd86f015f199c0084bab2ca7ce2aede5b3d107b43
2023-03-23 16:25:56,False,2.364e-10,7.185e-13,14597727910.0,0.1049,0x70...5fc4,https://bscscan.com/tx/0x394fc1c51208707f074a3f14ece61cb2d27f398305cfc078d08f4e414d89c47a
2023-03-23 16:24:59,True,2.364e-10,7.219e-13,1385080149875.0,10.0,0x3c...72a1,https://bscscan.com/tx/0x431f8dfa1b7dac00425d0f827c3e907a2d541600a2ee6ea475cb647fbbaee171
2023-03-23 16:24:44,True,2.375e-10,7.217e-13,9617397715.0,0.0694,0x44...0b81,https://bscscan.com/tx/0x4fc0dbcfec9e59e960e17b892768fa6fd1550baeb3db241e2734ce27c31f533d
2023-03-23 16:23:41,True,2.38e-10,7.217e-13,52000000000.0,0.3753,0xad...78dd,https://bscscan.com/tx/0xfad67eca965a21baf617d231bd08d42d9644dd5962ed1d6014b6e15a48eb924b
2023-03-23 16:21:20,True,2.381e-10,7.217e-13,14238578610.0,0.1027,0x2d...f167,https://bscscan.com/tx/0x2a63ba8a0c0f22016fe11ca199be32131fedb8221339d6f1fcf3c8807073664c
2023-03-23 16:18:02,False,2.374e-10,7.181e-13,5941744690.0,0.0426,0x8a...5514,https://bscscan.com/tx/0x2629e34200e54439f616b7bf1c82306eb36ee2a24c9c06f4f25a99f19977cb64
2023-03-23 16:15:38,True,2.363e-10,7.217e-13,191223603943.0,1.38007,0x3f...6c88,https://bscscan.com/tx/0x05c9e8ab0f783fb0a5869d8590d1e9968461dea4a72015eaf9e045c48b13176f
2023-03-23 16:14:53,False,2.364e-10,7.18e-13,39013523654.0,0.2801,0x27...0955,https://bscscan.com/tx/0x7acbbe77d7e75556e5fe6ecb705c726f18c873780cc87ad6283a410f9c58db54
2023-03-23 16:13:20,False,2.363e-10,7.181e-13,317855373142.0,2.28263,0x72...8ecf,https://bscscan.com/tx/0x6665b8ae24f241ccd718d718b5f88d018a486bbea7a59869495d33017927c32d
2023-03-23 16:11:05,True,2.36e-10,7.217e-13,19534500001.0,0.141,0x0d...f24d,https://bscscan.com/tx/0x74b6cbf2f5de6ace9eb678b198a7e1627634c841b92bcc38bd1416ab719d9b59
2023-03-23 16:10:38,False,2.347e-10,7.181e-13,26619535289.0,0.1911,0xe2...e526,https://bscscan.com/tx/0x08ada5a0a6d37f3f2b793f3fbdd2f4bbb40a9a007651968b000862a9b690c4c1
2023-03-23 16:07:06,False,2.359e-10,7.182e-13,144618165531.0,1.03866,0xa4...f703,https://bscscan.com/tx/0xe750e1e849a5a1049d43c4524ce4787bc54f0c3945e722c43c43331a294bb020
2023-03-23 16:06:57,False,2.359e-10,7.182e-13,2488232835.0,0.0178,0xde...c91e,https://bscscan.com/tx/0xbbf1e1af7c9c2f2cb23642765adbe40a57b86f0e69a0dc191402664653380a7a
2023-03-23 16:05:03,False,2.347e-10,7.182e-13,6300000000.0,0.0452,0x67...e728,https://bscscan.com/tx/0x6fbef47891a4e3f4bfa47d9ddf4acde98217d1a56670006b5940d0637b68045c
2023-03-23 16:01:54,False,2.344e-10,7.182e-13,36968362689.0,0.2655,0x6e...0f51,https://bscscan.com/tx/0xc9e87809c35d66cf6127fdbeb04d104ae1fbb2de3f1d80a91236e8db14a059bb
2023-03-23 16:01:48,False,2.344e-10,7.182e-13,6764400000.0,0.0485,0x6b...6a97,https://bscscan.com/tx/0x8f1a2decf91530ec74cf81ad2c63a112cd03fc0d20665314558dcb67c10f678a
2023-03-23 15:56:20,True,2.333e-10,7.218e-13,6226883341.0,0.0449,0x9a...ec5d,https://bscscan.com/tx/0x5da65ed895a89982b0d0537958904143ded8280fba080d3496d961b0842eea47
2023-03-23 15:55:56,False,2.333e-10,7.182e-13,4833542750.0,0.0347,0xd7...ef14,https://bscscan.com/tx/0xf5935912d8abc193f906c37d521c6bd0d291efe85e8ed924404d213a85bf314a
2023-03-23 15:53:50,True,2.345e-10,7.218e-13,5000000000.0,0.036,0x9c...337b,https://bscscan.com/tx/0x7915b2bcf499a59e02075615ceb57e9e6cc7cc8364a4af3e5ba0ba12df32f57b
2023-03-23 15:53:29,False,2.333e-10,7.182e-13,5405185572.0,0.0388,0xc1...019f,https://bscscan.com/tx/0xb9e07caf53c9e1c757cf4c4d2f489be0bc63e5d480fbe0891b30818b15ee6c72
2023-03-23 15:52:26,True,2.345e-10,7.218e-13,6369375784.0,0.0459,0x11...6266,https://bscscan.com/tx/0x9a2a32924620765b64cd4fb6c06167a7338a3e87d17c4ddc9f9f097910b1654e
2023-03-23 15:50:38,False,2.319e-10,7.183e-13,464431956515.0,3.33611,0x99...c67c,https://bscscan.com/tx/0x911bec248ccd395bc0589986fa362fcafb2f0f3142f84f5f0289bea7f4e0a6c3
2023-03-23 15:48:38,True,2.338e-10,7.219e-13,62208414278.0,0.4491,0xa2...ab73,https://bscscan.com/tx/0xa6b5a294daa54fa3fec36fd831c4186baad00b4ecc19680a437c6490d6119e5a
2023-03-23 15:47:50,False,2.326e-10,7.184e-13,202165841246.0,1.45237,0x24...a5eb,https://bscscan.com/tx/0xc361d7b6b2ba36a6ccdbaaa59297a3523945079eb5d2634229a886d4111cfa51
2023-03-23 15:46:26,True,2.332e-10,7.22e-13,3606360000.0,0.026,0x28...5f76,https://bscscan.com/tx/0xe442614a2759900788724d91e7131a166db7fa3a35b73ca3460e269bba81201d
2023-03-23 15:43:14,False,2.308e-10,7.184e-13,31778823690.0,0.2283,0x76...0cba,https://bscscan.com/tx/0x997ee9379ee1d7902177092050884de5deac91c587bdb253cff7ff23646ea7f9
2023-03-23 15:43:02,False,2.32e-10,7.184e-13,71360723355.0,0.5127,0x85...8d1e,https://bscscan.com/tx/0x60938532df7959b60deac4b220c84b57287a4131b6d4671f5fc76a3ce3614ee0
2023-03-23 15:40:50,True,2.321e-10,7.22e-13,19753928702.0,0.1426,0xc5...1413,https://bscscan.com/tx/0xa67fc7d321cfdc6eeb7220a5622849c7a45302ca20249bf829ecfcdd09ad07d6
2023-03-23 15:40:35,False,2.321e-10,7.185e-13,613495852955.0,4.40835,0x48...8894,https://bscscan.com/tx/0x1ec5fb5d44024f67eb14fee68cfa6cc0c6035af1deac0f3f2568068950518364
2023-03-23 15:38:38,True,2.333e-10,7.222e-13,1743852477.0,0.0126,0x1f...e1ce,https://bscscan.com/tx/0xa9d6dbccc386816c0087e08b132db894e7c2b5027a544e33084422a8a73515d3
2023-03-23 15:34:17,True,2.324e-10,7.222e-13,138500000000.0,1.00031,0xcd...396f,https://bscscan.com/tx/0x8341c2e62d9c0a28e9e756a03af7f1e1ad2b925b3b7320e398c1256a8a26ecbf
2023-03-23 15:32:14,True,2.323e-10,7.222e-13,11438188551.0,0.0826,0xcd...e9e8,https://bscscan.com/tx/0x1499a143c57cbc99f484f8c62b48bd02a934595324045a8d248e61671f5f2756
2023-03-23 15:30:32,True,2.323e-10,7.222e-13,5000000000.0,0.0361,0x37...8225,https://bscscan.com/tx/0x31cb2ae6f0ffc86fbea93b352ec59a093e66772c1a098104e94b29077e5d81b7
2023-03-23 15:24:02,True,2.326e-10,7.222e-13,10661660102.0,0.077,0x94...9263,https://bscscan.com/tx/0xa4917a1c169611d21ffdfa087f0cb30dda46b4464658849d091d29ce5496db3c
2023-03-23 15:17:50,True,2.338e-10,7.222e-13,1361944073.0,0.0098,0xf7...2ff2,https://bscscan.com/tx/0x11e3eb5875dabe78f68e180af1038e299b1f4e08dea6253c8e613495e5e0514e
2023-03-23 15:17:44,False,2.328e-10,7.186e-13,473400000000.0,3.40223,0x2d...74ce,https://bscscan.com/tx/0x0b00e8240186e9986db2f946fccd7b6203249fec05a2ca574369f2e2c82170d0
2023-03-23 15:13:20,True,2.326e-10,7.223e-13,284047276193.0,2.05172,0x11...6266,https://bscscan.com/tx/0x6e59642e3d7bbc4f1ebad888decfe8def4bcc5aa1b513b3088143a1508823162
2023-03-23 15:13:14,True,2.326e-10,7.222e-13,62304253004.0,0.45,0x6f...de19,https://bscscan.com/tx/0xd10646dda10a51be656693d525c8b7af388578b8fb034ea22dd930dd33a3cb36
2023-03-23 15:12:23,True,2.337e-10,7.222e-13,60866254071.0,0.4396,0x96...0da6,https://bscscan.com/tx/0x3bcd8dc95bc2683498b35c7ab0b4262fd7c2d0ccd3d465e9a0f66f01c3337f37
2023-03-23 15:09:17,False,2.327e-10,7.186e-13,162316710644.0,1.16649,0x8e...d127,https://bscscan.com/tx/0xe7b04005a7cd596ebd2357a21ac6ef575c4f651659a03ca0dc7f3a80aa0642bf
2023-03-23 15:08:59,False,2.327e-10,7.186e-13,3682547787.0,0.0264,0x3f...6d79,https://bscscan.com/tx/0x8be8c257258899d782c963b62119e078909fba0355cfaae77118a9538adf98a7
2023-03-23 15:08:59,False,2.327e-10,7.186e-13,5528178147.0,0.0397,0xe5...42b1,https://bscscan.com/tx/0x2c42d6fbd02753d91132027f9612c9a90ad7af1c2b8f3ece219e65afefe61d11
2023-03-23 15:08:53,True,2.338e-10,7.222e-13,2768982512.0,0.02,0x81...15c9,https://bscscan.com/tx/0x7caa53fc4989f7978febfa9029b59c946b3e3b9607dde1d77363b374fa3a6acb
2023-03-23 15:05:59,True,2.34e-10,7.222e-13,1013370000.0,0.0073,0x4c...62b0,https://bscscan.com/tx/0x62b04071205a811bc5bc5b1b23022996adebb8218fd1057129ec42b6e7861e3f
2023-03-23 15:04:11,False,2.318e-10,7.187e-13,149120512155.0,1.07173,0x07...b8cb,https://bscscan.com/tx/0x1d5718e19f1db42dff5cca1c575afbe13026dd52da152adc820abd1ea5557e5a
2023-03-23 15:04:08,False,2.318e-10,7.187e-13,7008298115.0,0.0503,0x4f...2fdf,https://bscscan.com/tx/0x500f65fb740c6ec82907fd1ca4d4d22421a9e972d24dde543031ee8a997529be
2023-03-23 15:03:26,False,2.329e-10,7.187e-13,19818818778.0,0.1424,0xa7...3fa5,https://bscscan.com/tx/0xb42d2770bbce413f2a1da7da7c0f852bdb72a519cdda2cc87152c5a2b4622450
2023-03-23 15:01:20,False,2.329e-10,7.188e-13,513621464939.0,3.692,0x6d...9a8d,https://bscscan.com/tx/0x5272150f3422d84513d52d6ae1050de81fa4b65730353492e69e5d04d4e7ea70
2023-03-23 14:54:32,True,2.341e-10,7.225e-13,6553452151.0,0.0473,0x3f...7b96,https://bscscan.com/tx/0x8b73f51f78269b0e4472ec1e85b74439a4f20f4f773c82bc1868dd0c61c88d0d
2023-03-23 14:54:14,True,2.341e-10,7.224e-13,55363668156.0,0.4,0xdd...e2bf,https://bscscan.com/tx/0xa6e098bf42c6a1adbad382a6185283aaf732c5a359d4a8d171c169d6d65a8b31
2023-03-23 14:51:08,False,2.329e-10,7.188e-13,4773967314.0,0.0343,0x11...2729,https://bscscan.com/tx/0x3af8848d5658ffc0be9b75c0024076fad3fb2fdb8725e66b220762a1ba5cc404
2023-03-23 14:50:59,True,2.341e-10,7.224e-13,5000000000.0,0.0361,0x8a...3c93,https://bscscan.com/tx/0x9f5f0d1177007387552ae7675f2347f5a9decdecd3524dbcbdd73e94e178a42d
2023-03-23 14:49:35,True,2.329e-10,7.224e-13,400000000.0,0.0028,0x78...c2dc,https://bscscan.com/tx/0x80701c05da3efcfbe5c2a3c92e32c89bc5e3b26e435c16fdc9d122dfa2d7ef27
2023-03-23 14:49:02,True,2.341e-10,7.224e-13,75000000.0,5.418e-05,0x4f...b328,https://bscscan.com/tx/0x9691eba2aac4a7036941e35dbeb519811e0369cae5c601e6e062a75941b3d5c7
2023-03-23 14:47:52,False,2.332e-10,7.188e-13,6560445372.0,0.0471,0x69...0535,https://bscscan.com/tx/0x3259cf6b32f72ffd04f00967425165a2673696362b5df961efd584e5c893225d
2023-03-23 14:47:49,False,2.332e-10,7.188e-13,83917412910.0,0.6032,0x6a...c459,https://bscscan.com/tx/0x48ba484067bb1306796210facdecfde47955f63a2261cabf28e25fb64c17ad61
2023-03-23 14:47:18,False,2.331e-10,7.189e-13,526831364542.0,3.78787,0x5d...4be8,https://bscscan.com/tx/0x0a2949dece5cfd6264a9ddce060d3b18fa4796a7521b50cac546b2e2411c0d1b
2023-03-23 14:46:24,True,2.331e-10,7.226e-13,298744337.0,0.0021,0x35...22a1,https://bscscan.com/tx/0x05068bc033f34eccd0c57fd58ad09f09b117894f237bd0911cc89e517c3c14d3
2023-03-23 14:40:18,False,2.33e-10,7.19e-13,2706679515.0,0.0194,0xbc...11c1,https://bscscan.com/tx/0x6d5a88ef6158b1df07bc69fdfec07dceb90a3738e725c95f4afd46a462a8c047
2023-03-23 14:40:09,False,2.33e-10,7.19e-13,3943726002.0,0.0283,0x62...17b9,https://bscscan.com/tx/0xcda3cc8e29a9c26ee2c61f0cfc46b25f5c453c54a9b478186b4d2e91ba62fa0e
2023-03-23 14:39:33,False,2.33e-10,7.19e-13,4574339382.0,0.0328,0x21...dfde,https://bscscan.com/tx/0x6bf416af4338af371270a8f4acab6aa9f79ec7eeaef3c1e1603f12044ddccc55
2023-03-23 14:38:39,False,2.33e-10,7.191e-13,169162693964.0,1.21646,0xbd...7505,https://bscscan.com/tx/0xdc6020551cc907f4608d88834cdac815102e6d245765ae23613773e1d6251491
2023-03-23 14:36:51,True,2.331e-10,7.227e-13,9379654640.0,0.0677,0xbb...a420,https://bscscan.com/tx/0xa4d811820dc54a4b96403354ef3eb0735b472ff5d36e79605621a613cb9acb9f
2023-03-23 14:35:30,False,2.319e-10,7.191e-13,9000000000.0,0.0647,0xb6...24cb,https://bscscan.com/tx/0xfa7d11bb20c6ac13229b5708b3ec8a3291ebe8797684d5ecafbf251353169cff
2023-03-23 14:34:54,False,2.319e-10,7.191e-13,133517560303.0,0.9602,0x27...4392,https://bscscan.com/tx/0xae5726b93cd8ea39bb8ad92fb82319d43713619cd53354ac5fc57d52ffc13e7b
2023-03-23 14:32:45,False,2.332e-10,7.192e-13,207371594872.0,1.49143,0xe8...7116,https://bscscan.com/tx/0xa3fd6dcbd83d856878326e57373169c298c7e6528a139b194af9d3ece10e8549
2023-03-23 14:32:39,True,2.332e-10,7.228e-13,3475234780.0,0.0251,0xcc...6e96,https://bscscan.com/tx/0x2a7a743668c0be3161a34afd87ebdebcf617df92213a4e234f91eac68083a69a
2023-03-23 14:32:21,False,2.332e-10,7.192e-13,5371131067.0,0.0386,0x5d...965c,https://bscscan.com/tx/0x541187b2c9fc885538e2a12e7c51d056441541584dc2232015ea6cd81433acb7
2023-03-23 14:30:45,False,2.331e-10,7.192e-13,9225256655.0,0.0663,0x1b...8584,https://bscscan.com/tx/0x2602c803d902e53911e5b438759bde5708f2820f4b1643880a18ba26b48fbca1
2023-03-23 14:30:15,True,2.343e-10,7.228e-13,2940057918.0,0.0212,0x73...dcb7,https://bscscan.com/tx/0xd25efb2b08bd7bfc243f822633f16d7907b23bdbe0cdb6a1dd2b3098280fc63e
2023-03-23 14:29:24,True,2.333e-10,7.228e-13,3407418247.0,0.0246,0xa7...5525,https://bscscan.com/tx/0x4ef45c94e83a3e92e2f3b6f2a17f1654e5f7828fd02fe11c0360bae6db1af524
2023-03-23 14:28:36,True,2.344e-10,7.228e-13,318206749319.0,2.3,0xfb...e604,https://bscscan.com/tx/0x30141b85e7404d292b179395ae469446cc54ec2e117a6dff8ca428d6de392a8d
2023-03-23 14:27:27,True,2.344e-10,7.227e-13,23356743118.0,0.1688,0x00...ead9,https://bscscan.com/tx/0xf3c81ee582bbabe33e393f68d9976fc2f2caba3cbbd77ee615b688761d79144e
2023-03-23 14:27:00,False,2.332e-10,7.191e-13,9187648823.0,0.066,0x24...2149,https://bscscan.com/tx/0x31c78ebdc42011424ab7be97400e1e0ae33545a9fb8b12b409c74dd1b13c8713
2023-03-23 14:26:15,False,2.332e-10,7.191e-13,56688014799.0,0.4076,0x00...5b10,https://bscscan.com/tx/0x20d8e10ff5de055aeca4e344bd9ac699fc6250249374f6f0a39f7cee851197e8
2023-03-23 14:25:57,False,2.333e-10,7.191e-13,51005276501.0,0.3668,0x3e...880a,https://bscscan.com/tx/0x632d267c8d19fba5d4ea24eb54962e3df94cc85f75b53ed185e88e0b496d5e34
2023-03-23 14:25:18,True,2.344e-10,7.227e-13,8209600000.0,0.0593,0x28...4f9a,https://bscscan.com/tx/0x91ced328115b037ff3167b55399a203cac8f3c681cc3ba2550757c5346072642
2023-03-23 14:24:12,True,2.345e-10,7.227e-13,691776570.0,0.005,0xe0...460b,https://bscscan.com/tx/0x432f35efeece6702e53df9156e4968df3eae2c50997939496f13727ffec84c79
2023-03-23 14:19:09,True,2.344e-10,7.227e-13,6917777382.0,0.05,0x72...3582,https://bscscan.com/tx/0xcb5ce68e4befc9cd71597676232d62ebb1226d6b771f5d58277061e16cb5486d
2023-03-23 14:18:29,False,2.333e-10,7.191e-13,3455769836.0,0.0248,0x10...1111,https://bscscan.com/tx/0x7a034912ad6eefd3f462099ab0e87de9e2aa3e048a9c80dcbeb308ec0f11ba51
2023-03-23 14:18:29,False,2.333e-10,7.191e-13,18000000000.0,0.1294,0xa7...27f2,https://bscscan.com/tx/0xe42a84e5158e6c113d08c2e4a484e1a52a57bbadec5ab07604a27e46bdb44398
2023-03-23 14:16:33,True,2.347e-10,7.227e-13,55970142467.0,0.4045,0x4f...f3ae,https://bscscan.com/tx/0xb31a5efcf74a58b16e1a11cb57086f9c0d3cef18f001438effdc7466fc9f11a9
2023-03-23 14:11:06,True,2.335e-10,7.227e-13,42276946826.0,0.3055,0xef...7ad2,https://bscscan.com/tx/0x34b21949afc2739046e4c0887fbb2c51741faedadfa127505a8cf13033cc4362
2023-03-23 14:09:57,False,2.335e-10,7.191e-13,9000000000.0,0.0647,0x4b...aa09,https://bscscan.com/tx/0x0e07882d8366c6771c4b1012fa4d22a28e615d7e023a0dedd5ed479986a16b97
2023-03-23 14:08:03,True,2.346e-10,7.227e-13,226664414615.0,1.63814,0xb2...fa60,https://bscscan.com/tx/0x00669074d091be8a79788cfd3d667dc4b69e5c4c8bb898bc3be0ffb69025d7d1
2023-03-23 14:07:24,False,2.335e-10,7.19e-13,81000000000.0,0.5824,0x46...369d,https://bscscan.com/tx/0x96bdfc36ac122e9faca329977fc17345b5126da7be30397e16d996c44f85e6e2
2023-03-23 14:06:03,False,2.323e-10,7.19e-13,2542653230.0,0.0182,0x97...6c04,https://bscscan.com/tx/0xbbd1f1548dd91c9a7bd11f47f411190b5652c2e234156c649af26c81d57f3b9c
2023-03-23 14:01:18,True,2.348e-10,7.227e-13,415106184.0,0.003,0xac...47de,https://bscscan.com/tx/0x98b93ea4af756322374d17d65b6b491d19559c86522a3d4ff410ca6e58c8866e
2023-03-23 13:59:36,False,2.325e-10,7.19e-13,2526741000.0,0.0181,0x48...d971,https://bscscan.com/tx/0xb2d151b0a3043b7159e03a5d2313a0f9f69ff466b516970616edf1de1b6bf80a
2023-03-23 13:59:09,True,2.336e-10,7.227e-13,3000000000.0,0.0216,0xbb...dd30,https://bscscan.com/tx/0x7127df501eb38fa99a79799f428d513c8dd69e71f931690d6753560e3bfc4c4c
2023-03-23 13:58:45,True,2.338e-10,7.227e-13,12073746692.0,0.0872,0xac...47de,https://bscscan.com/tx/0x72214f89aa3b0ab6721c29dd8c08fad4ace4d4277ff7dc88cff4b11b3e97818b
2023-03-23 13:56:45,False,2.339e-10,7.19e-13,20656912578.0,0.1485,0x02...cccd,https://bscscan.com/tx/0x473d4e3fdcf4ecc940ecbc28295e78e5cbddb729b6c2e0cff9578645f9917ab1
2023-03-23 13:54:33,True,2.35e-10,7.227e-13,5560792510.0,0.0401,0xd5...3a53,https://bscscan.com/tx/0x5e3c2821b889e90d1fb01c3d94ba1c2e618bf3af00bf9b15cb11d6740e6ece1c
2023-03-23 13:54:27,True,2.35e-10,7.226e-13,62112514525.0,0.4488,0x55...4ba5,https://bscscan.com/tx/0x8074cef19b1cc42f7ee6ff8b11e5293efa175162460abfe998faee80e61a4ed0
2023-03-23 13:54:15,False,2.338e-10,7.19e-13,1586420811.0,0.0114,0x84...558e,https://bscscan.com/tx/0x7d72157bcdabda7855d304ccf9ab963c9ddf8bb7835d9bb48e698ca5734c06ff
2023-03-23 13:53:57,False,2.325e-10,7.19e-13,4538668811.0,0.0326,0xdb...fa31,https://bscscan.com/tx/0x57c6c70af80bd6b0304148780d1eeddce873c5fe291c8126c5a953b0199f585c
2023-03-23 13:53:00,False,2.339e-10,7.19e-13,13780998948.0,0.0991,0xf4...424c,https://bscscan.com/tx/0x8449670a884ffb016e7e05671f4cb41388057313285a3e261ef3a9e92e3aae9e
2023-03-23 13:45:03,True,2.338e-10,7.226e-13,7420690000.0,0.0536,0x33...dbb0,https://bscscan.com/tx/0xe9452c1c2e17c6c1c00670dc921e9fad4e1ff7dde9d3e975226b615bd4788a56
2023-03-23 13:44:42,True,2.35e-10,7.226e-13,2838387836.0,0.0205,0x79...c567,https://bscscan.com/tx/0xe33c40d047cdd77414e012481af86430d573316c5b48cdc672ed844445d52708
2023-03-23 13:44:18,False,2.338e-10,7.19e-13,7346254512.0,0.0528,0x00...bef2,https://bscscan.com/tx/0x7d123df545870e1d7abd016b1327b70ed1e59266504c6c75e314df2423204aba
2023-03-23 13:41:15,False,2.329e-10,7.19e-13,7011984712.0,0.0504,0xbf...8f23,https://bscscan.com/tx/0x7170aa1cee679dfdfbc830421a9193da6bd3aa60397fac6270fe23a0a847e4cd
2023-03-23 13:40:57,True,2.352e-10,7.226e-13,55348900001.0,0.4,0x60...10ba,https://bscscan.com/tx/0xbdbea70df48466f8125abaecd2e9efde05b87c880f11e48b3034b2ad5a888dcd
2023-03-23 13:40:51,False,2.34e-10,7.19e-13,4789971364.0,0.0344,0x94...d04e,https://bscscan.com/tx/0x8718d8c8d54ff87815800c0b4595515d62383dfdd39f3219a75efb75a468abc2
2023-03-23 13:40:15,True,2.339e-10,7.226e-13,290366080.0,0.0021,0x0b...cb79,https://bscscan.com/tx/0x005a824903490368eed629f6fef9c306578f8194d32a3e3701ee9ff3082edd40
2023-03-23 13:36:33,True,2.351e-10,7.226e-13,8025709248.0,0.058,0x22...a0b8,https://bscscan.com/tx/0xb1910b7afc45fd66004f8212ad799af87a268a94146cf10e1b9840425802a733
2023-03-23 13:31:48,True,2.339e-10,7.226e-13,9393534102.0,0.0678,0x1d...2112,https://bscscan.com/tx/0x42ade91f0fc5e626f77f3eeb8b1c3b253c8ac68bcbefe28234a2d6b12c2527fb
2023-03-23 13:30:42,True,2.34e-10,7.226e-13,12414872809.0,0.0897,0x71...542e,https://bscscan.com/tx/0x0ba1ab3a5fef9fc710bc19564e88899b1b5869c56ac48a1e9047d79c824949c4
2023-03-23 13:30:03,True,2.34e-10,7.226e-13,11000000000.0,0.0794,0x43...e75b,https://bscscan.com/tx/0x37894634daca806d280d20ca6cb702ae160c360eacf17c6844678245c144e9c1
2023-03-23 13:28:09,False,2.328e-10,7.191e-13,450000056097.0,3.23608,0x29...c512,https://bscscan.com/tx/0x5ed51ca429b97baf4cd1070e40362676007c8581d8dda21b75d6ea0e04658bda
2023-03-23 13:27:12,False,2.329e-10,7.192e-13,72000000000.0,0.5178,0xf9...a867,https://bscscan.com/tx/0x4023dbb83da9a388b38841a98215bd93a8235217f2a394c922351b800acce92e
2023-03-23 13:26:21,False,2.34e-10,7.192e-13,10012911990.0,0.072,0xed...a94c,https://bscscan.com/tx/0x1267c5c9872859704931b167d355a68d620b0418d976be210e9f714aae686e83
2023-03-23 13:25:12,True,2.352e-10,7.228e-13,133257819771.0,0.9632,0x1d...2112,https://bscscan.com/tx/0x1e073e08595d9466228cdf1488556e108f9f3ea199e430ebc00f45e0e26babf4
2023-03-23 13:24:21,False,2.329e-10,7.192e-13,180000128349.0,1.29458,0x29...c512,https://bscscan.com/tx/0x73ffe4ea2aa7b520e5ebe24bbf2ffbcfc6fe8c7d46c4098c688de7c79d0c3436
2023-03-23 13:23:51,False,2.329e-10,7.193e-13,450131195645.0,3.23785,0x29...c512,https://bscscan.com/tx/0xaeda48e57fad958061dee4c083adfb8032fb3ad897d62f330176d2f0b115ac00
2023-03-23 13:22:51,True,2.353e-10,7.229e-13,30000000000.0,0.2169,0x72...1b5d,https://bscscan.com/tx/0xe6729d28c289d558926fbd5a2a2052b8f543f0740e73467569ca8e4ede90417c
2023-03-23 13:21:24,True,2.341e-10,7.229e-13,1106523972.0,0.008,0x22...226d,https://bscscan.com/tx/0xa261da05f2a308dd87bdc2b32bc006eec5db520e55236ecc547b8adc4b9c0b54
2023-03-23 13:18:48,False,2.329e-10,7.193e-13,47479162159.0,0.3415,0x7e...7bd1,https://bscscan.com/tx/0xc853b5fe2674484c15575ccfc43925ea1408fbc74b4b175d2d3060da066133dc
2023-03-23 13:17:48,True,2.341e-10,7.229e-13,3688523914.0,0.0266,0x0c...66a1,https://bscscan.com/tx/0xa37e7222c16ff893e8c44398e76538032e190a6e279dd8660e56ed9af4e049aa
2023-03-23 13:15:51,False,2.329e-10,7.193e-13,7392475499.0,0.0531,0xdb...8a0e,https://bscscan.com/tx/0x8a5f733ae99cdfea69af565be3f0ffbb518af40d6af915296ac52589902e7cc3
2023-03-23 13:15:39,False,2.341e-10,7.193e-13,1750459121.0,0.0125,0x40...ad9a,https://bscscan.com/tx/0x8fcd06d9c6754cb54b7d258b068a5a3ed0f2ae152894f7663dc06d1c9ea2bc44
2023-03-23 13:15:15,True,2.352e-10,7.23e-13,1320761314.0,0.0095,0x2f...3920,https://bscscan.com/tx/0x77a0292b28d1c5969188a498049938a1ab31030e4261635f3a0ef4b195655d82
2023-03-23 13:14:15,False,2.341e-10,7.193e-13,23165442560.0,0.1666,0x93...df23,https://bscscan.com/tx/0xd6cfc75ae6edb9fa0818854238509f110dcedd176a872a33925586bee5a44eb9
2023-03-23 13:14:12,False,2.329e-10,7.194e-13,18040444009.0,0.1297,0xa5...65c6,https://bscscan.com/tx/0x374e5cc5d550bd667078151f37137da524b411413055b7f5934044524664be8c
2023-03-23 13:09:39,False,2.329e-10,7.194e-13,19007315952.0,0.1367,0x6b...f437,https://bscscan.com/tx/0x58d2074b10c85f6c05029295e7105ea58d3c64b215f48eebbecf309566a4162f
2023-03-23 13:09:21,False,2.341e-10,7.194e-13,15119300741.0,0.1087,0xb0...e13e,https://bscscan.com/tx/0x394486cde933b76dfc923c614014708bc8a646a812876f9d8655d1f921e4f271
2023-03-23 13:07:24,True,2.341e-10,7.23e-13,1000000000.0,0.0072,0xec...f69d,https://bscscan.com/tx/0xc34f7f2f8f77015d31bcc233e8db265828febf0352b078b3275efcd8f5da6554
2023-03-23 13:07:03,False,2.33e-10,7.194e-13,4997163408.0,0.0359,0x33...814f,https://bscscan.com/tx/0x5f8e54bd47c5f4149a9846700b65f3a6b52b2c83ef29f30aa5cac155c0b04d41
2023-03-23 13:03:29,True,2.353e-10,7.23e-13,80420539872.0,0.5814,0x9f...7b93,https://bscscan.com/tx/0x1b407068b44757b02a1a75eea21d6e70e2faaa9b40588c15616cdd1f9190fd60
2023-03-23 13:02:01,True,2.341e-10,7.229e-13,8528857834.0,0.0616,0x4f...9ad3,https://bscscan.com/tx/0x965e55eb3e492d8d59b3a358ad069df689ef1803570b48724643f10843b3096d
2023-03-23 13:00:13,True,2.341e-10,7.229e-13,9766182831.0,0.0706,0xab...a56b,https://bscscan.com/tx/0xc4e21e0a0472d20e83597f3ae930d54873cff85207752dddf3c42ae1c8d930d9
2023-03-23 12:57:57,False,2.34e-10,7.193e-13,55855730370.0,0.4018,0x3f...7bc8,https://bscscan.com/tx/0x450f89bc2886613a8e91f9978508a2165e24ade29a40b786a8172c1dc3246c5d
2023-03-23 12:55:25,False,2.326e-10,7.194e-13,4942696094.0,0.0355,0xb7...fe4e,https://bscscan.com/tx/0x6fa9a507ebf534e902c181d800c30d8ad999f136e705b5a9b0391a356aa436fd
2023-03-23 12:55:22,False,2.326e-10,7.194e-13,69517988951.0,0.5001,0xa0...ca07,https://bscscan.com/tx/0xfb32d9570302a172fab39022c1c17c8ffd06de26fa0e559cb4297084a13bcdfd
2023-03-23 12:53:19,False,2.338e-10,7.194e-13,3058522933.0,0.022,0x79...3417,https://bscscan.com/tx/0x0355b0801b5e4d9f25ceac8bb32176acd03a996d22901c4dda50023801aa267b
2023-03-23 12:53:16,False,2.338e-10,7.194e-13,45101698285.0,0.3244,0x7b...8439,https://bscscan.com/tx/0x3a9164d2478edbbd9c400a7b2dcf4393cf28fd46d32fbd29a22e33398d995385
2023-03-23 12:45:52,True,2.338e-10,7.23e-13,3433366051.0,0.0248,0x13...5b02,https://bscscan.com/tx/0x1392253ff352dbc1145e65c8b676b397b107ef49e962c20f1bc89220ec39d44e
2023-03-23 12:44:40,True,2.35e-10,7.23e-13,4259732317.0,0.0308,0xf3...0205,https://bscscan.com/tx/0x7bb156c33e02d4914888f7a519656e0e7cd638b83b5fabbe457752b1518908ae
2023-03-23 12:44:16,True,2.349e-10,7.23e-13,46715833494.0,0.3377,0x25...5292,https://bscscan.com/tx/0x535d1b123aa086ff1a6584b5731962ec770563382808b128fec066ca58bb054f
2023-03-23 12:42:43,False,2.337e-10,7.194e-13,12928789844.0,0.093,0xd6...8dd8,https://bscscan.com/tx/0xbea2caf9374d79ce2993fc9653e837fc995b5092f7d53b84cf45b2a5fb1d5752
2023-03-23 12:41:31,True,2.35e-10,7.23e-13,61098418051.0,0.4417,0x9a...432b,https://bscscan.com/tx/0x1b677063e2dfa5b2f45b0a85c276a3525ecfae7fda3bf22f447180270bce3cbc
2023-03-23 12:40:28,True,2.338e-10,7.23e-13,5532364762.0,0.04,0xaa...e833,https://bscscan.com/tx/0xd618463b71936c9b8707f02258961ed904d67a6539d72f7ad0c4021f01270a22
2023-03-23 12:38:52,True,2.35e-10,7.23e-13,60465705403.0,0.4371,0x11...a512,https://bscscan.com/tx/0x1f145cdc4cbe12d63a3c797f21358860e1648fac4c29c6538cd59f4e469ae678
2023-03-23 12:35:54,False,2.339e-10,7.193e-13,9000000000.0,0.0647,0x5a...b717,https://bscscan.com/tx/0x391080da17ba74e808792d2921ca263c5fda167d6f4a28c52f04957067edca49
2023-03-23 12:35:54,True,2.35e-10,7.23e-13,2000000000.0,0.0144,0x8e...7667,https://bscscan.com/tx/0x4f8231df98836eeb08ee8db5217d5d4b0be02de4eaef5082eca30e453e1618d3
2023-03-23 12:34:03,True,2.351e-10,7.229e-13,880605149.0,0.0063,0xff...6f7b,https://bscscan.com/tx/0x65bff54fb1c8d036a07d9be907c617af1c310eab06e823894343dd6bf107fa76
2023-03-23 12:30:18,False,2.326e-10,7.193e-13,32772334403.0,0.2357,0x92...7d9b,https://bscscan.com/tx/0x7971c09b583a50c8665c61484c0724e1d5d398c1c5ca98c6d63539a792db415f
2023-03-23 12:29:36,True,2.338e-10,7.23e-13,1000000000.0,0.0072,0x2f...9fe3,https://bscscan.com/tx/0x6ce5a563154bb80c513fba0f13d929cbb4cf3cfffe1d2df2cc29f0ed89cd03df
2023-03-23 12:29:09,False,2.338e-10,7.193e-13,3309642556.0,0.0238,0xf9...9ea5,https://bscscan.com/tx/0x218e5ec295b175d2fe82b990aca062271c73f132098e4739c18deaa8e93d1be4
2023-03-23 12:26:54,True,2.338e-10,7.23e-13,7684113077.0,0.0555,0xe0...0792,https://bscscan.com/tx/0xf80bf61694877517bf21cf93ff66bfe8ee11331cf257f8cbda433480b3b495e7
2023-03-23 12:24:51,True,2.35e-10,7.23e-13,5532444723.0,0.04,0x66...51a8,https://bscscan.com/tx/0xba9ae04827a41ec05511ff020b527230ef5e5fef3fbb4c972f4d11e9b449b5f3
2023-03-23 12:22:42,False,2.338e-10,7.194e-13,503994167773.0,3.62612,0x05...c904,https://bscscan.com/tx/0x67fea6534c85a2c5c7174d0c415a3fddc5392aa83750722168f89ea579450037
2023-03-23 12:20:27,False,2.34e-10,7.195e-13,3350645883.0,0.0241,0x4f...994a,https://bscscan.com/tx/0x9140738b57477283658d52ff8bc7ae397f2e1dd05928b9bab966ac48203602e9
2023-03-23 12:19:21,False,2.34e-10,7.195e-13,1675442039.0,0.012,0xc7...7db4,https://bscscan.com/tx/0xddabe55234766d461497ee38816ddf71b246603f0b0125be389f84293d417649
2023-03-23 12:17:45,False,2.339e-10,7.195e-13,1748313594.0,0.0125,0x45...359c,https://bscscan.com/tx/0xb2ec83f745455b3a2a8482dacfffa0c6b86578acd9cd8175496428d5c76c3677
2023-03-23 12:14:03,True,2.34e-10,7.231e-13,3326704872.0,0.024,0x73...fed4,https://bscscan.com/tx/0xd4a1bb7e95bb80e0efe962b074725c76538903d91b28e8838a967a069ebdc439
2023-03-23 12:13:51,True,2.34e-10,7.231e-13,6015198692.0,0.0435,0x6b...1e48,https://bscscan.com/tx/0xd3e7292a9eb7773de153bc832ef0f3caa2ac836e44e154acdc8a6d713bf45598
2023-03-23 12:11:42,True,2.355e-10,7.231e-13,2577127942.0,0.0186,0xf2...525a,https://bscscan.com/tx/0x98df28233c0e1c28e9094418c834996da24b77b48fb8e1eed8c9a4599dd56cd2
2023-03-23 12:09:00,False,2.343e-10,7.195e-13,29132509599.0,0.2096,0xb8...0284,https://bscscan.com/tx/0xc08a54405ac1e59d1023906b349d673d15ea19bc31b1105fc07adaee1dba2a80
2023-03-23 12:08:57,True,2.355e-10,7.231e-13,8480495591.0,0.0613,0x2d...f733,https://bscscan.com/tx/0xd62f37f6eaca7cbd78eb2c85468ebe93d445a2ab94c6a02bd25939ee64f88eac
2023-03-23 12:07:30,True,2.357e-10,7.231e-13,6198344377.0,0.0448,0x39...7a15,https://bscscan.com/tx/0x6f1e94a29f871875f61c12a912092deccf25784d5a6722bff876883e6bb63e79
2023-03-23 12:06:57,False,2.346e-10,7.195e-13,56168584609.0,0.4041,0xa1...0980,https://bscscan.com/tx/0xa26dc8b253e02fe37eef8a8c5cd4d8ce59a930bdbfdbf9c400f3db15d34a217f
2023-03-23 12:06:36,True,2.357e-10,7.231e-13,5990542525.0,0.0433,0x5d...949a,https://bscscan.com/tx/0xb5f8c55b0ba28e230e1d819b905f6e43b71c3fedc303cf228c98f5af237b5e71
2023-03-23 12:06:03,False,2.334e-10,7.195e-13,18741323461.0,0.1348,0x31...e02d,https://bscscan.com/tx/0xedea6d074288bf16a8b8d98c6acbccd11adfcb27bd743bf29bd695e3d8347c49
2023-03-23 12:04:33,True,2.358e-10,7.231e-13,1194316222.0,0.0086,0x42...2c82,https://bscscan.com/tx/0x166ea4df04ff780207f7cc4b08c0733aec08efdf31c4e7e5f9ed9d995a39620d
2023-03-23 12:04:21,True,2.358e-10,7.231e-13,4895016204.0,0.0354,0x29...c0e4,https://bscscan.com/tx/0x9ccb4dc2279e4e5fd30fda73719b8fad00f56bb47a4f222bb5f7c669dcec37c1
2023-03-23 12:03:03,False,2.335e-10,7.195e-13,28780102286.0,0.2071,0x96...1b7b,https://bscscan.com/tx/0x24b2b8af62a355e946b7102962152a00825be51a3508778a664f58cecd3c8df0
2023-03-23 12:00:33,False,2.347e-10,7.195e-13,2515990500.0,0.0181,0x97...31de,https://bscscan.com/tx/0xce1d9d97384f40d472231a8e33de8522e626f8f848e0d3d133d6ac35768f49d5
2023-03-23 11:59:09,False,2.335e-10,7.195e-13,34202692627.0,0.2461,0x96...c28b,https://bscscan.com/tx/0x51fd60e40e2b1b951635a35244684229fb676087a3ee39af2c4c28ff174ca901
2023-03-23 11:58:21,True,2.346e-10,7.232e-13,4130203724.0,0.0298,0x5d...949a,https://bscscan.com/tx/0x33ec6af16c1ce345599f1b0760ce5251a2949d74b7f9dbce8059337bf3b57f61
2023-03-23 11:42:45,False,2.347e-10,7.196e-13,15613830293.0,0.1123,0x87...d0d1,https://bscscan.com/tx/0xe9ab2d53369724eecd58caea07c6072ff8c197aeafd99f83ca807f5df6a08cdb
2023-03-23 11:41:54,False,2.347e-10,7.196e-13,44823097972.0,0.3225,0xbf...0c35,https://bscscan.com/tx/0x573e7ad6c246c73f5149f02dcef63196b416843ac9a136160f67a5e4d0bb0884
2023-03-23 11:41:20,True,2.359e-10,7.232e-13,35633138216.0,0.2577,0x6b...71d9,https://bscscan.com/tx/0xe17382a1fec5e7192a879b0e2e0ca6daceefdbdea1615b1b8a1bc4de1def3f2e
2023-03-23 11:40:42,True,2.359e-10,7.232e-13,85953955611.0,0.6216,0x6c...5b78,https://bscscan.com/tx/0x9da4331e95541d62cc7191b63435af385c4b6bcd491417812851f767d5b72eaf
2023-03-23 11:38:21,False,2.347e-10,7.195e-13,5635740839.0,0.0405,0xae...9bd7,https://bscscan.com/tx/0xd123aba54e4c4fd6e795020fd31ac46ac152fd18925094fea59afe71ed73cad0
2023-03-23 11:37:09,True,2.358e-10,7.231e-13,45668230969.0,0.3302,0x29...b70c,https://bscscan.com/tx/0x858c64ba4231b95e47ac3200f4f7b8a81869c8d3a72e65a433b2eed0a9e8a802
2023-03-23 11:37:06,True,2.346e-10,7.231e-13,14484405253.0,0.1047,0x49...fa52,https://bscscan.com/tx/0x0eb0c24d100d4439714d03d8fa9dad380cb1c40a88b3d270b4d49921e35a12f1
2023-03-23 11:35:24,True,2.358e-10,7.231e-13,83471886944.0,0.6036,0xc5...5b50,https://bscscan.com/tx/0x916dc3a6430ee9a520ebcc35bf99a290061c7a2be904101bd855b014e3bc2c01
2023-03-23 11:33:09,True,2.344e-10,7.231e-13,7730000000.0,0.0559,0xa6...8329,https://bscscan.com/tx/0xc46302c00ad9a46f3cbcafeadcfc22688128f7aab42d89bf6208635735da9f5b
2023-03-23 11:33:00,False,2.333e-10,7.195e-13,22904844702.0,0.1648,0x00...1778,https://bscscan.com/tx/0x0affd2180e30c79bc7ae281cbee15b6ac3099f070a049d990ed821be8aa84760
2023-03-23 11:32:27,False,2.344e-10,7.195e-13,24258597881.0,0.1745,0xc0...f77c,https://bscscan.com/tx/0xbb69a11db596b0a24c5097f05f3e683b10d41896628f8a4951380c5bc705c6b9
2023-03-23 11:31:18,False,2.332e-10,7.195e-13,5400000000.0,0.0388,0xe4...2eee,https://bscscan.com/tx/0x1df60a2c40a09df124b0b432e07ef5e39d85f39167826b9765dccefe25e0247a
2023-03-23 11:29:21,True,2.355e-10,7.231e-13,43937176459.0,0.3177,0x26...c352,https://bscscan.com/tx/0x6c45e1323f695318d653949f00e9bd98257b4a952ae800601ca7b2ab9cdda789
2023-03-23 11:23:15,False,2.344e-10,7.195e-13,360567000000.0,2.59462,0x29...ae1e,https://bscscan.com/tx/0x0862a97821461586998f5f29525a9f8ed2c98a39c82f9bcf32a3cb8c78c50f99
2023-03-23 11:22:36,False,2.332e-10,7.196e-13,2930197556.0,0.021,0xdc...c8b7,https://bscscan.com/tx/0x279d5ffaa58227dc6a16eab36c6337f37f7f1fa76d65e48bf19aa3fc51706b58
2023-03-23 11:21:03,False,2.344e-10,7.196e-13,6713259800.0,0.0483,0x62...873b,https://bscscan.com/tx/0xa5ade499a7bc1a5c14a35eb7366310213e69f8fa8c879a962225a65825e8fec7
2023-03-23 11:19:03,False,2.344e-10,7.196e-13,16601748806.0,0.1194,0x43...49a5,https://bscscan.com/tx/0x6a98a60f24a9be26ccc9d9ed74a1b2e0be2613cafbf1be332a1cfa3caa5609ab
2023-03-23 11:18:51,True,2.356e-10,7.232e-13,4147828094.0,0.03,0x0f...56e9,https://bscscan.com/tx/0x849769673768cd400c89fd4330af5a074c4a1deda1e3e5986d78ce8bc9f5b9a2
2023-03-23 11:17:50,False,2.344e-10,7.196e-13,41402070000.0,0.2979,0x62...873b,https://bscscan.com/tx/0x029e6bb9074a1e479301c1df84bb01d1fc5ad60fc8d3d153c394aae6529db19f
2023-03-23 11:17:29,True,2.356e-10,7.232e-13,7665910681.0,0.0554,0x1d...9fe1,https://bscscan.com/tx/0xe9ccdd27e3d99cbaa7c6bb5e0c5f3770095f2876e299f483770d8d437fb1e934
2023-03-23 11:16:20,False,2.347e-10,7.196e-13,48068028976.0,0.3459,0x6d...8d16,https://bscscan.com/tx/0xb9a5f832fc3a49395c0835d53b7b0ea11ca62e5e1429202e46012e2f06bdc274
2023-03-23 11:15:57,False,2.347e-10,7.197e-13,121500000000.0,0.8744,0x70...6719,https://bscscan.com/tx/0xe460da41d118f8b17f9828bd6f880ea99b68f4c7d9fedbaf5cdc1db76616c4c0
2023-03-23 11:12:50,True,2.358e-10,7.233e-13,37827932700.0,0.2736,0xb5...3e74,https://bscscan.com/tx/0xa2ceb49fcfb2caec43905a88c4c9fd420fbe773fe35f345048150e737d8da82f
2023-03-23 11:12:11,False,2.346e-10,7.197e-13,33327409198.0,0.2398,0x4b...4bd5,https://bscscan.com/tx/0x6a899f3de3cad31366250bb787805c0570b3a2df96f89346a967689b53f4d7fe
2023-03-23 11:08:08,False,2.333e-10,7.197e-13,27818615142.0,0.2002,0x69...c5f6,https://bscscan.com/tx/0x6f8862d69479f2689737937d430e10cf79990ac943ccdb6f722165fcb6bfcf6d
2023-03-23 11:06:56,False,2.345e-10,7.197e-13,3636946276.0,0.0261,0xf2...e650,https://bscscan.com/tx/0x09b0fcf1fd753d5314b6bf6d89b1b74542f0fd924d9076848b7ce74020facab6
2023-03-23 11:05:23,False,2.344e-10,7.197e-13,17100000000.0,0.123,0x46...65af,https://bscscan.com/tx/0x65b7acd77b16342fdd01b6b883221c96e3ccce5989909043de910ef1a66cfacd
2023-03-23 11:02:32,True,2.356e-10,7.233e-13,3553898108.0,0.0257,0x3c...c38a,https://bscscan.com/tx/0x087977da8396d548d1b6c5bacea90ade887dc6a26aea415eca6aa6b23288acb9
2023-03-23 11:02:02,False,2.344e-10,7.198e-13,814397260317.0,5.86256,0x6c...231c,https://bscscan.com/tx/0x9f875f3b59851970bd5014702a8302786595ef708a375262c6192f86ae7f454e
2023-03-23 11:01:23,True,2.355e-10,7.236e-13,7200000000.0,0.0521,0x27...d6cb,https://bscscan.com/tx/0xcb2fb0081001917555f1c0820d3eecdfde5073ee33540eee1da5281cde5f52db
2023-03-23 10:59:56,True,2.343e-10,7.236e-13,1318255301.0,0.0095,0xd8...8a91,https://bscscan.com/tx/0x7e123cfe2550044fa52afdb2b74dd2a13bc8945fe37419440a87abfef0081952
2023-03-23 10:59:11,False,2.344e-10,7.199e-13,6543360712.0,0.0471,0x6c...1fd4,https://bscscan.com/tx/0xa595ae4e7e130b030d6272701d0fbc08e1e2305dd0448cb9e126f8bf6effd6ce
2023-03-23 10:56:44,True,2.343e-10,7.236e-13,9900000000.0,0.0716,0xa6...8329,https://bscscan.com/tx/0x4a77349fa1bb9f8f3a252391661fbeaf811559ffa8aef029994f772ca02492d2
2023-03-23 10:56:38,False,2.343e-10,7.199e-13,4411686842.0,0.0317,0xbd...60c4,https://bscscan.com/tx/0x7474fa87c202bb833e67df4b34fd683eb06f46d932f3de34e698ed7d6e7889f6
2023-03-23 10:54:38,False,2.343e-10,7.199e-13,1688863046.0,0.0121,0x82...b8f4,https://bscscan.com/tx/0x0a394dafc86dfe1a254255c825d01bacdf7db38b3b6273d69f8dc773dfd7b96b
2023-03-23 10:53:53,False,2.331e-10,7.199e-13,2871376235.0,0.0206,0x3f...94e1,https://bscscan.com/tx/0x46d8cb4c791832bd49c8adb53a1f4f90961e2fb8d2792697a261b531754f0089
2023-03-23 10:51:44,True,2.355e-10,7.236e-13,973917566.0,0.007,0xb8...302a,https://bscscan.com/tx/0xaaf08a0ca67b7427b4a001a2189c3f9f3ed2db04615dffdf5606060bb77a3aec
2023-03-23 10:50:26,False,2.343e-10,7.199e-13,15325751582.0,0.1103,0xfb...147e,https://bscscan.com/tx/0x35c7704aa0185d4b9247e885a84b1519d1073c7cfe0ad4026a36533f583cc799
2023-03-23 10:50:14,True,2.343e-10,7.235e-13,269613905624.0,1.95084,0xd2...dcd1,https://bscscan.com/tx/0x1b3f6f561d3ef73652cb4c0af07c389e9e107219f4eeaa91ba1ba001341aef75
2023-03-23 10:49:44,True,2.343e-10,7.235e-13,149011323728.0,1.0781,0x6e...f9d6,https://bscscan.com/tx/0x7abe54c4ffb425d7347f6e97430986444e6bd9b4ea36f3d5dcd1fce401168922
2023-03-23 10:48:01,False,2.343e-10,7.198e-13,213243715047.0,1.53514,0x93...5491,https://bscscan.com/tx/0xb5a6e4f60827bdcdfcd790f7af9e25818dd59d1037fbf9f2559a965106ffdb25
2023-03-23 10:39:06,False,2.343e-10,7.199e-13,3835158608.0,0.0276,0x4a...6ee2,https://bscscan.com/tx/0xe5e1b6e9fd19798c62e314597fb2e0120d615a226960203b11955b496a8b91ed
2023-03-23 10:23:41,True,2.355e-10,7.235e-13,1000000000.0,0.0072,0x5c...3598,https://bscscan.com/tx/0x6595ab316da763baff61581382316140c933f5adb5ed341977f6c9700da3ed76
2023-03-23 10:20:05,False,2.327e-10,7.199e-13,147909420707.0,1.06488,0xbc...104a,https://bscscan.com/tx/0x8f78484dfda30018bda8713d66a699989c52c1931b7ceceef3e24b35a553f1f0
2023-03-23 10:16:59,False,2.339e-10,7.201e-13,797839961014.0,5.74531,0x6b...a294,https://bscscan.com/tx/0x9e17f3c07dee70e0c61d9a4e59b1cf6d22739e60c2a109e48516107750b477df
2023-03-23 10:11:29,True,2.35e-10,7.238e-13,3014993587.0,0.0218,0xae...f971,https://bscscan.com/tx/0xae8af022494e24f356a0a1336bb9fbbb532ea5bed1ad70e63bad06e11a720817
2023-03-23 10:08:08,False,2.339e-10,7.202e-13,36227982255.0,0.2609,0x39...ae58,https://bscscan.com/tx/0x05aa65978fd52dbe350cec9d2e8c5430da349ea9e5ce39631bfb734ba8ac142f
2023-03-23 10:07:26,False,2.339e-10,7.202e-13,98502853545.0,0.7094,0x71...8fe3,https://bscscan.com/tx/0x9d8f94476cc5e1e0bf954de78739c6a7a1ff06556206bced0cae4f2b3513ebab
2023-03-23 10:04:59,False,2.327e-10,7.202e-13,900000000.0,0.0064,0x60...5c0c,https://bscscan.com/tx/0x4350562466bb307c766bd411bbd97ef4204060bfff2b1394a56e7f83b59d8262
2023-03-23 10:03:44,True,2.351e-10,7.238e-13,52784808887.0,0.3821,0x55...c9d1,https://bscscan.com/tx/0x7f457671e1ba5c1c9eb3fe56836ac4911a543fa89279e802939dffc295f5463e
2023-03-23 09:59:53,False,2.339e-10,7.203e-13,270454544562.0,1.94809,0xec...ba33,https://bscscan.com/tx/0xe5c38e46701dcaf3e3fbc7bb266f61a0ff080562b56b01a6fd988cdc0849673c
2023-03-23 09:58:59,False,2.339e-10,7.203e-13,14930178735.0,0.1075,0xb3...3b11,https://bscscan.com/tx/0x7b5fda0613284074428986bf072e188948e3af59ea72f2d0e515c7d8ac07c955
2023-03-23 09:57:38,False,2.327e-10,7.203e-13,9609587882.0,0.0692,0xf1...92d8,https://bscscan.com/tx/0xa2899dc44e1e6a6109804f07ea0f8376b3c3e990493e8dd2428a844f8f1a8f6f
2023-03-23 09:54:23,True,2.35e-10,7.239e-13,23740000000.0,0.1718,0x38...074e,https://bscscan.com/tx/0xecc747d30b8575d0f8322e0eabd9f5d0a3af9733147018da6ecf3257a52ecda8
2023-03-23 09:50:53,False,2.327e-10,7.203e-13,11423001628.0,0.0822,0x82...e57f,https://bscscan.com/tx/0xb2a113f8c09a50b3f87e2c2c54d4d3f1288267ccce516b56677dea3716e3052a
2023-03-23 09:48:23,True,2.35e-10,7.239e-13,61467852796.0,0.445,0xa0...cc53,https://bscscan.com/tx/0xfeb1dd72278c09b6ec117518882589521fc821d9117ad4f2312b6b6dcb0d4c78
2023-03-23 09:48:05,True,2.35e-10,7.239e-13,7962965589.0,0.0576,0xfc...76f6,https://bscscan.com/tx/0x17c26cfd6ad437acba447bc923eb1f53d14479c993efea918ff4c80d970f7a2a
2023-03-23 09:45:20,False,2.326e-10,7.203e-13,2885706207.0,0.0207,0x8c...463c,https://bscscan.com/tx/0xe3d59e7cabe680d8aef97826d80bb7e03b668c3b7482bf94ea202e0b9511f3bf
2023-03-23 09:44:29,False,2.338e-10,7.203e-13,44655463721.0,0.3216,0x7c...be9f,https://bscscan.com/tx/0x83dd7fe9b3009394179cf69ff10690a65fe3a4247d06e04ae3cbc6a0a3fc19e8
2023-03-23 09:43:29,True,2.35e-10,7.239e-13,69065794186.0,0.5,0xfe...e796,https://bscscan.com/tx/0x50acf940dcc735915186c3b390e8307d842ef01139650bcdc374d47988f4a6a8
2023-03-23 09:43:26,False,2.338e-10,7.203e-13,12457393974.0,0.0897,0xd7...8da4,https://bscscan.com/tx/0x4c10fa948b30b1e4833b74404eb2a046512adb01ea690fa109b2166a4c7c3f06
2023-03-23 09:39:20,True,2.35e-10,7.239e-13,56547334787.0,0.4093,0xef...7ad2,https://bscscan.com/tx/0x273d6035f63bb6621b90a0d6218e454a15bbdadb2a518f160809e5aef9bc64fd
2023-03-23 09:38:04,False,2.338e-10,7.203e-13,32439655452.0,0.2336,0xb3...3b11,https://bscscan.com/tx/0xb4b50d60c4976384d5c7f5eb52922147945c11d87d26e8e23de394bfba0c9b4a
2023-03-23 09:37:25,True,2.338e-10,7.239e-13,78931255086.0,0.5714,0xc6...21f3,https://bscscan.com/tx/0xd86c46771ef35f08e7a3f2ca356b131fb4afaeb81fa0c4ccfca5338c5e5f70ca
2023-03-23 09:32:52,True,2.35e-10,7.239e-13,540656000.0,0.0039,0x11...3e64,https://bscscan.com/tx/0xcd91fb42634cc6169070bd67ad45033fc3107e3068facf430e64d87361ae9e3f
2023-03-23 09:30:55,False,2.338e-10,7.202e-13,13941486675.0,0.1004,0xa1...9ab5,https://bscscan.com/tx/0x424a42b87febbba29f31a22b2d9c68c3b5bb0de99112c05cea89096c42443c18
2023-03-23 09:25:58,True,2.35e-10,7.239e-13,1000000000.0,0.0072,0xd4...a4d9,https://bscscan.com/tx/0x729e4d1fa21085fc241937090354c4cf7cf83eebfdd00d104ff63845611aa219
2023-03-23 09:25:13,True,2.35e-10,7.239e-13,19030040662.0,0.1377,0x08...1b13,https://bscscan.com/tx/0x8a78ab794700927b8a7b6855c1587e760f07f213e289c04e80cbb6aeecc94723
2023-03-23 09:24:10,False,2.338e-10,7.202e-13,5216835255.0,0.0375,0xa9...73fd,https://bscscan.com/tx/0xff1ddc7f693f9419ef5f2de5e357e8181f2177ad5530935542d4b2ba87ba857a
2023-03-23 09:22:44,False,2.339e-10,7.204e-13,720000000000.0,5.18693,0xbd...5f4a,https://bscscan.com/tx/0x53f4bd3c7caa45bcf53d97b97f526f668c3a234a42aa35dadb365dc1de8ac2d4
2023-03-23 09:15:41,False,2.339e-10,7.205e-13,8633632636.0,0.0622,0x9a...28bc,https://bscscan.com/tx/0x0764ca0f2c3f2e0615d3d51f8304c61c94a0e7cdf68c1045c235a28cf10fec43
2023-03-23 09:14:59,True,2.339e-10,7.241e-13,1438387286.0,0.0104,0xa0...6e74,https://bscscan.com/tx/0x5a78db9e0c3c501813b800e797d7f719f839ecb01fa58941188b3ae155e27092
2023-03-23 09:13:47,False,2.327e-10,7.205e-13,69585193947.0,0.5013,0x65...faac,https://bscscan.com/tx/0x0d3ebccc86186a9cc403e281a206fc94431711d1c37612f41969fd846491ccc2
2023-03-23 09:12:26,False,2.339e-10,7.205e-13,5535243606.0,0.0398,0xa5...630f,https://bscscan.com/tx/0x2e1b9f444a6698717a221ea1c1671a0b6ad697267101099fbb20f8b0ec1388ae
2023-03-23 09:12:23,True,2.351e-10,7.241e-13,4423617424.0,0.032,0x07...9e5e,https://bscscan.com/tx/0x816bcd84d61b6073f5e98ee715ab4460242ad152c64f8756a8abc925eebd00a3
2023-03-23 09:10:43,False,2.326e-10,7.205e-13,6300000000.0,0.0453,0x4c...a641,https://bscscan.com/tx/0x60525461d390070b2858528d023e1feccf6b709f52eede3f9706c4a5383d2417
2023-03-23 09:10:34,False,2.326e-10,7.205e-13,90017370550.0,0.6486,0xbe...1239,https://bscscan.com/tx/0x7789db98a5a6f685a3ba39aea52a5396e015e8199e4d97e0d272b06d1f643e42
2023-03-23 09:05:41,False,2.326e-10,7.205e-13,2869109940.0,0.0206,0x0f...e80f,https://bscscan.com/tx/0x9c9b108a6beb4c92733022a6ffc42ae8e601d2c676e5f199a4ebfd68af0a84a9
2023-03-23 08:56:54,False,2.336e-10,7.205e-13,3420000000.0,0.0246,0x24...b404,https://bscscan.com/tx/0xf98617f83b9390f3326b44592dcfb16f46d80bac44f32a951ef63965bd72386e
2023-03-23 08:56:45,False,2.336e-10,7.205e-13,7506535185.0,0.054,0x4d...7939,https://bscscan.com/tx/0xca3053fa03e5641400180ea5818c200755138c8f7b258c7ba86a0bcddf5767db
2023-03-23 08:54:36,True,2.346e-10,7.241e-13,26242790354.0,0.19,0x15...4042,https://bscscan.com/tx/0xd54c5355fde01c9ace7c7da5daaa8a6b31a87861180cf4bf344c521e703f4555
2023-03-23 08:47:45,True,2.334e-10,7.241e-13,100000000.0,7.241e-05,0xc1...14c6,https://bscscan.com/tx/0xd200b519972f7ced86ecb58d7cbfad897ed9aa80a0362cde2a7b5e07704762e8
2023-03-23 08:47:12,True,2.346e-10,7.241e-13,1000000000.0,0.0072,0xc1...14c6,https://bscscan.com/tx/0x03f2f5d2ad27f6794d5df8b08a6bf41cdf07b879f64518c7fff882ba09a127b7
2023-03-23 08:46:36,False,2.334e-10,7.205e-13,8052911516.0,0.058,0x20...5098,https://bscscan.com/tx/0x582645ba98c1595f43027ae583d987d176e7b1c3dbc74f09aabe50945bf4c916
2023-03-23 08:46:33,True,2.346e-10,7.241e-13,1000000000.0,0.0072,0xc1...14c6,https://bscscan.com/tx/0x345ba16cfde2326c887194e81dcff6dfabd53cfc3b455bc9af130fcc1fb23e47
2023-03-23 08:45:42,True,2.344e-10,7.241e-13,100000000000.0,0.7241,0xc1...14c6,https://bscscan.com/tx/0x2cab4efe8d9a482c3fca6c0ea7179885f7e85dc8ebb880031a1c0d10e18f2fc0
2023-03-23 08:44:53,True,2.344e-10,7.241e-13,3038008756.0,0.022,0x6d...cab2,https://bscscan.com/tx/0x39cf81c1d61af48b3fe7b35d31469a93637a39712570f46d29ac42838d3d573d
2023-03-23 08:44:04,False,2.319e-10,7.205e-13,6831405210.0,0.0492,0xc2...152e,https://bscscan.com/tx/0x2cf9af2af767ecd28030f2be49f857e4bf1482c9ab7ee3dcfc1ac5b5d28b80fd
2023-03-23 08:42:33,True,2.342e-10,7.241e-13,276180000.0,0.002,0x62...22fb,https://bscscan.com/tx/0x4f361dd014e183fdf8e9c93d1d5f9e47724d309d22896e58d8375fc2ad1dda13
2023-03-23 08:42:24,False,2.331e-10,7.205e-13,10161272776.0,0.0732,0xb9...52de,https://bscscan.com/tx/0x817a4dc64e98fdb96a444544e5da8afc4754350b45238fd703cbab33aed4bad9
2023-03-23 08:42:04,True,2.331e-10,7.241e-13,3736972238.0,0.027,0xbb...e1a9,https://bscscan.com/tx/0xffa544935662c51e79429a5d4e883b696320cec601c87f64daafbcf3cad03089
2023-03-23 08:40:55,True,2.342e-10,7.241e-13,25615953427.0,0.1855,0x42...e22c,https://bscscan.com/tx/0x4d981e3d39e39439a9294d6dc683d4dfc03a5e8924078ff0532a5c72d269ea83
2023-03-23 08:35:55,False,2.332e-10,7.205e-13,23925878669.0,0.1724,0x42...a041,https://bscscan.com/tx/0x3e950e2a4155c06d10e6c76581cd231c416c8a0cbaa089bb93ce202761aa1b9b
2023-03-23 08:35:25,False,2.332e-10,7.205e-13,4839755826.0,0.0348,0x7e...afce,https://bscscan.com/tx/0x7d400d1054a48a79e849f8315a335607a7e18c3d9b519e60c3f031c600a39b07
2023-03-23 08:34:04,True,2.332e-10,7.241e-13,12017658310.0,0.087,0xb1...4cf0,https://bscscan.com/tx/0x317c0f78a9a4d7a2c405fbba9cbaf7ca59f568de1bb6e45fb1bfa7f073b3a4c3
2023-03-23 08:31:58,True,2.333e-10,7.241e-13,9459734897.0,0.0685,0xbd...5f2f,https://bscscan.com/tx/0x0c8315a88f2b772ab3a96829000ac4ee2d61214a949541a6f2a7f039e1bde39d
2023-03-23 08:30:40,True,2.348e-10,7.241e-13,2209468842.0,0.016,0x73...0fc6,https://bscscan.com/tx/0x7f36dfe5ff97336ecee86e73cf43589679d2c8051e72d4cd183d2241da860690
2023-03-23 08:28:58,True,2.348e-10,7.241e-13,8285527466.0,0.06,0xfa...63e1,https://bscscan.com/tx/0x6ce4e2678f12268f6b60c14b0161ee5f7a0c89dc211fafcd18340f77f7d25aca
2023-03-23 08:27:58,True,2.347e-10,7.241e-13,9407306752.0,0.0681,0x5c...4dd9,https://bscscan.com/tx/0x89bf9171d0673c89679d2564ca02c55fec97cf5aef7455d1352b16e9cfd7da02
2023-03-23 08:26:31,False,2.336e-10,7.205e-13,12185902923.0,0.0878,0xa7...5f73,https://bscscan.com/tx/0x48fec4e6310e526375e767246c6ff5bbd7c766f415b1d302588d42a6bc426025
2023-03-23 08:23:13,False,2.338e-10,7.207e-13,1169986938069.0,8.43238,0xee...068c,https://bscscan.com/tx/0xdf06e1715f3dbdc55e723350e16f282958d4c1730fac4020231ed762e2839b87
2023-03-23 08:21:01,True,2.339e-10,7.245e-13,8441590773.0,0.0611,0x95...7f65,https://bscscan.com/tx/0xd9a0f817d44644c638fb2f5429e5e085133c23c7a33c7487ed6adf4248884178
2023-03-23 08:20:25,False,2.327e-10,7.209e-13,4034121356.0,0.029,0x04...f12e,https://bscscan.com/tx/0xfce772de3adf7927e5d6beef335ca8d60f241a9d80d3c2cdc3329e5e88673b2d
2023-03-23 08:17:10,False,2.327e-10,7.209e-13,40079596308.0,0.2889,0x0c...5697,https://bscscan.com/tx/0x21b139ae6cebcc002991963a7ebc938d69062e7eeed7a2f19cda912123f98697
2023-03-23 08:16:10,False,2.327e-10,7.209e-13,16379902747.0,0.118,0x35...aa91,https://bscscan.com/tx/0xf289f3dcd5681536cf88406be8e09e606d3e0b861655fb794124e42c951a5689
2023-03-23 08:14:37,True,2.35e-10,7.245e-13,2000000000.0,0.0144,0xb2...1793,https://bscscan.com/tx/0x47e43ef1e7bbb1216218b6313ce45232c5c711b25e17a27d4ff3a8f1625c9cc9
2023-03-23 08:14:07,False,2.327e-10,7.209e-13,372062332949.0,2.68252,0x06...ebaf,https://bscscan.com/tx/0xf10f4458352493a201ee9d1d4fb2baec446b507235b75298c4bce5d2123f05cd
2023-03-23 08:10:52,False,2.338e-10,7.21e-13,12462710882.0,0.0898,0x1c...d115,https://bscscan.com/tx/0x31e8e2a8c9b9a6c1e714893812d03e788cac3dd655b671ff212a51cf64d9507f
2023-03-23 08:07:01,False,2.339e-10,7.21e-13,144000000000.0,1.03834,0x9f...d3e0,https://bscscan.com/tx/0x8bc21f3994f01c7f79d6da08c67d6a5fd9ccc2213b691365461227b10be99413
2023-03-23 08:04:58,True,2.34e-10,7.247e-13,3600000000.0,0.026,0x70...6a66,https://bscscan.com/tx/0x2d718fcc5cad26428cdedf320d444283debc7447500b213094b645251e504592
2023-03-23 08:02:39,False,2.339e-10,7.21e-13,3086572556.0,0.0222,0xfc...bde8,https://bscscan.com/tx/0xfff4e81f653980c6edb011dc0da2372643004d6f1213348ed6e785fd4408bd78
2023-03-23 08:01:30,False,2.328e-10,7.211e-13,152758090689.0,1.10157,0x67...6233,https://bscscan.com/tx/0xb2fa89f68fe8d9f0feaac7568614a7e04a08e4df2cbd2166a25483779ee3297a
2023-03-23 07:55:30,True,2.339e-10,7.247e-13,100915677.0,7.314e-05,0x94...f199,https://bscscan.com/tx/0x90e83ee3c8f82a0dae449f25650e4f581aa1f7640ea2e1cd67e657f0c3041025
2023-03-23 07:53:21,True,2.339e-10,7.247e-13,413928173.0,0.003,0x89...7e7c,https://bscscan.com/tx/0x730e8f1be9a5be4d634189482a02cd0a185c0415dcef6b9623c981ad97b8b903
2023-03-23 07:52:30,False,2.327e-10,7.211e-13,32915384793.0,0.2373,0xce...4b0d,https://bscscan.com/tx/0x8643ea6c49229f4f0ae06bb7afe7a4f0eda7e86ee77a7d69a5ad449e1bf1b9b9
2023-03-23 07:51:54,False,2.327e-10,7.211e-13,837827608.0,0.006,0xeb...093e,https://bscscan.com/tx/0xac9f68354ddaaa2d5b1aff8aaeb56cbe854d9941b58afbd931ae6d179ce6e355
2023-03-23 07:49:03,True,2.35e-10,7.247e-13,130213663.0,9.437e-05,0x89...7e7c,https://bscscan.com/tx/0xfd8de4b3b95545486e9285a718c26b5b6a452176db209def28dfdecb3985caf1
2023-03-23 07:41:42,True,2.35e-10,7.247e-13,2403467246.0,0.0174,0x2d...0b00,https://bscscan.com/tx/0x9a12d02bb7997c68272a531c34118f212e97606a17a70501da38520a1b525c72
2023-03-23 07:39:15,True,2.349e-10,7.247e-13,16176824758.0,0.1172,0x25...5292,https://bscscan.com/tx/0xf7f18c0f3036fa71a8415f0d558f49bf526e82865099e4c4c84a4173c419e688
2023-03-23 07:36:15,False,2.337e-10,7.211e-13,923398591.0,0.0066,0x11...80c6,https://bscscan.com/tx/0xa085b93a22bd267f05921cf99ac2c574bc46f2738d5cbab21c84ba82208ebae0
2023-03-23 07:33:36,False,2.326e-10,7.211e-13,81000000000.0,0.5841,0x5a...33fc,https://bscscan.com/tx/0xb06d5ec4376680e8a217576d72dfc4b7f630754173e49d7138a19b017606aece
2023-03-23 07:31:06,False,2.337e-10,7.211e-13,3693594042.0,0.0266,0x11...80c6,https://bscscan.com/tx/0x835069b312fc2ee303c36e3dc1170677b10a07913a2807306a3b2c743a903bd5
2023-03-23 07:29:48,True,2.337e-10,7.247e-13,1737834251.0,0.0126,0xcd...e9e8,https://bscscan.com/tx/0x6f452cf61c84efe410fdc04a6ad71deb37eaaa1fc50cd957432f56b90b59cfcc
2023-03-23 07:26:21,True,2.349e-10,7.247e-13,15303908935.0,0.1109,0x78...51ec,https://bscscan.com/tx/0xd73350bdef090257d27dce56952a623da9fc3a8ea7d989b93c03c0025e3c0f8d
2023-03-23 07:22:27,False,2.333e-10,7.212e-13,564601525958.0,4.07225,0x64...5746,https://bscscan.com/tx/0xed52fbf9378e3b3cfa234068925d4943b3654e54c55b4eb5ae584bb49ed4c88a
2023-03-23 07:22:15,True,2.345e-10,7.248e-13,468960627187.0,3.39948,0xf8...31d1,https://bscscan.com/tx/0xee4dc400d9091704421ff299606998bb2e726a90c7dcc389109889dee4480414
2023-03-23 07:19:45,False,2.322e-10,7.217e-13,3387606782936.0,24.4498,0x64...5746,https://bscscan.com/tx/0x23b62d4e58dcf3783e655933e6efdb98ca61abf66219ac36a110a2dce9b6362a
2023-03-23 07:19:33,True,2.347e-10,7.259e-13,3099563447.0,0.0225,0xd8...3d20,https://bscscan.com/tx/0xff64ad7b172b6c042f0c00a5d4cf4b1d3d1e9bf7318d861c83aca744262a8349
2023-03-23 07:17:45,False,2.335e-10,7.222e-13,16210195708.0,0.117,0x88...867a,https://bscscan.com/tx/0x18f6ab9d8442d99b99adc891facc2c4c97cc99eaa0aae20d6cfbe833356d143f
2023-03-23 07:17:27,False,2.326e-10,7.23e-13,4516805795102.0,32.6571,0x64...5746,https://bscscan.com/tx/0xfe244ab925a80b18b115d0547123e561c27b155245032a7395bb479b397abc6c
2023-03-23 07:16:45,True,2.352e-10,7.273e-13,4251091033.0,0.0309,0x30...d3b1,https://bscscan.com/tx/0x885143fe8d09e40c5644ba10570003b745c4319781e970089770ed804885eada
2023-03-23 07:15:42,False,2.341e-10,7.242e-13,3011202403899.0,21.8077,0x64...5746,https://bscscan.com/tx/0xa55b3addcf615627165dd3a7b4984aa1f614b47b8b79f4e3349bc0dd5eca936b
2023-03-23 07:13:33,True,2.354e-10,7.283e-13,3386100001.0,0.0246,0xe8...af8f,https://bscscan.com/tx/0x32b53f86d90635b686f344a8c2567d2f6a2fb45556044981d2939de7d4ed8ea6
2023-03-23 07:13:12,False,2.331e-10,7.247e-13,43984800000.0,0.3187,0x18...1469,https://bscscan.com/tx/0x083ed163c3d92ebd499831761153c718aee3655e10ac9e0f54372f6157211fe5
2023-03-23 07:08:12,True,2.355e-10,7.287e-13,11855859175.0,0.0864,0xe2...ee7e,https://bscscan.com/tx/0xece88313bf96c2b8e624b93122c7f6bf5baf4e9e5541a9c64e93b88666456a0b
2023-03-23 07:04:18,True,2.351e-10,7.283e-13,2300000000.0,0.0167,0xab...5991,https://bscscan.com/tx/0x198655d7b53e5b6c992e500f2c36265f41209b93b15a56bc195356c3640cca84
2023-03-23 07:00:39,False,2.328e-10,7.247e-13,11161388491.0,0.0808,0xea...f137,https://bscscan.com/tx/0x7a78c135fedf15836fdac96406d6fea2efda74b7673f455a9bb27f121c214c44
2023-03-23 07:00:00,True,2.352e-10,7.283e-13,8171566835.0,0.0595,0x29...a462,https://bscscan.com/tx/0x0127158f3bd6ee71b84cbada177e0ef53097eace0643c152a7383f5b25cca138
2023-03-23 06:59:12,False,2.334e-10,7.267e-13,12498336309783.0,90.8293,0xb9...f731,https://bscscan.com/tx/0x9b14975d2dd8e37241b8b779dbf9973eaf7ab58a6ec659cc85f2aa0d288c9c75
2023-03-23 06:55:14,False,2.352e-10,7.287e-13,88200000000.0,0.6427,0xf4...eb3c,https://bscscan.com/tx/0x51181c73be224651d2ee1d4f161a8216181ebd291f67c430eab7c4c90ba7eba3
2023-03-23 06:51:53,False,2.351e-10,7.287e-13,91534277896.0,0.6671,0x80...eacf,https://bscscan.com/tx/0xe20cdff17a35f1afa5543938a5f5f2858f44aa15b3234734d91100fe21cb9c87
2023-03-23 06:50:50,False,2.351e-10,7.288e-13,18325941391.0,0.1335,0x79...62ea,https://bscscan.com/tx/0xfd17ed793027eb7f762afeae8511ed15600b851e62bc0c0dbda3d3d4e80112a6
2023-03-23 06:45:14,True,2.35e-10,7.324e-13,15928231114.0,0.1166,0xc8...9d00,https://bscscan.com/tx/0x04e17b9847394406e93c833bca72756ac728a4d577aa1493a215359139e06593
