datetime,buy_order,price_USD,price_native,amount_token,total_native,maker,etherscan_url
2023-03-22 21:54:34,False,2.409e-10,7.46e-13,19452330000.0,0.1451,0xdb...54f0,https://bscscan.com/tx/0x0610435f3baf5b636829677c5f94053457f83886fe47c218210a5fc5b09c784c
2023-03-22 21:53:25,False,2.409e-10,7.46e-13,31617115105.0,0.2358,0x9d...ea73,https://bscscan.com/tx/0x19643c84b4f7779509ff59c931bb85e09989398e3a6bf8cdf24f52f6c3d6f389
2023-03-22 21:52:58,False,2.397e-10,7.46e-13,4556623859.0,0.034,0xab...4722,https://bscscan.com/tx/0xd08a763a90afed8259343cdddc28e37a7ba317fd3c06e00ca45146a1fb04c069
2023-03-22 21:52:25,False,2.397e-10,7.46e-13,25436869552.0,0.1897,0x1e...3631,https://bscscan.com/tx/0x84c90e7c1229a6b63cbcab99fbdf220e1a78c5d62a455274247f71cfb9bc299f
2023-03-22 21:51:40,False,2.397e-10,7.46e-13,13500000000.0,0.1007,0x6e...6cc1,https://bscscan.com/tx/0xf37c402870bd8c2a99cd197670f5a940560df80d38be812a7f735b0f8cc3c29a
2023-03-22 21:46:02,False,2.4e-10,7.46e-13,22055238241.0,0.1645,0xae...2f80,https://bscscan.com/tx/0xe728747d791315a35db002e91d3a3394212fa5e0b0ed14fe4bf1da41fa504a8f
2023-03-22 21:44:26,True,2.397e-10,7.498e-13,10402416230.0,0.078,0x60...6369,https://bscscan.com/tx/0xa03a4983804ea03bf48c36027bb7522f5538fc3b69a13f72bc107cd4fe1daa5a
2023-03-22 21:43:44,False,2.385e-10,7.461e-13,139441843166.0,1.04038,0x5f...dc69,https://bscscan.com/tx/0x8f61d3502eeff8c13e23e232c6c528d044be7ce386c1d4a401e97e76cd916325
2023-03-22 21:43:29,False,2.385e-10,7.461e-13,1428098943.0,0.0106,0xe9...9de0,https://bscscan.com/tx/0xff12a2c78f4c2fcdc4f0e4134220e1c657cc933501497998c6dc416aacf215b2
2023-03-22 21:42:26,False,2.394e-10,7.461e-13,10659061784.0,0.0795,0xff...3524,https://bscscan.com/tx/0xec9da2564f3f1b9b989f322640f3ec94fa428e67f1625212d1781a2fc2eb4722
2023-03-22 21:41:59,True,2.406e-10,7.498e-13,1000000000.0,0.0075,0xc1...14c6,https://bscscan.com/tx/0x1eb0a823554aeffb52a977d4b548b0daa72559a014344cee93a94c400a0a4508
2023-03-22 21:41:11,True,2.407e-10,7.498e-13,1000000000.0,0.0075,0xc1...14c6,https://bscscan.com/tx/0x535eaeaa538da357c784279740bd6dabc1ea7c38304f3b5cfce13a3c3765e38e
2023-03-22 21:40:29,True,2.394e-10,7.498e-13,10000000000.0,0.0749,0xc1...14c6,https://bscscan.com/tx/0xa152635d1d8a0b05171a8edfd5c795d3bbf55c56e08759efd599a22bae3628da
2023-03-22 21:39:56,True,2.406e-10,7.498e-13,10000000000.0,0.0749,0xc1...14c6,https://bscscan.com/tx/0xdc54f5ea76855bf68cdebe589e1c54794374eee53890d56c826d2359419eaed8
2023-03-22 21:39:23,True,2.406e-10,7.498e-13,10000000000.0,0.0749,0xc1...14c6,https://bscscan.com/tx/0x421f3666d233c8f3054a25bd83436ae910b2be0620e9a087704e044474153241
2023-03-22 21:37:47,True,2.405e-10,7.498e-13,35744133645.0,0.268,0xe6...065d,https://bscscan.com/tx/0xb8c3717988b73e1d6071597af66180222b563fbec8206b1873b550d6881c817c
2023-03-22 21:36:38,False,2.39e-10,7.461e-13,13624454342.0,0.1016,0x56...53bc,https://bscscan.com/tx/0x9895d852e332330fb8a08252352432f46c016c82f20034aa6a04012e8aa8d001
2023-03-22 21:35:17,False,2.39e-10,7.461e-13,24624457343.0,0.1837,0x57...3f23,https://bscscan.com/tx/0xda0773f8c61f58ebd481a75f9d5218c187b5d60aa1222c7007dfdce45bca4c81
2023-03-22 21:30:20,True,2.388e-10,7.498e-13,13335770484.0,0.1,0x74...1ac2,https://bscscan.com/tx/0x6041697e2e067c6a64fcc35672db659c97295f96bef82e1bc920ad13d63c2e9f
2023-03-22 21:29:56,False,2.376e-10,7.461e-13,133029674138.0,0.9925,0x86...3c95,https://bscscan.com/tx/0x8cc7b56b45326084e4ec7f4f5f59854fd76bd2c3db113c44feb12f641d2dd807
2023-03-22 21:29:44,True,2.4e-10,7.499e-13,18000000000.0,0.1349,0x43...7ce6,https://bscscan.com/tx/0xbb0b0e406f7a14501886d2f8f0fc49d736ece4c2c1173b357ee0a5c7b1ba14e9
2023-03-22 21:28:23,False,2.389e-10,7.462e-13,623611189415.0,4.65376,0x66...4683,https://bscscan.com/tx/0xc386194e09ed9470eb886cc87c74b6ab90b89ffd0b6f2fc85b8bd41122248ed4
2023-03-22 21:28:02,True,2.4e-10,7.501e-13,25327755340.0,0.1899,0x49...4913,https://bscscan.com/tx/0x7dd1bab71bc683295f301558ae17e6e2d8c2d225bf09aa671424c5c1d9b4bdbe
2023-03-22 21:27:17,True,2.401e-10,7.501e-13,8640000000.0,0.0648,0x03...6ab9,https://bscscan.com/tx/0xfe81db86f9f69fc46fcd676bc526078fff25f8c9d7beb92411bbb6dc0a51b689
2023-03-22 21:24:47,True,2.388e-10,7.5e-13,777553407.0,0.0058,0xe3...53c5,https://bscscan.com/tx/0xc6ad56cd40f30f1bbee45af0bba393e29df8741c2dd4ebc3aa8050d0b568aae7
2023-03-22 21:23:44,True,2.4e-10,7.5e-13,5085609438.0,0.0381,0x24...47ea,https://bscscan.com/tx/0xf7574b6c5825bdc14efd05bd7b344fd75fe47b7469731c32026ac5819b2bb5d2
2023-03-22 21:20:56,False,2.387e-10,7.463e-13,181039091646.0,1.35124,0x62...f4d0,https://bscscan.com/tx/0x92dc27a0c606ae3d06252c1fab47b00eb882f4cf5f96a98c8ebb4b1644e5cf8f
2023-03-22 21:19:11,True,2.4e-10,7.501e-13,320847853342.0,2.40669,0xaf...d316,https://bscscan.com/tx/0xe01e9e6118298d5a9e8f61f6b2456e5ab7ac4b54530b4b8551362808c97e9473
2023-03-22 21:17:38,True,2.387e-10,7.5e-13,59044859259.0,0.4428,0x13...6d51,https://bscscan.com/tx/0xc49366bc02aa4c8b8f3b3662b1323c6d9b5333d5f4cbaf53dfdfc5ab76a020b3
2023-03-22 21:16:56,False,2.373e-10,7.462e-13,94546455047.0,0.7056,0x73...0fc6,https://bscscan.com/tx/0xfe6f6a5feb45f2776643bd296cfdf879bdc82acdefe5ed59befa7fecd91db626
2023-03-22 21:16:32,False,2.373e-10,7.463e-13,1749063477.0,0.013,0xf4...4960,https://bscscan.com/tx/0x0254a19b6dc9ee5564bf0a4e0582af043f9f476114a96eae3b4c12465e7d019d
2023-03-22 21:15:29,True,2.38e-10,7.483e-13,9977455505532.0,74.6686,0xb9...f731,https://bscscan.com/tx/0x4dca7380bc399b43a5903392c028662a935778af9ddcf840fa25536654d09871
2023-03-22 21:14:59,False,2.362e-10,7.429e-13,5729652961.0,0.0425,0xf4...65c6,https://bscscan.com/tx/0xfc66808ed500d934ab11cd98afab70a7807f4842c69fd886053238de9e26a64d
2023-03-22 21:14:59,False,2.363e-10,7.429e-13,152973036481.0,1.13658,0x26...27db,https://bscscan.com/tx/0xa89381b68a6770f0d3c57df28c7f40e6dd77b2cbeca73ba0cc8000be0e776671
2023-03-22 21:13:02,False,2.375e-10,7.43e-13,74538404854.0,0.5538,0x30...ea4c,https://bscscan.com/tx/0x291cdba13f3ee3161bf27b320c5c62a816184359c3ef7657876ec3a6c728abfb
2023-03-22 21:12:05,False,2.375e-10,7.43e-13,29788577427.0,0.2213,0x52...472d,https://bscscan.com/tx/0x21b4b863d50172f261d4431fa9a4e2aa329ddbc4717e8bcdc6b4715012595302
2023-03-22 21:11:23,False,2.374e-10,7.43e-13,6300000000.0,0.0468,0x84...df04,https://bscscan.com/tx/0x6477deda917567a5f7f70e6a0e626e17b390fd2d782d6a4cc041b86ebdb432fb
2023-03-22 21:10:47,False,2.374e-10,7.43e-13,90001818951.0,0.6687,0x63...b3fb,https://bscscan.com/tx/0x1dcc122a55fe1e5d50ee52567b62378d8f1606c6339ab27efa28d4c8d24b8d0f
2023-03-22 21:10:41,False,2.362e-10,7.431e-13,303265910850.0,2.25368,0x05...7066,https://bscscan.com/tx/0xa97ca15c5d833354a93b8eea1a467c3729bb2ca2e7ae9238070db982e9b3452a
2023-03-22 21:08:38,False,2.357e-10,7.432e-13,151497896391.0,1.12595,0x14...9f3a,https://bscscan.com/tx/0x7d22ab49dac85098d15e4bfa77e0f486afa2b83610ab712692cab1b3d7f767ed
2023-03-22 21:08:26,True,2.369e-10,7.469e-13,1172887887.0,0.0087,0x7b...0eff,https://bscscan.com/tx/0x5f7f12aaecc855a9fbc9790ed041ad15cfe010a38990c8a34ae139b5e344594e
2023-03-22 21:08:23,False,2.369e-10,7.432e-13,33796585890.0,0.2511,0xb1...a98c,https://bscscan.com/tx/0x23acc7f46994d97cf640b78470d34932e8d7a866169ab7ed7402d8e40af94407
2023-03-22 21:06:50,False,2.357e-10,7.432e-13,22987170000.0,0.1708,0x17...f711,https://bscscan.com/tx/0xec680db28ce0ae61f2987a9997d34de9ca91c841a84516fc7c6e3fa471cb21e8
2023-03-22 21:06:11,False,2.369e-10,7.432e-13,9003270563.0,0.0669,0xef...4039,https://bscscan.com/tx/0xe452a6014f34bd27523a434a4682d94d8db7c0361b8e54fafc2f98ae03b2a1bb
2023-03-22 21:04:11,True,2.377e-10,7.469e-13,58780785956.0,0.439,0xb0...e777,https://bscscan.com/tx/0xc638a3ebc93b35830f7c2265491368d911144b25f7bc7421992a7a624b577f05
2023-03-22 21:03:47,True,2.365e-10,7.469e-13,17832787581.0,0.1332,0x8f...6810,https://bscscan.com/tx/0x4777ecda0a6ddbeeb871b071ecf699e3dd58e655287f8527e59223252f1d416e
2023-03-22 21:03:47,True,2.365e-10,7.469e-13,16160738897.0,0.1207,0x65...a912,https://bscscan.com/tx/0x14e1668d6e992f484433e60e789fed7d0b5b139c53be19b4f6afbc1243721b1b
2023-03-22 21:03:17,False,2.351e-10,7.432e-13,45000000000.0,0.3344,0x10...eb62,https://bscscan.com/tx/0x6bb518f06b960aad60a88a5d1d0a2860044c36e835b83472b3254c48fe0c8459
2023-03-22 21:02:56,False,2.363e-10,7.432e-13,206487804788.0,1.53478,0xbf...0502,https://bscscan.com/tx/0x5e29116fed3b6a47f1794fee10ad69ea8f239256831994280279b2725d1e317c
2023-03-22 21:02:35,False,2.363e-10,7.433e-13,24186831426.0,0.1797,0xcd...9bbc,https://bscscan.com/tx/0x383c9bd3dcc94556d6f36f23747b812965925de844a8879d540f11741c5b0b62
2023-03-22 21:02:29,False,2.363e-10,7.433e-13,5379456277.0,0.0399,0x39...53ee,https://bscscan.com/tx/0xe1cd11210fb54520899827c32cc125bc1a64c31ed041a8f0cfc725dad6cca8f6
2023-03-22 21:02:17,True,2.363e-10,7.47e-13,12600000000.0,0.0941,0x00...d48c,https://bscscan.com/tx/0x74980b2f29f3a7e43f7367698aea24d9fc9a5e4327aaafa6b663a5fd03b39d96
2023-03-22 21:01:32,True,2.36e-10,7.47e-13,1833364011.0,0.0137,0xe0...1a10,https://bscscan.com/tx/0x989f2174418a6000c14ff6e54ad283b8200c69ecb01ec770ed735d4caecbdd7f
2023-03-22 21:00:50,True,2.371e-10,7.47e-13,22000000000.0,0.1643,0x40...e95a,https://bscscan.com/tx/0xfddcc5d7531995ed7e7c1be6816e4b94552a01295a37f08dd3af21333975d49c
2023-03-22 20:59:59,False,2.359e-10,7.434e-13,677557468423.0,5.03711,0x05...7066,https://bscscan.com/tx/0x66ac4aa86de885e2f78a42cdb1701d178d86ee791dcf9fd2c6f48b8ebf065e7f
2023-03-22 20:59:53,False,2.349e-10,7.435e-13,4599308143.0,0.0342,0x3b...86bf,https://bscscan.com/tx/0x3fc15e4cb129bb13bd81f8aab7ba9dfa35bc084cf38a2128183584be218f66ad
2023-03-22 20:59:44,False,2.349e-10,7.435e-13,32249104481.0,0.2397,0xcd...9bbc,https://bscscan.com/tx/0x88c2ae9aa61b2144adcdeab8ce109f3a523fb93737991109e06d73a922ec2505
2023-03-22 20:59:41,True,2.361e-10,7.472e-13,10796524350.0,0.0806,0x85...09b6,https://bscscan.com/tx/0x73be76a55e7ea63909340ac5d46642157dc4beb59c107be1640e0adeb77c20f4
2023-03-22 20:58:53,True,2.374e-10,7.472e-13,17340717102.0,0.1295,0x6c...6eaa,https://bscscan.com/tx/0xbfc604b127620861f44bef19df2707160cfe9639157a1949ce8f7bc0f978e20b
2023-03-22 20:58:29,False,2.351e-10,7.435e-13,347326563368.0,2.58271,0x05...7066,https://bscscan.com/tx/0x95330997bf9eb9002157deaebcea23203c26ac71331a0e5fd248f2a396821213
2023-03-22 20:58:11,False,2.352e-10,7.436e-13,42998802707.0,0.3197,0xcd...9bbc,https://bscscan.com/tx/0x99129a4bcf93f0ee5ccb0b638f6771cc498e8ff18f4043a9edef9bfbdc8322ca
2023-03-22 20:57:35,True,2.364e-10,7.473e-13,28680000000.0,0.2143,0xe4...1127,https://bscscan.com/tx/0x82fa4038d3cc8b10533d217d15342d40eabbdae6f77de9c3019014ad9d485204
2023-03-22 20:57:14,False,2.365e-10,7.437e-13,431714671185.0,3.2108,0x5e...b1a3,https://bscscan.com/tx/0x0ec26488f9f9512f82c1760de2e41fa7923d3e50b9d156eb3d84b7a283d5c5bf
2023-03-22 20:56:05,True,2.365e-10,7.475e-13,68722347185.0,0.5137,0x17...e7f5,https://bscscan.com/tx/0x2fe6b9971c5f237fd7780a7d5171b1de0192f096faee03f8b5fe429e99f99188
2023-03-22 20:54:38,False,2.352e-10,7.437e-13,67674444359.0,0.5033,0x6e...2d1d,https://bscscan.com/tx/0x14fa8dd5cb6775841fa382dc81e9a49377a6e5b282de073b4c587bd2ff35bc91
2023-03-22 20:54:23,True,2.366e-10,7.475e-13,103444690772.0,0.7732,0xc5...32dd,https://bscscan.com/tx/0x6115dca74f39d74d00847d32c85c75c32d4804a9b4d755c4ab18946712c7bcff
2023-03-22 20:52:17,False,2.357e-10,7.437e-13,147874639195.0,1.09988,0x4c...af15,https://bscscan.com/tx/0x6007db7ed4382f7f956e76f14c48f9d2c3958fd1a852b639a45f823667d7013f
2023-03-22 20:51:32,True,2.381e-10,7.475e-13,12540913801.0,0.0937,0x44...0b81,https://bscscan.com/tx/0xabb5be2be686d2a4c82f320dce9a880a2990aa6d4ce056afa171551e75f70911
2023-03-22 20:51:32,False,2.369e-10,7.438e-13,69300000000.0,0.5154,0xce...bd5a,https://bscscan.com/tx/0xe75bc531cadcb5ca9cf92aeaf03955d39ee517520ffdd198a2493732f0f2a140
2023-03-22 20:51:26,True,2.381e-10,7.475e-13,7940567655.0,0.0593,0x43...2287,https://bscscan.com/tx/0x7e73fca8d4f428d78b52b45b7139b4e50f6eb38e5fe9f94b42387f7af97c1cf6
2023-03-22 20:50:50,False,2.37e-10,7.438e-13,135000000000.0,1.00421,0x63...b3fb,https://bscscan.com/tx/0xc2a99f66c8d7da87eac3bb049bd1baa32a456ce7ab4cd829765f73acf10e0645
2023-03-22 20:50:20,False,2.369e-10,7.438e-13,5782284074.0,0.043,0xb9...3907,https://bscscan.com/tx/0xa96b76188113e43b1b42038f74941deb066535e6c18c3a6234532197c0037975
2023-03-22 20:50:11,False,2.37e-10,7.439e-13,305596270981.0,2.27343,0xb9...3907,https://bscscan.com/tx/0xe0564e96f46c8e010bf3f539af8b4dc2a81387801f137a8c483b599f9da3ea44
2023-03-22 20:49:56,True,2.382e-10,7.477e-13,4600000000.0,0.0343,0xd3...2633,https://bscscan.com/tx/0xc973372dd634d6748630a7937625fe8f1459994b7b70c02142efa2a7f1dda975
2023-03-22 20:47:05,False,2.364e-10,7.439e-13,13166876678.0,0.0979,0x8d...b28a,https://bscscan.com/tx/0x5fbdb9cc53357e767d098b3e6263bfdcfdc369610fd2f221f08718018747f3ec
2023-03-22 20:43:11,False,2.381e-10,7.44e-13,389476733856.0,2.89791,0xb9...3907,https://bscscan.com/tx/0x0e6e8d1dbcb19d05464907c6e909c0c8113ded1ac485454959044049c5f4ce16
2023-03-22 20:43:11,False,2.382e-10,7.441e-13,248261822834.0,1.84746,0xb9...3907,https://bscscan.com/tx/0xa9441620b7de4a83fe5ece1b8a05bee921d1504ac2c51a83a27902dc7b56231e
2023-03-22 20:43:08,False,2.382e-10,7.442e-13,450671625662.0,3.35424,0xb9...3907,https://bscscan.com/tx/0xb4d49be670b1b7503b02f333a8e29f7533c718c240d17db49df99fa485d6ff94
2023-03-22 20:40:41,True,2.408e-10,7.48e-13,5347040000.0,0.04,0x2f...8cac,https://bscscan.com/tx/0x7110398d51376edcd336bf7cc070b113f34c4c70aa8dacce531cb5a26c7ffe16
2023-03-22 20:40:38,True,2.396e-10,7.48e-13,26735110621.0,0.2,0x08...82c9,https://bscscan.com/tx/0x74210d2fd2f9e8e77965e8400ae196adb3bdb905a1c4bc4e70652e587e036f48
2023-03-22 20:39:05,False,2.396e-10,7.443e-13,4236280102.0,0.0315,0x41...e4f6,https://bscscan.com/tx/0xb47e5df39e459a824fb89a70fe16e05cce4d2a4e1529bb56e6a87430d67a0e17
2023-03-22 20:38:17,True,2.413e-10,7.48e-13,12000000000.0,0.0897,0x91...cde6,https://bscscan.com/tx/0x6e7b5a297649436e4fa8c3bc07784da923118cde92fb0c9084bc3ed3e128c975
2023-03-22 20:33:32,False,2.41e-10,7.443e-13,55265455424.0,0.4113,0xf9...9c81,https://bscscan.com/tx/0xaaacea9a926a914a04dc44aafa49de8e146ef7d790ac07371b42cbfbee149a22
2023-03-22 20:30:41,False,2.412e-10,7.443e-13,7291634446.0,0.0542,0x3a...5387,https://bscscan.com/tx/0xcf1f24731f10d62a9b4bcdf38c14d3061ed6967e59c0a76d3735ec3ea37bd690
2023-03-22 20:30:32,False,2.412e-10,7.443e-13,165796293648.0,1.23416,0xf9...9c81,https://bscscan.com/tx/0xdf770e8d5875bf2035283263a0cf6ed3286e33e9087d9dc08a5f971ab563fc04
2023-03-22 20:29:32,False,2.4e-10,7.444e-13,17252919940.0,0.1284,0x14...f1fe,https://bscscan.com/tx/0x61b791d116ac7928de4826c79ac50982a496ef2b27a5ea778352ce4d4d25229a
2023-03-22 20:28:05,False,2.413e-10,7.444e-13,30053885457.0,0.2237,0x79...a03c,https://bscscan.com/tx/0x04609828457788a8b4a71027f15a1bec60a23f1a940affced974c2dcba476493
2023-03-22 20:26:59,False,2.413e-10,7.444e-13,6935193829.0,0.0516,0x52...09ed,https://bscscan.com/tx/0xdb6d1be47822d98141ca4df0a27461da6e611144debaa41164732e6f9c646e2d
2023-03-22 20:25:29,True,2.413e-10,7.481e-13,5346399692.0,0.04,0xcc...4c26,https://bscscan.com/tx/0x75701208c2cb9a4450f5b5dbb7aa7559ab2ec729e7aafec534beb62296ead0e9
2023-03-22 20:24:05,False,2.415e-10,7.445e-13,536752391117.0,3.99623,0xb9...3907,https://bscscan.com/tx/0x4fad89bb474da8c7fabba667a76f40e3132b452ebf4f9e90ba23152766858595
2023-03-22 20:23:59,True,2.415e-10,7.483e-13,18430925734.0,0.1379,0x03...3709,https://bscscan.com/tx/0x1dbf47c31a80117befa966e08291dbda5c01fb3cb44d6f552aabd79ca23560f4
2023-03-22 20:23:56,True,2.415e-10,7.483e-13,6000000000.0,0.0449,0xbb...dd30,https://bscscan.com/tx/0x73dbda041ef863a1b49e2c0a2d95def8d181874c7f2788b06e05a358cfa3823f
2023-03-22 20:22:11,False,2.41e-10,7.446e-13,284983178404.0,2.12213,0xb9...3907,https://bscscan.com/tx/0xd68e3c0fa75a47ac39fa71c31264c982259ba8502258ae1df0b9cafcd4b01d55
2023-03-22 20:21:26,True,2.418e-10,7.484e-13,31961516576.0,0.2392,0x20...da2a,https://bscscan.com/tx/0x1d17fcdc5e2c7ab820361d8950248fd996eb6994e597a1f5f114845b44c0d6a0
2023-03-22 20:20:26,True,2.405e-10,7.484e-13,10000000000.0,0.0748,0xbb...dd30,https://bscscan.com/tx/0x8a3e8f5cf0292463ca887cdc35e843321e94a8e17b95b8120d20799dfcca7bb0
2023-03-22 20:19:11,False,2.394e-10,7.447e-13,198203930546.0,1.47606,0xb9...3907,https://bscscan.com/tx/0x6108aaa9e8f558d791f567245c2eae829a2dea20201ddf789ef124e462982669
2023-03-22 20:18:14,False,2.404e-10,7.447e-13,168145679568.0,1.25231,0xb9...3907,https://bscscan.com/tx/0xfe979368aea306889c31e51216d5b768dc79c8cdb1179f58c9e99833492595b9
2023-03-22 20:18:11,False,2.405e-10,7.448e-13,450671102825.0,3.35697,0xb9...3907,https://bscscan.com/tx/0x699e0548174b1df2c4a13254d6e852ebc624fd1b1bb923a3a7ac88a1072578c5
2023-03-22 20:18:11,False,2.405e-10,7.45e-13,489010940011.0,3.64332,0xb9...3907,https://bscscan.com/tx/0x8250e42d525469487e0a6ddec4b914262ba2de3e4210fa4ef2c706c90a128acc
2023-03-22 20:18:11,False,2.405e-10,7.451e-13,26156188229.0,0.1949,0xb9...3907,https://bscscan.com/tx/0x599bf53ee2505992d1767ac2d6b60d57954f28f0ad79c287299a6dd0aa95fc81
2023-03-22 20:18:08,False,2.406e-10,7.452e-13,503223903522.0,3.7501,0xb9...3907,https://bscscan.com/tx/0x5decf978cabe94311d24e39801a56bbbf38c682df1122470ffe394c88ffe28b1
2023-03-22 20:18:08,False,2.406e-10,7.453e-13,246210373976.0,1.8351,0xb9...3907,https://bscscan.com/tx/0x931c802c07fe84473b2ce30a76ed0d72c37e99889f5312fe827b90d475f6543c
2023-03-22 20:17:29,True,2.417e-10,7.491e-13,1519302425.0,0.0113,0x15...4042,https://bscscan.com/tx/0xd39321452d5a8f96e36424764a094e39125b04b966ef789c99dea82c78a3c7ea
2023-03-22 20:17:11,False,2.391e-10,7.453e-13,25999219650.0,0.1937,0xb9...3907,https://bscscan.com/tx/0x298181d9631cec1585d2e1ada3fe757ddbe8ae6958e2e06a59cfb0ce46c2c57f
2023-03-22 20:17:08,False,2.391e-10,7.454e-13,86485489669.0,0.6446,0xb9...3907,https://bscscan.com/tx/0x883126440e021f5a38dee7bc8d1b15d8ebe5071db7490a7e5108bf342a323883
2023-03-22 20:17:05,False,2.392e-10,7.454e-13,81249998073.0,0.6056,0xb9...3907,https://bscscan.com/tx/0x92baf57096983dd5b078b212829f479902bb60c157cc55333a9ec885f57f43e6
2023-03-22 20:17:05,False,2.392e-10,7.454e-13,221922238231.0,1.65439,0xb9...3907,https://bscscan.com/tx/0x463017ac5a0f11086f054ee7c0fc264584dbe1636fac4ff2aaf1fa5658e4b413
2023-03-22 20:16:14,False,2.408e-10,7.46e-13,3037719555888.0,22.6623,0xb9...3907,https://bscscan.com/tx/0xb32b9bfd4ab99781f93443df54b820701fb7d1690f6a5055e31323afdc56976c
2023-03-22 20:16:14,False,2.409e-10,7.465e-13,6583803969.0,0.0491,0xb9...3907,https://bscscan.com/tx/0x985f2265ebb0edf14c0ea4166376d4bd058674012e58ac7bcbece39b00ea8777
2023-03-22 20:15:23,False,2.398e-10,7.465e-13,27083954107.0,0.2021,0xb9...3907,https://bscscan.com/tx/0x770268a8346c390f834b0f065f458359c77e1093cfddef64903e8da4f612463a
2023-03-22 20:15:23,False,2.398e-10,7.465e-13,233743243601.0,1.74511,0xb9...3907,https://bscscan.com/tx/0x158881f5dcb139515dd39061b9b21bd606a201916777afa3752c034a02d0edf0
2023-03-22 20:15:11,False,2.395e-10,7.466e-13,380565031550.0,2.84166,0xb9...3907,https://bscscan.com/tx/0xd65c16aeddb04f348fb42e495190079694596cf572c9829256ca74aae10acbdd
2023-03-22 20:12:38,True,2.415e-10,7.504e-13,39973353444.0,0.3,0xcc...4c26,https://bscscan.com/tx/0xbe5edcb9494ebd62b1015e499108b3266ee207b903084f9d9fd05d8b62d4caff
2023-03-22 20:09:38,True,2.412e-10,7.504e-13,15828700000.0,0.1187,0xea...08a9,https://bscscan.com/tx/0xc9f37e07a2c44eff6385a7ee66617803a9b7209b27a20e9ccdb30e5037bf977f
2023-03-22 20:07:56,False,2.422e-10,7.467e-13,38742716166.0,0.2893,0x94...c6e3,https://bscscan.com/tx/0x9bf737c9befd593a538c938295e83f984243161225aee45b60188fe568f682bf
2023-03-22 20:07:26,False,2.423e-10,7.468e-13,454451866300.0,3.39398,0x94...66b8,https://bscscan.com/tx/0xca3d28fd0e385e165e4e00586ed8e37f6439dd472fa63757b24178ba1542ef3c
2023-03-22 20:06:23,True,2.428e-10,7.506e-13,6006237654.0,0.045,0x4e...4d15,https://bscscan.com/tx/0x560443fc602146bfa661886180e93f25c001d77eec7d3adca4c70415b318e6f2
2023-03-22 20:01:53,False,2.436e-10,7.469e-13,67041698753.0,0.5007,0xfa...91d6,https://bscscan.com/tx/0xa27e26126075a4271b02b2648cbf70091125a786a07ac818b1e6d375147f6f8e
2023-03-22 20:01:11,True,2.448e-10,7.506e-13,19137900000.0,0.1436,0xa4...f15e,https://bscscan.com/tx/0x0bde2d0797a08947021e39889c1ce8469e9c9514f84bbbdf879e8aee992730ad
2023-03-22 20:00:53,True,2.448e-10,7.506e-13,1700000000.0,0.0127,0xd4...5a9a,https://bscscan.com/tx/0x63f12059bc9f7d2369d7a4733ddb09db96cb17f4f25a6bf3d3d72d57ced2f3bc
2023-03-22 20:00:35,False,2.45e-10,7.469e-13,108032976511.0,0.8069,0xf4...175c,https://bscscan.com/tx/0xa7ecf1def8a22d9f4b5d5aa41feb3bd2eaa8079a9d49dc9a18d1d8da77b8f955
2023-03-22 19:58:14,True,2.451e-10,7.506e-13,53283904979.0,0.4,0xcc...4c26,https://bscscan.com/tx/0xf4c7cc037227dbbd0dea52a08b6992c32e7cdad1ab1002bec86ff68541e7e9ae
2023-03-22 19:55:17,False,2.458e-10,7.469e-13,8272410000.0,0.0617,0xfe...a608,https://bscscan.com/tx/0xc85d7e7f93a50a66f9b9ed6d980e66672e382549fa9954dd33da59979d53fcb6
2023-03-22 19:55:08,False,2.459e-10,7.469e-13,19278000000.0,0.144,0x53...9020,https://bscscan.com/tx/0xeb894e126cd876630d3724d1d3fe16a1af1177af61b2aa3a5ae0a761498d79e8
2023-03-22 19:53:16,False,2.449e-10,7.469e-13,22522209322.0,0.1682,0x6e...6cc1,https://bscscan.com/tx/0x698354aa5b95a75f82a5d7ef845b6c7c953fc3810ccd0872772e3cb864014e6b
2023-03-22 19:50:52,True,2.46e-10,7.506e-13,31970237049.0,0.24,0xa0...cc53,https://bscscan.com/tx/0x75b33fe9d55d3141d8863134527ea92e319f8c9105e8586b264399872a66c473
2023-03-22 19:49:55,True,2.471e-10,7.506e-13,56607815473.0,0.4249,0x15...5f78,https://bscscan.com/tx/0xcb6581f53dc7fb66856da7d57c218bc4de8ad5666170fc2c9eefaec6876d1a87
2023-03-22 19:49:28,True,2.47e-10,7.506e-13,9191763666.0,0.069,0xac...f19a,https://bscscan.com/tx/0x3f4e492f9323555e01b36e51700cad3e8cf3c4f1f16066bcba86cb36aa74c3ec
2023-03-22 19:45:59,True,2.459e-10,7.506e-13,4129645374.0,0.031,0x99...f6a2,https://bscscan.com/tx/0x303bec501669504d2d5fd1c26265fcc97c374fe2ee987bfb14b4add97138191e
2023-03-22 19:41:47,False,2.426e-10,7.469e-13,185074067372.0,1.38241,0x96...798f,https://bscscan.com/tx/0x15b01ffdbf25d3b0a6fe1885b086b502df674b0d7e6f2384e8750b922989f8b6
2023-03-22 19:39:08,True,2.452e-10,7.507e-13,10912079743.0,0.0819,0x71...542e,https://bscscan.com/tx/0x7696b4a007fe087c1689cf1d50dd200f7273aa5a1927e83b7034c82df378fb02
2023-03-22 19:38:32,True,2.453e-10,7.507e-13,119883636.0,9e-05,0x95...4d70,https://bscscan.com/tx/0x4fa2861dc089a561b2273dd6cdc3828ec53c5dbdc7911d4df485b8570411ecf8
2023-03-22 19:38:01,True,2.431e-10,7.507e-13,8430001131.0,0.0632,0xa7...ec66,https://bscscan.com/tx/0x76e6db81425b8d688e74d47e20113ac2e5a84b86670522bbeccd5b3eabe029be
2023-03-22 19:35:43,True,2.449e-10,7.507e-13,3228180403.0,0.0242,0xdb...4f98,https://bscscan.com/tx/0x4f805777ab5b06e9bca24e3fa9ba37a03b1dc3dd90c6f932d8508dd63b65af25
2023-03-22 19:35:07,True,2.467e-10,7.507e-13,6722821686.0,0.0504,0x38...de79,https://bscscan.com/tx/0x16d8a52b047606fc281682b451569e5212336924aff58bb249ef8ed272818e0c
2023-03-22 19:33:19,False,2.444e-10,7.475e-13,3217204478064.0,24.0491,0x02...8d82,https://bscscan.com/tx/0x1a121fc56d622fd1b87b20a8c2d728deba1d807e50cbad920e8a7cfb9de3deee
2023-03-22 19:30:52,True,2.459e-10,7.518e-13,7099902895.0,0.0533,0xf4...8fef,https://bscscan.com/tx/0xa28e2a44e4793bed5a15ea6e3bfb8611e5c6c5090a3ce42e2a6a3b51dabbd8c3
2023-03-22 19:29:58,True,2.459e-10,7.518e-13,11594100000.0,0.0871,0x1f...4f4f,https://bscscan.com/tx/0x9148d01b9483d989fc6add48297635f2ff8bae7fd2c57525ee4d8c81834a95fa
2023-03-22 19:27:25,True,2.471e-10,7.518e-13,8407980000.0,0.0632,0x13...73a9,https://bscscan.com/tx/0x586c086602e91c46120e1280f0c408267fc21b2f857fd1a6f579c062cb6021c5
2023-03-22 19:26:16,False,2.446e-10,7.48e-13,45715142726.0,0.3419,0x75...5830,https://bscscan.com/tx/0x8cb963b0febbfd61b3fdc282e9707fdd2879b579a0f617b82cdcd13b7ff51b90
2023-03-22 19:26:10,True,2.459e-10,7.518e-13,2394198468.0,0.018,0x6d...0006,https://bscscan.com/tx/0xedb0d802d81738e2797c562da78386f40da526c2f77749e829a56081d6cec459
2023-03-22 19:25:37,True,2.471e-10,7.518e-13,18862500000.0,0.1418,0x1f...4f4f,https://bscscan.com/tx/0xf78e1a9bec5b1e9f1a3e5c49cd66120571a1d884130b4aa8963c2c02279418ef
2023-03-22 19:24:43,True,2.459e-10,7.518e-13,100000000.0,7.518e-05,0x75...e495,https://bscscan.com/tx/0x7baae564de5678b727004c977419c713378cabe1d197664cf27b5ae0f79b2177
2023-03-22 19:24:22,True,2.472e-10,7.518e-13,1330122784.0,0.01,0xb3...0781,https://bscscan.com/tx/0xe9883e6532dd537476513f8b33b4ba0177e458f1972d30594e7d968ad226d6f0
2023-03-22 19:24:04,False,2.46e-10,7.48e-13,32670850476.0,0.2444,0x39...f211,https://bscscan.com/tx/0xe7bd044b34b29e64f346cd2682334a9c99554548ba8a0ac6260183d60a819df7
2023-03-22 19:22:22,False,2.448e-10,7.48e-13,9023807063.0,0.0675,0xb8...f7d8,https://bscscan.com/tx/0xd6a1cb8adc51f961cc5f5836dad495608668e66175eff9d9b3f98b38893d1554
2023-03-22 19:20:13,True,2.472e-10,7.518e-13,1000000000.0,0.0075,0x1a...73b3,https://bscscan.com/tx/0x133ca32135d11e36a956482dddf22b72cb4c36a92f72df7d1fabaec73d36e59d
2023-03-22 19:17:28,True,2.46e-10,7.518e-13,28928400000.0,0.2174,0x1f...4f4f,https://bscscan.com/tx/0xcea3be3e73e8847536671e325bec5a10b8cb42b8fa2c3e76225aad193af8d9e8
2023-03-22 19:14:41,True,2.461e-10,7.518e-13,5106662389.0,0.0383,0x50...f885,https://bscscan.com/tx/0x121e774e06bd91d3795c1204e46ec6cc05d67a289f21de7ab94ed3e14ec11456
2023-03-22 19:13:20,False,2.449e-10,7.48e-13,20305800000.0,0.1519,0x63...b3fb,https://bscscan.com/tx/0xa15fa95160957b8b9eafe25ee8cef92530fd89723f0f7efa757c22b6d19782df
2023-03-22 19:11:08,False,2.45e-10,7.48e-13,52079830056.0,0.3896,0x6d...ae62,https://bscscan.com/tx/0xb88b95cb7c321720c388eb211e3544b17af68377c6d1e45e43079c96ab1189ce
2023-03-22 19:10:38,True,2.477e-10,7.518e-13,7826420700.0,0.0588,0xb5...74a9,https://bscscan.com/tx/0x0a0d9d3ec4bee31dd65d25ad1afbce18ee01452301aa67145b85dc614dd7388d
2023-03-22 19:07:41,False,2.473e-10,7.48e-13,26216865436.0,0.1961,0x02...13b5,https://bscscan.com/tx/0xa39baa52a877310752d4f2d677ec968675f47fda464fdcb69b2d983f035ca921
2023-03-22 19:06:37,True,2.485e-10,7.518e-13,2590935815.0,0.0194,0x51...f632,https://bscscan.com/tx/0x438c90d99a603518defae504ab188adcc768e5f594ad07e76d79ec3f23510d66
2023-03-22 19:03:22,False,2.451e-10,7.48e-13,6475756805.0,0.0484,0xcc...6ea3,https://bscscan.com/tx/0x1a521b8f685f5042c822819ee4de70cfe98a7b9b6777a58c64e54597202ba7d0
2023-03-22 19:02:22,False,2.449e-10,7.481e-13,69481288022.0,0.5197,0x1f...4f4f,https://bscscan.com/tx/0xe3249911e70661af578299f8c4a1b4bc698800181c537e277703f1ccdd0ea07c
2023-03-22 19:01:37,True,2.473e-10,7.518e-13,3900000000.0,0.0293,0x66...5a7b,https://bscscan.com/tx/0x71e5d2541bd98568099b5bc8976fc202fe6f3c9259c987e38468feb23ddbfb93
2023-03-22 18:56:52,True,2.464e-10,7.518e-13,21500000000.0,0.1616,0x80...00da,https://bscscan.com/tx/0x807bfefe61641afdf6b60c1903911fb258ea576ac50a797a9f31af4bbd7d201f
2023-03-22 18:53:22,True,2.463e-10,7.518e-13,399010854.0,0.003,0xf0...92eb,https://bscscan.com/tx/0x54a595a29acc9866886f154af11037b3ef1ca0c1f5163052161afc27fda492fb
2023-03-22 18:53:19,False,2.451e-10,7.481e-13,2036458523.0,0.0152,0xcd...06b5,https://bscscan.com/tx/0x3df48451e1f2038aec10143f253bd1d532dee0132004c4af442c48e4bc099c5d
2023-03-22 18:51:28,True,2.463e-10,7.518e-13,1051616425.0,0.0079,0xf0...92eb,https://bscscan.com/tx/0xedd60267ad97ea9c58675876afb593a02693ac4d1377b968c1397b920e082e43
2023-03-22 18:51:22,True,2.463e-10,7.518e-13,1330030001.0,0.01,0xa9...8dee,https://bscscan.com/tx/0x9f7668222ada25e00d085e56a2ccb235079ec3f2b9c3e73129dcff365160afc8
2023-03-22 18:48:13,True,2.462e-10,7.518e-13,3561000000.0,0.0267,0x83...c195,https://bscscan.com/tx/0x7af9ad3da85dc988c571c70fd94d98984bf139f3bea71800083ee904d2ac7917
2023-03-22 18:47:28,False,2.45e-10,7.481e-13,5340259866.0,0.0399,0x1e...4596,https://bscscan.com/tx/0x98f32aa2f2175e8a9472a92f7d5465e03fdc6bb88b61c237c65e87eb17192e49
2023-03-22 18:46:43,False,2.45e-10,7.481e-13,23106850671.0,0.1728,0xba...42aa,https://bscscan.com/tx/0x6cd22b2dd43e3d1cbb7d6a9c598c6ca8c703fa386947b2d4284708c3584caea7
2023-03-22 18:46:22,False,2.438e-10,7.481e-13,27014658230.0,0.2021,0x20...962f,https://bscscan.com/tx/0xe534b519e6709c2bef03a4867628e260a987d23a86bcc1dd6dcac9a0db16d6e4
2023-03-22 18:44:25,False,2.451e-10,7.481e-13,15958979830.0,0.1193,0x46...c3df,https://bscscan.com/tx/0x3871abaf0c11f5a25ecad56fb5cee36cb27fd1ac9fbc03ef7f098576005c73ae
2023-03-22 18:42:53,True,2.451e-10,7.518e-13,32307900000.0,0.2429,0xd0...5fd1,https://bscscan.com/tx/0xa39d5f9d1b78e30e659ab394d460083dc820d525055891beab08e29b2957a705
2023-03-22 18:42:23,True,2.451e-10,7.518e-13,11970169550.0,0.09,0xe1...c9b5,https://bscscan.com/tx/0x52e9170fe8e92e5ee12112bd33c0972b9c10bfd131e1d8251f717907f1284bf7
2023-03-22 18:40:53,False,2.439e-10,7.481e-13,13638765221.0,0.102,0xb1...b335,https://bscscan.com/tx/0x4c511e46d4700b1f185f77e24ac14a196f7b6b58768ddfb5b725b22ff843dbfa
2023-03-22 18:39:41,True,2.464e-10,7.518e-13,7412941303.0,0.0557,0x97...0103,https://bscscan.com/tx/0x335835c84ca6649d867aae624881eaf823d0a6beea00ebd2cfa628c3d8f370fb
2023-03-22 18:38:44,True,2.464e-10,7.518e-13,2000000000.0,0.015,0x91...de1b,https://bscscan.com/tx/0x1dab68f5f899d73772d752ba67655ad6f35885343398a4ee6087fc069475e881
2023-03-22 18:34:50,True,2.454e-10,7.518e-13,42560000000.0,0.3199,0xb5...799f,https://bscscan.com/tx/0x42d40c07d175dd65f872b9652d8ab1dd97a754d0f2da46ae9549318a41d1d2cc
2023-03-22 18:31:56,False,2.442e-10,7.481e-13,6973011821.0,0.0521,0x45...e202,https://bscscan.com/tx/0x89d7866f5c5af7edb46c051c425c497c23440bd6f97f8128bc1625ce1bf1155e
2023-03-22 18:28:27,False,2.429e-10,7.481e-13,8776949904.0,0.0656,0xe8...f735,https://bscscan.com/tx/0x96e2ebab34c3ea6b576ba07328f66a8acfca13d698f72e62e018394b66bbac80
2023-03-22 18:28:21,True,2.454e-10,7.518e-13,40000000000.0,0.3007,0x5a...b9e3,https://bscscan.com/tx/0x05f886ad83cfd6ed7427719e9c41fe52fba021d0f8bbec778eb1fd5ae9dd38ae
2023-03-22 18:27:16,True,2.441e-10,7.518e-13,15960779088.0,0.12,0xd6...8dd8,https://bscscan.com/tx/0x0b72d74d595b8cc1f59dc7e9c7e96c699e4068ddd29bf96aff8b3c14a45e6d54
2023-03-22 18:26:19,False,2.429e-10,7.48e-13,17100000000.0,0.1279,0x6e...6cc1,https://bscscan.com/tx/0xb209816158f4b84e1bd770f25bf25827883033cfed99225cb6684e045ec84c0f
2023-03-22 18:24:13,False,2.442e-10,7.481e-13,450000000000.0,3.36675,0x43...cfe5,https://bscscan.com/tx/0x9a2c985871c5a3b6655e381a24d224af8fe6bb2b8c8727ce074c98d5903d4b75
2023-03-22 18:22:37,True,2.455e-10,7.519e-13,5000000000.0,0.0376,0x75...e495,https://bscscan.com/tx/0xb6e6526c69a5906f330836619e2ae21ba94c1dd2fe0195eb261ab5e3de499846
2023-03-22 18:21:13,False,2.446e-10,7.484e-13,1091551433860.0,8.16946,0x03...fcc1,https://bscscan.com/tx/0x16c8c9afad4916e77df61b88b8851ff1cff9ee1fe8280ce605a636d85b2065aa
2023-03-22 18:20:55,True,2.459e-10,7.523e-13,12000000000.0,0.0902,0xc3...7f84,https://bscscan.com/tx/0x75888df10ee21eafea3edea8a1abf575643999bebbe4a9c1b8589136c591ff10
2023-03-22 18:20:46,True,2.459e-10,7.523e-13,46784304392.0,0.3519,0xac...2f5a,https://bscscan.com/tx/0xaf127c42e2ee0ef7080ced1eff3b336adb3bd1c69c6de0f9bbfd4665d17bdd67
2023-03-22 18:19:07,False,2.446e-10,7.485e-13,9431449612.0,0.0706,0x99...c53b,https://bscscan.com/tx/0x0fea1b167dcaf39d43c14f35a8ae6fe606c621c29814906113f163475cf1bc9e
2023-03-22 18:18:49,False,2.434e-10,7.486e-13,450000000000.0,3.36901,0x43...cfe5,https://bscscan.com/tx/0x36cd10b95f20287ee1dcd00e8029fa95d0facc4dc1bf1fe34ec9118e159c8f9d
2023-03-22 18:18:10,False,2.439e-10,7.487e-13,8210083392.0,0.0614,0x08...a0a8,https://bscscan.com/tx/0x074fb7e7032a2a4e8e70cb6d0d4e4f3b7d06f4e5f4acbaada3bfe6834d907745
2023-03-22 18:17:52,True,2.451e-10,7.525e-13,5581356382.0,0.042,0x11...4a5b,https://bscscan.com/tx/0x255b9cc4c166e5bf1f36673f6f53f14c5a175d35e42ef5cb3532ab266a8c1cbe
2023-03-22 18:16:46,True,2.464e-10,7.525e-13,15114378162.0,0.1137,0xef...8266,https://bscscan.com/tx/0x3eb3f8b28f8a2057218e3b6557d769071cab73561d9656b9261a514f2c65800f
2023-03-22 18:16:07,True,2.453e-10,7.524e-13,126249597834.0,0.95,0xeb...2e5e,https://bscscan.com/tx/0x851d4c5cde3aa2715c0a0470afe51da1af8252a929a343b4d1da9d48116fe0b3
2023-03-22 18:16:07,True,2.453e-10,7.524e-13,5800794888.0,0.0436,0xa0...8254,https://bscscan.com/tx/0xc0404ef02b6bebe7362b74024c48a21905554a570f9448b58179709933ba9369
2023-03-22 18:14:55,True,2.467e-10,7.524e-13,7973920000.0,0.06,0x54...69ba,https://bscscan.com/tx/0x4c5d63e60d4b3061d9f3a38d9d0d866d95154acdaa20a8abcade0fb8e914cb16
2023-03-22 18:13:22,True,2.469e-10,7.524e-13,46285264909.0,0.3482,0x17...6284,https://bscscan.com/tx/0xbaa9b7ccaacd74bfe8db87b0b727d35fa677f6382fd3324dd3ab78ad1123c47c
2023-03-22 18:10:34,False,2.457e-10,7.486e-13,68850126653.0,0.5154,0x63...18f6,https://bscscan.com/tx/0x413d6d49413c98503d4a27aa62f9fb52791d12e28a14060da4e08a047e6bdeae
2023-03-22 18:08:34,False,2.445e-10,7.487e-13,540000000000.0,4.04348,0x43...cfe5,https://bscscan.com/tx/0xb78d4e4fb7d0d3839997f201dc8fe50dd00ed6c7ceebbe694b89c6b34b76b041
2023-03-22 18:08:25,False,2.457e-10,7.488e-13,18020647383.0,0.1349,0xc4...97b7,https://bscscan.com/tx/0x1df1d034dcbec058f8e8ad8ac8afbbb4054f075cd4511e406037aaa79daa9119
2023-03-22 18:08:22,True,2.47e-10,7.526e-13,18601055717.0,0.14,0xa5...1679,https://bscscan.com/tx/0xefa5d72d8ee0947b8938f44a9178a857d4cf9a901c9b0079cf6d9ec50b4c3daa
2023-03-22 18:06:28,True,2.457e-10,7.526e-13,6643272099.0,0.05,0x63...1216,https://bscscan.com/tx/0x7f807ade22a2d67a20d276be70266b7f15895fa862e9acab36932fb9b9592bc8
2023-03-22 18:06:10,False,2.445e-10,7.488e-13,541780293.0,0.004,0xd0...bc90,https://bscscan.com/tx/0x4c3da2c7c8098c80981b32c89cd842c3bc48e3917532c9aba5bd4eadf9afd8f9
2023-03-22 18:04:10,False,2.458e-10,7.489e-13,156831741719.0,1.17453,0x83...de49,https://bscscan.com/tx/0x6d4c8521a0489acedc6747208b39aebf3d8567615ed31e822bbc5b43af7ccc43
2023-03-22 18:03:49,True,2.47e-10,7.526e-13,1490202223.0,0.0112,0x6b...fb38,https://bscscan.com/tx/0xfe3c9f14f070338ad8614c80a93a30822caad34a8e801564c4ab7854ab02b9da
2023-03-22 18:03:37,False,2.458e-10,7.489e-13,60114236952.0,0.4502,0x9e...6637,https://bscscan.com/tx/0xfbd05099625ce5e0adb020362844cd149ee5796a3d3a2f5a29bc837c200f5a26
2023-03-22 18:01:22,False,2.445e-10,7.489e-13,38733189797.0,0.2901,0x09...05dc,https://bscscan.com/tx/0xec06acffc4be59a96bb748ba3496cd47160e44819e47c63ff67c95644a39c9fb
2023-03-22 18:00:58,True,2.458e-10,7.527e-13,15000000000.0,0.1129,0x8b...1e96,https://bscscan.com/tx/0xf98a5dae43a58b06b97b42b135e46af5b2e51b1d0e14b16d9eef5eded98d64d0
2023-03-22 17:59:46,True,2.47e-10,7.527e-13,3003676918.0,0.0226,0xe1...00be,https://bscscan.com/tx/0x86440d12e5d3731a523265d96da3cc98864531958fbd58fa78aa0d071ca9e5a8
2023-03-22 17:58:58,True,2.457e-10,7.527e-13,48047058575.0,0.3616,0x79...62ea,https://bscscan.com/tx/0x84e070a9669406498595718fea5d26c35e8b11db1999ae7323a3a6c4fcccba17
2023-03-22 17:58:43,False,2.457e-10,7.489e-13,7170614168.0,0.0537,0x58...0615,https://bscscan.com/tx/0x3833e7de6c51b0dfaa074bf59753996bfdfed1cdd7e6ca7f600b3c4a7b7c932d
2023-03-22 17:55:10,False,2.456e-10,7.489e-13,18000000000.0,0.1348,0xdb...1ef5,https://bscscan.com/tx/0xbc702d3045b40bd867d71de7a3717d841871b24d39cd52f843c0c4ca89bc8371
2023-03-22 17:53:37,False,2.456e-10,7.489e-13,21951728439.0,0.1644,0x28...9065,https://bscscan.com/tx/0x3745352363a9dcc2161d002046325e3dc2fccbafde721a8eb71ad0ee85255a73
2023-03-22 17:53:13,False,2.443e-10,7.489e-13,54900000000.0,0.4111,0xb1...b2d3,https://bscscan.com/tx/0x9361f6a97af21baa895dd1ba4aefafd5fa3b695117ef2cb018e4d2629141ea89
2023-03-22 17:50:40,True,2.467e-10,7.527e-13,6111026631.0,0.046,0x43...f867,https://bscscan.com/tx/0x9ad3708df89b2365b7ec4f123bee6164c36aa3cabb1948531a49243ad553d295
2023-03-22 17:46:31,True,2.466e-10,7.527e-13,1727032326.0,0.013,0x4d...9a8b,https://bscscan.com/tx/0xb4386415a2ff31e2318721cc3acf23f85b6dcf7f1352e0d76401ec5b324b132e
2023-03-22 17:44:19,True,2.453e-10,7.527e-13,14000000000.0,0.1053,0x9d...7142,https://bscscan.com/tx/0x7041906bc150debc6d19bb5fa896eb5855165bc37dfaba1203cc848a2cb68c34
2023-03-22 17:42:19,False,2.454e-10,7.489e-13,1511420773.0,0.0113,0x0a...dc97,https://bscscan.com/tx/0x69da4ad04aecf20153934763554701de3d16c1476942096c78707272dc3da2e8
2023-03-22 17:41:34,False,2.453e-10,7.489e-13,16026837060.0,0.12,0xe6...6e50,https://bscscan.com/tx/0x0943ced40a885d27d559b8a967b63277919b67cecfd51471c55b7c3b9e7ff75d
2023-03-22 17:41:01,False,2.455e-10,7.491e-13,1079160292313.0,8.08465,0xd0...e281,https://bscscan.com/tx/0xd22ee6689959bc7ab3d4463151b179b82fff8dd2335e2455f594ea4cc86f5e94
2023-03-22 17:40:49,True,2.467e-10,7.531e-13,6373630934.0,0.048,0x95...1c11,https://bscscan.com/tx/0x5bffd32a2b2136d85a3d80f516a399c840e5026c4b70b82e77e511dc48d41b5e
2023-03-22 17:40:37,False,2.455e-10,7.493e-13,38388546254.0,0.2876,0xe2...1f2a,https://bscscan.com/tx/0x00ff0fbd7efac67291301a6717e936dc5360bb1913f60635d251a06562207d12
2023-03-22 17:37:04,True,2.468e-10,7.531e-13,1491352004.0,0.0112,0x97...ac9a,https://bscscan.com/tx/0xa57b9ee3bd87c63976e4cf4f083a97aa3f3f2e72f1a4524131c44ec65f974c4b
2023-03-22 17:36:10,False,2.456e-10,7.493e-13,17578554256.0,0.1317,0x75...64a9,https://bscscan.com/tx/0x5234f0004cd2f7dabc960556efc5dca96c393a6e43a8363c4e8326095be4deb4
2023-03-22 17:36:04,False,2.456e-10,7.493e-13,5333367037.0,0.0399,0x95...50a5,https://bscscan.com/tx/0x6222c3f0c4e9e36504bbccaae02c82f6fad46b94c49af8402c779fe99008a99d
2023-03-22 17:34:58,False,2.455e-10,7.493e-13,17578554195.0,0.1317,0x75...64a9,https://bscscan.com/tx/0x922fbfe0847008a32cbadc96d8c45b7d3ebd8eb4a0dacabc6944d6652b3e32d7
2023-03-22 17:34:28,False,2.455e-10,7.493e-13,1901602164.0,0.0142,0xfd...6d8c,https://bscscan.com/tx/0x00a7b59a5d90db82c59533ecbc53bc731f897de077c86053347ab3c9e9c7a47c
2023-03-22 17:33:19,False,2.455e-10,7.493e-13,113019306952.0,0.8469,0xbd...add7,https://bscscan.com/tx/0xff37172ed94ff15df04a7e8d28895369ab1fb2c1367d8ba95e818ba00fb2e43c
2023-03-22 17:33:13,True,2.455e-10,7.531e-13,126290907309.0,0.9511,0x04...dddb,https://bscscan.com/tx/0xd27cc70bce73452b06f4c44fb2fb8523f093f3141bd326075d78236a87d70d9f
2023-03-22 17:32:01,True,2.467e-10,7.531e-13,9663308275.0,0.0727,0xf6...74b7,https://bscscan.com/tx/0x9f769dd29ad3d45e43366b1bb9afc80b9e380c9edb5860a9520c74178418ac92
2023-03-22 17:30:16,False,2.453e-10,7.493e-13,45013091740.0,0.3373,0x58...d550,https://bscscan.com/tx/0xccfcc8f6afd7645156c4e28a9bd477fd67a4f1bac1a99577d4ebe2589128f2c2
2023-03-22 17:29:37,True,2.453e-10,7.531e-13,5000000000.0,0.0376,0x7a...2dd7,https://bscscan.com/tx/0x8ed96009dccdce0c618706bbfe55a7ef9d10e0c967bd451673ce365bfe078af6
2023-03-22 17:26:13,True,2.453e-10,7.531e-13,2739290001.0,0.0206,0x2c...cbc1,https://bscscan.com/tx/0x2d20b0405dc443f88c803dce9985bae6c6c01971430bae3e5603274e13118a6c
2023-03-22 17:25:49,True,2.453e-10,7.531e-13,12692453022.0,0.0955,0x57...a759,https://bscscan.com/tx/0xacd302676cb9558a882bb56937b408c6998fc73f048a7e4dfd0bc18bd8b64207
2023-03-22 17:24:48,True,2.465e-10,7.531e-13,4069751939.0,0.0306,0xf6...74b7,https://bscscan.com/tx/0x84daebeee4ab4dd8ac280445bf2c99c340bd83adbab7cc1ac926b38b8dc6ae09
2023-03-22 17:23:25,False,2.452e-10,7.493e-13,3435516495.0,0.0257,0x95...ccbd,https://bscscan.com/tx/0xa9c45a56de778e04e9e8bb13215da797314d230b3a397d988602b17688dc2461
2023-03-22 17:22:13,True,2.464e-10,7.531e-13,2000000000.0,0.015,0x5f...349b,https://bscscan.com/tx/0xb34c4f01b4dca0a9780034b137644bb13971017b4ae7da78aae4480b07678345
2023-03-22 17:21:19,False,2.453e-10,7.497e-13,2360535300001.0,17.6985,0x87...23e8,https://bscscan.com/tx/0x2f543630a87ad1fc05d0aa5d4d60a39017869b9ee2ea3aef54dbac41d93ed59f
2023-03-22 17:20:31,False,2.454e-10,7.501e-13,1827545088.0,0.0137,0xfa...383c,https://bscscan.com/tx/0x1133b9b8085fd55dd6adc3c0038f017bc1909c27dbbe620e834007429bf2168b
2023-03-22 17:20:22,True,2.467e-10,7.539e-13,11444338861.0,0.0862,0xee...2d5e,https://bscscan.com/tx/0x3ee4fede633b75233d684e61b1bc763942f4a67803281ba97bbaf4bea2a949f9
2023-03-22 17:19:01,False,2.455e-10,7.501e-13,36195505466.0,0.2715,0xee...98da,https://bscscan.com/tx/0x896f33bc0c822d34f275bb6574ed3d831ed3e45cc6720d325edc9cbd0195c91b
2023-03-22 17:19:01,True,2.468e-10,7.539e-13,151255007136.0,1.14033,0x79...d156,https://bscscan.com/tx/0x2c694c02252413e300f277fcf3b64993b3ac959d20507127d0efcc90fd286ecf
2023-03-22 17:18:46,False,2.455e-10,7.501e-13,25877083589.0,0.1941,0xe2...f537,https://bscscan.com/tx/0xfaf54e5c2cbc55f3cd1ab71bdff0823ebe08f85d8da1b4224497355cfc0ee4e1
2023-03-22 17:18:43,True,2.455e-10,7.538e-13,1282680001.0,0.0096,0x56...2c7f,https://bscscan.com/tx/0xeabb97971ec2b4a50bbddccb73f713bfee4d0bcc70881d44dd204459dc0c0e62
2023-03-22 17:16:34,True,2.47e-10,7.538e-13,3979325467.0,0.03,0xe7...f335,https://bscscan.com/tx/0x40a9106f93a692f31bb7f7cde28e3ad4842a71dce6283fde88e54d62f29a3046
2023-03-22 17:14:58,True,2.46e-10,7.538e-13,3249787783.0,0.0245,0xbc...f4bf,https://bscscan.com/tx/0x42f79120f92e1f1530e7f4b003fc974202826dc311190b2965e02206ac0df6f4
2023-03-22 17:14:49,False,2.448e-10,7.501e-13,27000000000.0,0.2025,0x87...23e8,https://bscscan.com/tx/0xbdb9d8a23e8b6903265344a5a3cd77c9717b31713093ab000407e08b84f2b83d
2023-03-22 17:14:10,False,2.449e-10,7.501e-13,901455722.0,0.0067,0x7c...5744,https://bscscan.com/tx/0xeb631d245a676b93e9f07fddff2184037162229099c49e015a8acc0a2c422e8b
2023-03-22 17:14:07,False,2.449e-10,7.501e-13,18686674476.0,0.1401,0xe6...aad8,https://bscscan.com/tx/0xab39282563380d60f1728edac8f5d20b9ddb4b9cc59acd43c65e153ffeaa1f7b
2023-03-22 17:14:01,True,2.461e-10,7.539e-13,729529502.0,0.0055,0xe6...3bb3,https://bscscan.com/tx/0xef63d2b4a71808f8340fc2f682cf4995d90aa3aa9fc379db27546122817aa859
2023-03-22 17:13:58,False,2.449e-10,7.501e-13,18000000000.0,0.135,0x87...23e8,https://bscscan.com/tx/0xc37d24e6078d0b1f7f8b8bb2f1978bd57f5284893732c420d4f91a862db30614
2023-03-22 17:13:58,True,2.461e-10,7.539e-13,6632043523.0,0.05,0x4a...d00f,https://bscscan.com/tx/0x95e34f07e5eccbfab5b3634ff390c5787f430622bd600890a614b0449224af8a
2023-03-22 17:12:40,False,2.449e-10,7.501e-13,42710103778.0,0.3203,0xa7...54ab,https://bscscan.com/tx/0xc167335a7da136b83aeef15458d4a06b91f8f92147e053a106044f5d8f379137
2023-03-22 17:12:19,False,2.45e-10,7.501e-13,90000000000.0,0.6751,0x9b...d3d0,https://bscscan.com/tx/0x3f383aed40e6ed50c9fc92e70965f07c81e1bb971c7eb1b4f1ecf1b398642412
2023-03-22 17:12:16,False,2.45e-10,7.502e-13,45013153716.0,0.3376,0xe7...dfaa,https://bscscan.com/tx/0x04f980531f9f3303d9c85ac29ea181046b81b76be085a66d780ff0da4a1cf9dd
2023-03-22 17:11:55,True,2.476e-10,7.539e-13,1390431467.0,0.0104,0x6a...bde2,https://bscscan.com/tx/0x9617e2d9e1fce5f39fb050ece6e2a58d131b2b495a962dffa14568d1f3de2fe5
2023-03-22 17:11:34,False,2.464e-10,7.502e-13,162000000000.0,1.21538,0x87...23e8,https://bscscan.com/tx/0xd0305b57a6b3d4b137fcb54a14472b80278828bd1631c33ccd77546a96f0555d
2023-03-22 17:10:49,False,2.452e-10,7.502e-13,180000000000.0,1.35053,0x87...23e8,https://bscscan.com/tx/0x8b76b37ad15e35e2367bf07463607e0e1cae9ee6de272d39b1ee65f809c8312a
2023-03-22 17:10:40,False,2.464e-10,7.503e-13,5035429443.0,0.0377,0x3f...8c09,https://bscscan.com/tx/0x405fc14335b0de33ca5eb1564595e7b3d632c67de258966756000727f72948a0
2023-03-22 17:10:10,False,2.464e-10,7.503e-13,180000000000.0,1.35064,0x87...23e8,https://bscscan.com/tx/0x742d170e7830a61da8be639f582b0b960816ee5a0ad13a6bcaf88cc3201e9261
2023-03-22 17:10:10,False,2.464e-10,7.503e-13,5400000000.0,0.0405,0x48...3e17,https://bscscan.com/tx/0x3e492c7f12b7a63632afe60d02c8ab78bdcfc8c02741b187c2350185be214091
2023-03-22 17:09:43,True,2.464e-10,7.541e-13,41437400001.0,0.3125,0x31...5429,https://bscscan.com/tx/0x8db9be7dc5f6e2cd506dec1ea16d187c0d049629e8a29a5fcc307944b44c4556
2023-03-22 17:06:41,True,2.463e-10,7.541e-13,4000000000.0,0.0301,0x82...6365,https://bscscan.com/tx/0x1834013712363af1a12961fb9f30759ae53adcb5e77786b2dd6ee4a910958296
2023-03-22 17:04:54,False,2.45e-10,7.503e-13,1800000000.0,0.0135,0xff...010b,https://bscscan.com/tx/0xc85ff2bd03fb3cfcd8914c5a049659eeea613bd09d694b9a6dc39aca5ac61d9a
2023-03-22 17:04:39,False,2.45e-10,7.503e-13,11700000000.0,0.0877,0x09...5253,https://bscscan.com/tx/0x3c0c01449e707c6639e2f03cb211acae84d5f6ff41fbb520f6aaee5a098eec66
2023-03-22 17:02:15,False,2.45e-10,7.503e-13,3822799353.0,0.0286,0x7a...c558,https://bscscan.com/tx/0xac63280830440cab75435605107497cc9e3ed3b268c14e5caff5feed743aada5
2023-03-22 16:59:45,True,2.474e-10,7.541e-13,3558001272.0,0.0268,0x2a...916c,https://bscscan.com/tx/0xb6c1e5e6eae1b709fc33fc8c310186dff32804def7f4b30399d887a059138b8a
2023-03-22 16:59:24,True,2.474e-10,7.541e-13,530402122.0,0.004,0xf0...960d,https://bscscan.com/tx/0x562a0123baa137c320a9cb4a6b38ad4f4c8671ca35e94258dba337565deb3023
2023-03-22 16:59:24,True,2.474e-10,7.541e-13,111591414042.0,0.8415,0xe1...1a94,https://bscscan.com/tx/0x468da6afd966146f4107bdda7004507f1cc6186762efff68e895123e18901954
2023-03-22 16:59:18,False,2.461e-10,7.503e-13,6869060728.0,0.0515,0xd5...b3fb,https://bscscan.com/tx/0xcadf39d71ebb209570c4d8522ee2329ec3b878994b1e33f864ec4729178ab2de
2023-03-22 16:58:15,True,2.474e-10,7.541e-13,199668059.0,0.0015,0xdb...a9fb,https://bscscan.com/tx/0x8cc8ba599f6069062ff71b7991d5911a4f8136f56c347605ed721d1b0758077d
2023-03-22 16:58:15,True,2.474e-10,7.541e-13,40411051194.0,0.3047,0x96...a896,https://bscscan.com/tx/0x7d1cfdf4aedc7777051c39f383686cb8bcdcddebd979e5f979ad6b9f8c6d0d5c
2023-03-22 16:57:39,False,2.463e-10,7.503e-13,7037415469.0,0.0528,0x91...1658,https://bscscan.com/tx/0x26546748d1d49e077957e7172491602e88ea6993d27ecd035e406b877692f022
2023-03-22 16:57:06,False,2.463e-10,7.503e-13,4737561868.0,0.0355,0xe2...8370,https://bscscan.com/tx/0x5ffcbd091084084e1580a5d1c51c0f56b6b8d4e9a307c32c9ec33bdbbbf90447
2023-03-22 16:55:51,True,2.463e-10,7.54e-13,40272904733.0,0.3036,0x22...e992,https://bscscan.com/tx/0x7745eead5ca2f067ca5bb0732b35c0ea9b7ff73e7021134775cc48cb992e59aa
2023-03-22 16:54:00,True,2.475e-10,7.54e-13,1857040001.0,0.014,0xa5...30e5,https://bscscan.com/tx/0x340d7544dcb819912a32dbfdc9b2d2b1f0cb94a84579c95abeb1f28ae59a3e68
2023-03-22 16:51:45,True,2.475e-10,7.54e-13,4168853510.0,0.0314,0xae...527b,https://bscscan.com/tx/0xe634edb4a9c915580945036b94e0f93d0a49222ab61e6664bf0ec2fec6c41fa3
2023-03-22 16:48:42,False,2.465e-10,7.503e-13,90000000000.0,0.6753,0x5e...b1a3,https://bscscan.com/tx/0x431b352f9812272c532606a4d1f6d708fbd46adff9b4b39ce07b2c2b306075c1
2023-03-22 16:48:33,True,2.478e-10,7.541e-13,5800000000.0,0.0437,0x82...eefa,https://bscscan.com/tx/0x5afc19ac4962c5497edd5f97250094a20e29e10edc80c7a3233571d6115c78a3
2023-03-22 16:45:21,False,2.46e-10,7.503e-13,35220040699.0,0.2642,0x32...f1fa,https://bscscan.com/tx/0x8e588b5d421f64b5376d5e047b757ef9b87b062c3e3e4e904c3dcc255c287215
2023-03-22 16:44:57,True,2.485e-10,7.541e-13,1193438099.0,0.009,0x27...d322,https://bscscan.com/tx/0x380755402e93808211530f334005689d1abb68fedcbfa95beb8caa79a670bc8e
2023-03-22 16:44:45,False,2.473e-10,7.503e-13,10765132866.0,0.0807,0x29...b8a7,https://bscscan.com/tx/0xcac53d7fd67e12768fb66110ec982d9e079d2f39e4fe6ce5805d83a79bb16458
2023-03-22 16:44:21,False,2.473e-10,7.503e-13,12911400609.0,0.0968,0x83...d345,https://bscscan.com/tx/0xec5a2ef04589280c7af40e15e89927aeb5c64f58dbd311da6a51d73f4d457315
2023-03-22 16:44:09,True,2.473e-10,7.541e-13,4938220000.0,0.0372,0xef...41d6,https://bscscan.com/tx/0x7cac05e08b6f2ebcc8e906d80ba78572373e5dc67a27a873c4a64dddeed1cfe2
2023-03-22 16:42:30,False,2.472e-10,7.503e-13,60923337368.0,0.4571,0x42...6b2b,https://bscscan.com/tx/0x9edc83b8d3f24718001ccb61942920dad1c250eefa2379a218c7d91085a93fc5
2023-03-22 16:41:00,False,2.46e-10,7.503e-13,1620000000.0,0.0121,0xad...3427,https://bscscan.com/tx/0x82f591b0b94549563c613e327b298413e400c94d115013cd91904cfe084047bd
2023-03-22 16:38:42,False,2.472e-10,7.503e-13,6401805883.0,0.048,0x0b...60b3,https://bscscan.com/tx/0x6a4e34506bf9ba8c453f059c5ff7d7599ce9ea2cc2ead2bd7a3e7852e7d80eb2
2023-03-22 16:37:15,False,2.46e-10,7.503e-13,28688758708.0,0.2152,0x2f...e55c,https://bscscan.com/tx/0xf703806222eee5133f542cf4c4d4c63825a2a9fa28b183621213ec798376a8c0
2023-03-22 16:34:48,False,2.461e-10,7.504e-13,105124619714.0,0.7888,0x30...6739,https://bscscan.com/tx/0x950ce9daa89613eed17b8ad2f92637e8e8e097d5ced0a37dbcdf4ff4ca030641
2023-03-22 16:34:45,True,2.473e-10,7.541e-13,100040000000.0,0.7544,0xcc...cc82,https://bscscan.com/tx/0xa88c796e6940a2dd0bc8565ee25982a85deb85cc82eb6a35412c2328af0a4c84
2023-03-22 16:34:30,True,2.473e-10,7.541e-13,5187249888.0,0.0391,0x7a...901d,https://bscscan.com/tx/0xade5d62f5a2ee4c4ffca5f595b585bed17a4b61d10e043e56ed60bb247fda8d3
2023-03-22 16:34:27,True,2.473e-10,7.541e-13,25000000000.0,0.1885,0x25...f856,https://bscscan.com/tx/0xe972647c148827c6afe7c4623e0a22365c5b84b0966eed12c13393fbd2ea1208
2023-03-22 16:33:51,False,2.473e-10,7.503e-13,35499386581.0,0.2663,0xd7...1b0c,https://bscscan.com/tx/0x42ebc503cc7b723aac42ca3c445578890595364be2f6db07032b1a7e84ea84cd
2023-03-22 16:33:18,True,2.486e-10,7.541e-13,67386670263.0,0.5082,0x6b...1e48,https://bscscan.com/tx/0x3a4704a9ee992233261518f993c8d9fa9b5f99bb7cd6006ae436920db8db75ce
2023-03-22 16:33:12,True,2.486e-10,7.541e-13,10900000000.0,0.0822,0xa0...5aed,https://bscscan.com/tx/0x4cd52a210607a2fa14bdbc4c3ec79f34ce76604be59bb33b7f36154530da35c3
2023-03-22 16:32:39,False,2.474e-10,7.504e-13,630000000000.0,4.72803,0x5e...b1a3,https://bscscan.com/tx/0x562ad821c1aed60d956980d5d77aa335b01d91b3df244fbb65bb6c229d863264
2023-03-22 16:32:15,False,2.475e-10,7.505e-13,7711660883.0,0.0578,0x9f...a9e1,https://bscscan.com/tx/0x607886c8251572c0eb1665bcd9094373e10cec749c93a299ada4efb9012ae31b
2023-03-22 16:31:06,False,2.463e-10,7.505e-13,1757212125.0,0.0131,0xa8...5314,https://bscscan.com/tx/0xec3093220d0c66c09cf7646a7ca2e2a99e0d1088acd553326b21dde3a1911bb5
2023-03-22 16:29:39,True,2.474e-10,7.543e-13,8616610000.0,0.065,0x65...f0d5,https://bscscan.com/tx/0x440ea3e0fe8590c7aa8afb8d42a3c609b9f93918ecdd5d1b14cc1c37846de36b
2023-03-22 16:29:21,True,2.474e-10,7.543e-13,7263390001.0,0.0547,0xef...bad2,https://bscscan.com/tx/0x444fcae268277aedc5cfb0c58647876e3ae67a48cf36272295debdfc1c3c604c
2023-03-22 16:29:15,False,2.462e-10,7.505e-13,50847515428.0,0.3816,0xd3...c595,https://bscscan.com/tx/0xd44233c5bfb638637f976eedc3e812ba6ed5bf7d407de5cf5f0b2e14e9f6bd3e
2023-03-22 16:29:03,False,2.474e-10,7.506e-13,29113577565.0,0.2185,0x7b...a7dc,https://bscscan.com/tx/0x388051bcf5f8f9808cd646bbc66a3e830fdaf5552a8bcacd896e51eb420f4871
2023-03-22 16:28:06,False,2.474e-10,7.506e-13,63397539243.0,0.4758,0x1f...6bc6,https://bscscan.com/tx/0xc9a530212c9a22c1cdee10ad57717c753e0ee9d98cabd3428afb582dbf6c4b80
2023-03-22 16:27:24,True,2.474e-10,7.544e-13,3976667431.0,0.03,0xe4...e66a,https://bscscan.com/tx/0x031fd6aeec4cbc247c05ff5383d003244749fb45d96fafd32c17cd1b6008e2ec
2023-03-22 16:26:45,False,2.474e-10,7.506e-13,53546334004.0,0.4019,0x77...27c1,https://bscscan.com/tx/0xf7ac0fbb26662978309995e6920a046cbe012f8eae59c2359e49178776a79d34
2023-03-22 16:26:33,True,2.487e-10,7.544e-13,743241507.0,0.0056,0xdb...a9fb,https://bscscan.com/tx/0xb32ed784d1f7e5dce68da96a44248f731822fd228c0e52a70da33e0f45336258
2023-03-22 16:26:00,False,2.475e-10,7.506e-13,91475366035.0,0.6866,0x05...7066,https://bscscan.com/tx/0x09ca9e9c23c53843694319858cbe149caca7bb6050e8f92ebfa81fe861e418f1
2023-03-22 16:25:57,False,2.475e-10,7.506e-13,1948214020.0,0.0146,0x72...26a1,https://bscscan.com/tx/0x202c98e51b53b289077e9ba99dcd57f8540d81c961742cbaf40fe6db5a97bd22
2023-03-22 16:24:42,True,2.482e-10,7.527e-13,9741871997879.0,73.3355,0xb9...f731,https://bscscan.com/tx/0x27d6edb7be474565a4e6fa7f8376c8aecb13ae8c9a7fc2023e9b8196d75b5d67
2023-03-22 16:24:15,False,2.464e-10,7.474e-13,384538830594.0,2.87422,0x35...0f0b,https://bscscan.com/tx/0x702f7ebc7cb5c0f9151b9074a5db7dca8c56b335d6cd3644fa5c967b189ea4d9
2023-03-22 16:24:06,False,2.464e-10,7.475e-13,42472229715.0,0.3174,0xbd...08df,https://bscscan.com/tx/0x67f854e2204af874a548832a5726e57f11cbff053efc5b235f0af7ce3ceda60e
2023-03-22 16:24:06,False,2.464e-10,7.475e-13,36520984321.0,0.273,0xb0...e777,https://bscscan.com/tx/0x1178b29dd481ab4cc4a91dd1ed8d4507a1fce094f8f52fc5db1c7cbeb549fab4
2023-03-22 16:23:42,True,2.477e-10,7.512e-13,8073268370.0,0.0606,0x51...4070,https://bscscan.com/tx/0x32688463f61ae96c7aa39ce97b0afc72dfe36f73a62b3b35b6cd0e312dbd5dfb
2023-03-22 16:21:36,False,2.465e-10,7.475e-13,35259884349.0,0.2635,0x18...7595,https://bscscan.com/tx/0x814eb21d9bc02e85f988188207af76f80ec7592c39bd32f4dc4da8f11e8dfe7a
2023-03-22 16:19:12,False,2.465e-10,7.475e-13,275200845873.0,2.05738,0x6f...5f25,https://bscscan.com/tx/0x9fd592906df8922ffcb1b0f1aa671cd8b4f1efeaa798cc619de80b8ee92897f4
2023-03-22 16:18:42,False,2.466e-10,7.478e-13,1191801009776.0,8.91276,0x05...7066,https://bscscan.com/tx/0x7d0ee4e53adeaa05e4af999f892780e94845350f58d811023fc642a8f221f18a
2023-03-22 16:17:00,True,2.466e-10,7.517e-13,900000000.0,0.0067,0xde...4f61,https://bscscan.com/tx/0xb218218cb94c978284e33794a2925f4f602f1fda48bdd1908ced515472fca77a
2023-03-22 16:15:42,True,2.477e-10,7.517e-13,8000000000.0,0.0601,0xc9...dfc2,https://bscscan.com/tx/0xe24c9f8316e2bd5fed4c04067dd783547c7e40c2f5cb6d19450125290e3a3843
2023-03-22 16:15:15,False,2.465e-10,7.48e-13,200436645075.0,1.49941,0xa7...a4da,https://bscscan.com/tx/0x42697e76b5fd263ce897395867c94742c9635027f19b3d054ad70e577447494a
2023-03-22 16:13:12,True,2.48e-10,7.518e-13,20000000000.0,0.1503,0x12...bc25,https://bscscan.com/tx/0xc0c416c7e5c8057f216e05b9b2b3fae77699e16ea335eca1eebf76e84721f315
2023-03-22 16:13:09,False,2.467e-10,7.48e-13,7876547758.0,0.0589,0xad...1134,https://bscscan.com/tx/0xea8255a09acfa6e9a1627d3a27de9264d168524f0fd80a127b2c5dc75e1c67d3
2023-03-22 16:11:45,True,2.467e-10,7.518e-13,1580787829.0,0.0118,0xae...5612,https://bscscan.com/tx/0x66de4d4dd1f498b82103255b5b0515a51649ef369bcfdc0475b63cd08196c3bb
2023-03-22 16:11:39,True,2.467e-10,7.518e-13,8333208034.0,0.0626,0x15...4042,https://bscscan.com/tx/0xd6badbbabb6a17d36f624182ab49a34803450abec9d564cac287e31bd7960bac
2023-03-22 16:07:06,False,2.466e-10,7.48e-13,10208702014.0,0.0763,0x74...2c19,https://bscscan.com/tx/0xc9df743be31edf69e72c1134f47b11e98146c8265d7fd160be07242f7f1b6d63
2023-03-22 16:07:00,False,2.466e-10,7.481e-13,8683845279.0,0.0649,0xdd...9f14,https://bscscan.com/tx/0xa5babe6d17d4e07274b25d46f97aeb2925417903adc3aa6c45cf57328c7b92cb
2023-03-22 16:06:45,False,2.454e-10,7.481e-13,27376961102.0,0.2048,0xb9...64bd,https://bscscan.com/tx/0xf5c9a14163fb6e6e393b0d9d7e541205366a900363d4ccaefaeeaae402b0b112
2023-03-22 16:05:33,False,2.451e-10,7.481e-13,74550902929.0,0.5577,0x6c...fc85,https://bscscan.com/tx/0xb7f617b2622e58f8f085817b44c2d2b36fd77b29e1e3f3daca2620fda92cf0d3
2023-03-22 16:03:09,False,2.449e-10,7.481e-13,19296238937.0,0.1443,0x94...2dc4,https://bscscan.com/tx/0x787962b83744a78239560da85ee5fbeea4f8e53efb3c6ad08320a7c10e810d5f
2023-03-22 16:01:51,False,2.461e-10,7.481e-13,3870000000.0,0.0289,0xc8...f86e,https://bscscan.com/tx/0x01253f358b704bf7cdbf6474a24b99a0d4926b19a5a4ee12b6204cbaa45199a4
2023-03-22 16:00:48,False,2.46e-10,7.481e-13,175500000000.0,1.31305,0x10...2c33,https://bscscan.com/tx/0x9551ef3af35ca7d648dff949ada282afebb51c61ba71c9438d6924352f5a9e94
2023-03-22 15:59:48,True,2.459e-10,7.519e-13,5482000000.0,0.0412,0x29...e2e7,https://bscscan.com/tx/0xddce943edc0fc93aaf19c948184404b97689b9a24e7101628e6af8ff659313f0
2023-03-22 15:58:09,False,2.461e-10,7.482e-13,27772297997.0,0.2077,0x87...00e1,https://bscscan.com/tx/0x7fc3301d4aa78039f64fb77662a8a5682ed8557987235d953d9900a956bb5f96
2023-03-22 15:58:03,False,2.462e-10,7.482e-13,78748725809.0,0.5892,0x18...7305,https://bscscan.com/tx/0x2428f19b92b4942ff94dac6f9c9464565c3d8814d6c3035bf4a422e92f67387d
2023-03-22 15:53:39,False,2.461e-10,7.482e-13,88023506246.0,0.6586,0x22...07d8,https://bscscan.com/tx/0xb60e435ba5f4555b09e559a6f4e3302de01ac0f779a45838f7efdba1477464bd
2023-03-22 15:51:42,False,2.461e-10,7.482e-13,2355857255.0,0.0176,0x2b...1f4f,https://bscscan.com/tx/0xba6f3c07acc2afcdce1feec6770e7b83e71bc7e0886afa059a18c5b679a12e84
2023-03-22 15:51:39,True,2.473e-10,7.52e-13,1718977975.0,0.0129,0xab...f5a2,https://bscscan.com/tx/0x6f6cc37aed50b17d64aefefcd26c3d83b3bb13515fea854227ec1fd9abe58efe
2023-03-22 15:49:57,True,2.473e-10,7.52e-13,5194912159.0,0.039,0x06...d9ab,https://bscscan.com/tx/0x81495e9f711085d79687f8b12c8ffc784312f307f252d9c57acd965d3ceffe80
2023-03-22 15:49:48,False,2.473e-10,7.482e-13,92356387675.0,0.691,0x14...a409,https://bscscan.com/tx/0x9fc66b1442f69ace8b885fc45af08ff0615d22e1b4f65662e91514eaf99c0ecc
2023-03-22 15:49:48,True,2.485e-10,7.52e-13,273595511786.0,2.05746,0x97...09a4,https://bscscan.com/tx/0x556aa9ae96ebeb13c2555e3e16c21bc2edb784c3080bb7283e9e45c5036f8b6a
2023-03-22 15:49:30,True,2.485e-10,7.519e-13,9238624441.0,0.0694,0xca...44f8,https://bscscan.com/tx/0xf8e086a6a8cc56e95305719a942e74ff49fb0f40aa9f73d80f64749adac1ead6
2023-03-22 15:47:15,False,2.455e-10,7.482e-13,92365471958.0,0.6911,0x1b...429f,https://bscscan.com/tx/0x6b6158694364299fd3a032f0e94858b621fa7b545c6e10c41f12695aad0338f4
2023-03-22 15:47:09,True,2.467e-10,7.519e-13,3856439080.0,0.029,0xfa...d038,https://bscscan.com/tx/0x7ced6762b57c9ce90c1999d5a4d671d85353c234e3df5dc72da17e55ecbb67d5
2023-03-22 15:47:00,False,2.469e-10,7.487e-13,3044279864781.0,22.794,0x06...1ad0,https://bscscan.com/tx/0xbab8d2f0716a29d391849c51f39faac6db9edf72ac8b5c87b84b29bbd9ed1cee
2023-03-22 15:45:08,True,2.478e-10,7.53e-13,7111160084.0,0.0535,0x7b...5525,https://bscscan.com/tx/0x4092f114a92f42773a0b37108156b5b77f753ba2584a7ced7cfe3afda3c9f6cf
2023-03-22 15:43:55,False,2.453e-10,7.492e-13,38407925841.0,0.2877,0xb5...aa51,https://bscscan.com/tx/0xc91402736cd47b865288a5120b72f2baead9a596db85731ead0e35a3cfae4636
2023-03-22 15:43:25,True,2.478e-10,7.53e-13,28235609337.0,0.2126,0x56...f3d8,https://bscscan.com/tx/0x6320e8ef192f16c844aeeba36dcdc8dd7cda41ad07334e279c1b87d2728973a4
2023-03-22 15:43:22,False,2.466e-10,7.492e-13,3456399973.0,0.0259,0xe6...7b32,https://bscscan.com/tx/0x657ea28c0a4dcab44d448df02674e37eb1ac42a33ce78eac2c083857ecd61acd
2023-03-22 15:41:43,False,2.453e-10,7.492e-13,11780129076.0,0.0882,0xff...2514,https://bscscan.com/tx/0x6efb049643a4f8cca8b6a182f3d24841179fe0c2abb14060ae6dc846537d0b9c
2023-03-22 15:41:07,True,2.478e-10,7.53e-13,749824290.0,0.0056,0x1c...86d3,https://bscscan.com/tx/0xa1308dcec62ad1181a57263f0e38a7c4d4bb1960c768a027e16d14bc8a72dd33
2023-03-22 15:41:04,False,2.466e-10,7.492e-13,31208301910.0,0.2338,0x23...0cb5,https://bscscan.com/tx/0x5d411043ae2f28583083d1a75a713f434aca17f9e1e60a8e173e836863417833
2023-03-22 15:38:25,False,2.465e-10,7.492e-13,11727214988.0,0.0878,0x0d...9a5b,https://bscscan.com/tx/0x0674e50db72ba93048a017a563f5bfe1c3aa9c739d1797b7b799a5bc6a7e2dd6
2023-03-22 15:37:58,False,2.465e-10,7.492e-13,9759565114.0,0.0731,0xe8...a925,https://bscscan.com/tx/0x4aa8c1d3f8d6b9519b17a311c9cfc5dcb16bee07abe07afbd97f1647f2f8088d
2023-03-22 15:37:22,True,2.478e-10,7.53e-13,2050000000.0,0.0154,0x10...53b4,https://bscscan.com/tx/0x2d8473361515db1a581a041fa7f88c52974d2e0946760ac056aec7b71a896912
2023-03-22 15:35:31,True,2.478e-10,7.53e-13,464789000.0,0.0035,0x67...627d,https://bscscan.com/tx/0x459bcd5b3fd36d9be7e0ada59a16cfdeced826ab46eeb39cf7c9abcec3da7c70
2023-03-22 15:35:13,False,2.466e-10,7.492e-13,4261108007.0,0.0319,0xb3...96a4,https://bscscan.com/tx/0xf73dccfff12c54f24b184b50167e0054e5a295d34a870b1d8b5c7072e51aa507
2023-03-22 15:35:10,True,2.479e-10,7.53e-13,47663539052.0,0.3589,0xba...1325,https://bscscan.com/tx/0xc4665e362e6af92ff8328af58006eba87c4c4f7f4a07b2d16e5b29561c7870b9
2023-03-22 15:34:07,True,2.478e-10,7.53e-13,9295793541.0,0.07,0xf1...f1b5,https://bscscan.com/tx/0xc053fe4343922c7d9d9be87baa741ccbff66164cbd6ec18553909c794fdf31cf
2023-03-22 15:32:55,True,2.463e-10,7.53e-13,17502564145.0,0.1318,0xdc...56e5,https://bscscan.com/tx/0xce80aa1d54f219b4a69a9cfb26830b805ca018813cbc684be6e95f69572eb726
2023-03-22 15:31:52,True,2.463e-10,7.53e-13,1991976620.0,0.015,0xf3...75b4,https://bscscan.com/tx/0x19ff84e64c10c2be9c705d6601f85686ec3f67965362148251b52345bf597c38
2023-03-22 15:30:34,True,2.463e-10,7.53e-13,3496981.0,2.633e-06,0xae...5612,https://bscscan.com/tx/0x639c81f349c5de0d8ae95a2e2f6d2ae9e1181bdda1dd5ce3e837dacb751a0b31
2023-03-22 15:29:55,False,2.463e-10,7.492e-13,6480000000.0,0.0485,0xbc...16eb,https://bscscan.com/tx/0xdd9ced5eedb5f6f29d0fe12742ba008cc2667e7a55594390f32726b658cb8755
2023-03-22 15:29:19,True,2.475e-10,7.53e-13,20523700000.0,0.1545,0x67...627d,https://bscscan.com/tx/0xa552e0450166d7271db6e2fcb78fbe37d1c64f98ccb1804a653f851cd9de9b62
2023-03-22 15:26:25,True,2.461e-10,7.53e-13,30544061008.0,0.23,0x0f...ede0,https://bscscan.com/tx/0x331aa62b261fb424f45a2f5598d3246353dc44e3f98c07c7da3f0b2d207345d5
2023-03-22 15:24:40,True,2.474e-10,7.53e-13,1177403.0,8.865e-07,0xae...5612,https://bscscan.com/tx/0x0482bd79d5251091b9fd24c8d6a3296d353863d7761cf3a96103b887e094d456
2023-03-22 15:23:52,True,2.473e-10,7.529e-13,83623500000.0,0.6296,0x45...675a,https://bscscan.com/tx/0x87ec5f835f97424686a0c562a5a9d38443802cf034a7458b950063cef9caf4d6
2023-03-22 15:23:40,True,2.461e-10,7.529e-13,20171421490.0,0.1518,0x74...3fcb,https://bscscan.com/tx/0xfb508013177a14080546cee1bfed1b02ffc6af5b187743ac61e0ae08aecaae87
2023-03-22 15:23:31,True,2.474e-10,7.529e-13,88003716879.0,0.6626,0x24...11e9,https://bscscan.com/tx/0x85a9e4649ec48768fe104269f014db17d4f4c4efb0635c2a4a9cb84585eea8b0
2023-03-22 15:22:46,True,2.473e-10,7.529e-13,5765044646.0,0.0434,0x84...586d,https://bscscan.com/tx/0xa3b5cc1ec4a40c59db110d6c2b605d47475e361721f1bffeb7c4e0dd00da6377
2023-03-22 15:21:40,False,2.46e-10,7.491e-13,43232697977.0,0.3238,0x88...9f24,https://bscscan.com/tx/0xd193565912970f6ce7811f7bfd8c680149152e56a1803ece69add0891b729a11
2023-03-22 15:21:40,True,2.472e-10,7.529e-13,7237106366.0,0.0544,0x80...f863,https://bscscan.com/tx/0x5650973445a5aafd2a769fa884e468de08063c2828ac340b91e455a3c344e282
2023-03-22 15:21:22,True,2.472e-10,7.529e-13,3688944788.0,0.0277,0x55...0d83,https://bscscan.com/tx/0xbcac69881ac31b02cc2e303e3309e64bde2ce3552a1dce9f5703e671e95c3540
2023-03-22 15:20:52,False,2.46e-10,7.491e-13,12336441364.0,0.0924,0x74...7110,https://bscscan.com/tx/0x4dcb4d7b33e24e8b1f6067dbcf19659ea514bb889edd245470c6fc69b8b0fc45
2023-03-22 15:15:37,False,2.446e-10,7.491e-13,3767576827.0,0.0282,0x1b...3465,https://bscscan.com/tx/0xf47087f4d5d6bb907333e8ad1c45efe4182632337e4854eb4e5a497368034c72
2023-03-22 15:14:39,True,2.471e-10,7.529e-13,5200000000.0,0.0391,0x75...6a10,https://bscscan.com/tx/0xc9561183d66a70cd5b0543eeb338dcef76c91ab27d54d48ae7b9108829166102
2023-03-22 15:14:24,False,2.459e-10,7.491e-13,15894801390.0,0.119,0xa4...aca2,https://bscscan.com/tx/0x0c69cab5209ee93e6d2f867c20d00d4c9c0253ef356cb188e2d67a6a7a149210
2023-03-22 15:13:54,True,2.458e-10,7.529e-13,58707279662.0,0.442,0x71...7c93,https://bscscan.com/tx/0x5f40e1a527dfd65810283ea244c5b1039c087082c19b06349011e33684e618b2
2023-03-22 15:13:12,True,2.471e-10,7.529e-13,1000000000.0,0.0075,0x9c...c6c7,https://bscscan.com/tx/0xbaf1508e6da5abf36bab03fb3a3bb0eae24fbb21ddb63c421e16be2b0c6bce54
2023-03-22 15:10:48,True,2.47e-10,7.529e-13,30212672207.0,0.2274,0xd2...1323,https://bscscan.com/tx/0xbca2f6359809c150caae690bfaa28e25e531b5845fded4367e0f8a27d9de2ad6
2023-03-22 15:10:18,True,2.457e-10,7.529e-13,5000000000.0,0.0376,0x9c...c6c7,https://bscscan.com/tx/0x8d821f6e01d8896b0236b9929497141cc60e7106cc713442359382fd9c30a0a6
2023-03-22 15:10:03,True,2.472e-10,7.529e-13,3841381740.0,0.0289,0xc5...c3a2,https://bscscan.com/tx/0x5b6422b02b82ec8fec3f34a82767a782a02ef5b5f462dfd6d2a495c6e400e918
2023-03-22 15:08:24,False,2.459e-10,7.491e-13,154425894115.0,1.15694,0xa5...682c,https://bscscan.com/tx/0xd9f14d6963d3022448a534fd2983c60cba52626f6021c0048f8ef1a329965c43
2023-03-22 15:06:57,False,2.459e-10,7.492e-13,8705767192.0,0.0652,0x59...c421,https://bscscan.com/tx/0x68c96f4ea33b4039e1ab79388ce8954bf2a0a515dafd60e3053b99f8629b8880
2023-03-22 15:06:06,False,2.447e-10,7.492e-13,49295514673.0,0.3693,0xb4...fa47,https://bscscan.com/tx/0x3bfd9797bb1db8bb031f090ae84edff62a6ddd7f9c53c6f77c57c3d75716f0d7
2023-03-22 15:04:54,True,2.46e-10,7.529e-13,900000000.0,0.0067,0x21...9253,https://bscscan.com/tx/0x539801450ef2b4eafa48ed719f7447157fd1df90a7389b79a9273865780e3b83
2023-03-22 15:02:42,False,2.458e-10,7.492e-13,2190296835.0,0.0164,0x57...0de0,https://bscscan.com/tx/0xf3145c6390401ac17b312f30f72f8a8219d95540d9bc809f7c9e75d875c8de16
2023-03-22 15:02:12,True,2.458e-10,7.529e-13,132802642.0,0.001,0xf2...c46d,https://bscscan.com/tx/0x4be08f394cca609b95022357f0d045bda42f7e2687be99e7357739046f405c1a
2023-03-22 15:02:06,True,2.458e-10,7.529e-13,4743002984.0,0.0357,0x89...81c2,https://bscscan.com/tx/0xe05595a844291a5b53b5da08637253dc125436f6f684c69d59e0e89f8f75f6aa
2023-03-22 15:01:00,False,2.445e-10,7.492e-13,13373152148.0,0.1002,0x4a...73ee,https://bscscan.com/tx/0xc9f885b9a8ef72753709fc0f55270393f68f693fde1cc03115998d1615778b16
2023-03-22 15:00:30,False,2.445e-10,7.492e-13,3458186396.0,0.0259,0xd0...77f4,https://bscscan.com/tx/0xbac8a2f3cedacafd591dc8b11fa0c10c66b43f3efabc9a0f09643bb42848d089
2023-03-22 15:00:24,True,2.47e-10,7.53e-13,2513277805.0,0.0189,0xf9...de80,https://bscscan.com/tx/0x2f1a349c60cf8f45cf6de32db0d7743f43a1456a59106eb83fa864f631acf3ee
2023-03-22 14:57:03,True,2.468e-10,7.529e-13,3883014833.0,0.0292,0xa7...a4b7,https://bscscan.com/tx/0x090d09335eb0cdc0747ec75b7f4cdfce0cffc9589ba018353c258ccdbfb253fe
2023-03-22 14:56:33,False,2.456e-10,7.493e-13,900000000000.0,6.74452,0x29...c512,https://bscscan.com/tx/0x0d3c80a6af47ba729a3f8b6472aeb7a8009c5678da3597c5e5809d5f79925565
2023-03-22 14:54:09,True,2.457e-10,7.533e-13,5420000000.0,0.0408,0x29...b3ec,https://bscscan.com/tx/0x1589b24160c490c240131dd10516b9f50b0f22f45275a85d3cf09e1213f3b8e1
2023-03-22 14:51:42,True,2.469e-10,7.533e-13,7964935448.0,0.06,0x80...aadf,https://bscscan.com/tx/0x29a03b2884394c5f75cb32ad9e7e2dd8ab858d1bcd45703ffb9cc887dc4b53ef
2023-03-22 14:51:15,True,2.469e-10,7.533e-13,1000000000.0,0.0075,0x02...1c2e,https://bscscan.com/tx/0xb89cba803cc58c31319c3701ec787a147e498b9b0476753058e24647d35738ee
2023-03-22 14:50:30,False,2.445e-10,7.495e-13,3906833977.0,0.0292,0xeb...f68a,https://bscscan.com/tx/0x5343a4eeb16c9eca6fec005d1910bb358c76492e9e4f5db91cac5785d7c9bc5f
2023-03-22 14:50:03,False,2.455e-10,7.495e-13,9187797688.0,0.0688,0x18...a935,https://bscscan.com/tx/0xe0bd348b3a9319a7947bd2c128314b38764a3cdeb59ec13b38d9b4241e155b93
2023-03-22 14:49:12,True,2.455e-10,7.533e-13,4262502088.0,0.0321,0x9c...8070,https://bscscan.com/tx/0xc9a9f3a034a05ec6557ad989e874b1ba6d2831276385f290f65be3c4c96fc4f1
2023-03-22 14:46:33,True,2.468e-10,7.532e-13,25050265553.0,0.1887,0x95...43d9,https://bscscan.com/tx/0xb094a8de9216af0a3def6624d4e753b63e9ed307567310838b23cc49065e7547
2023-03-22 14:44:09,False,2.444e-10,7.495e-13,2670391583.0,0.02,0x25...896a,https://bscscan.com/tx/0x5492e20c846a94feff95d6ee1b8ddd6c0be9997816a2e70d079617222132f402
2023-03-22 14:42:45,False,2.444e-10,7.495e-13,50796000000.0,0.3807,0x29...c512,https://bscscan.com/tx/0xd52627dcece2d42fc2c4bae64e1e06e80319338e486c1dacf5699976ab9b9b36
2023-03-22 14:42:06,False,2.456e-10,7.495e-13,12016132967.0,0.09,0x14...5bc6,https://bscscan.com/tx/0x433458a18cab342a4cebb10f68f37746762c813c02ddd71c223cced83af921e2
2023-03-22 14:41:21,True,2.467e-10,7.533e-13,503991202.0,0.0038,0x46...420b,https://bscscan.com/tx/0x673938b0a1f57746db91743c4b67f7c2f43cdcd598d5efc6e167c863b62c9b97
2023-03-22 14:39:30,True,2.466e-10,7.533e-13,17000000000.0,0.128,0xa9...7485,https://bscscan.com/tx/0x94dc34f634f4d153f5ec4b60c83f1bcd0bf4737d6aec3e76b089db6a1b656a43
2023-03-22 14:37:51,True,2.454e-10,7.533e-13,8961789797.0,0.0675,0xb4...9935,https://bscscan.com/tx/0xc7f19c41f99c2edfa1b95de8a04e55226e40fd617ff54fa5cab926252f584f0f
2023-03-22 14:37:42,True,2.453e-10,7.533e-13,2322753882.0,0.0175,0xa0...8aa9,https://bscscan.com/tx/0x68efe2772544db5781b8ed593a06bd65b1df08d4a0d2b5732782cff1423a611a
2023-03-22 14:35:36,False,2.44e-10,7.495e-13,2378575312.0,0.0178,0x65...119d,https://bscscan.com/tx/0x8456b0b723997da3e9b9f69f5913cb2078fbd88c9d97d75f92b56f8c8a2bd942
2023-03-22 14:33:45,True,2.453e-10,7.533e-13,13382000000.0,0.1008,0x03...2792,https://bscscan.com/tx/0x393b503585098b1a514604995f9ca988041d2402113dcb5f5d273444f5017177
2023-03-22 14:33:18,False,2.453e-10,7.495e-13,1800000000.0,0.0134,0x21...dfde,https://bscscan.com/tx/0x738becedb7101b5630470494fe744809d6b66a36f94fe571f108446d79b0de6b
2023-03-22 14:33:03,False,2.453e-10,7.495e-13,15743818457.0,0.118,0x3c...efea,https://bscscan.com/tx/0xdadb915b3d79e847fed206c4859ae7f43878de42c6108bbad0cf914fb2bbcd32
2023-03-22 14:32:24,False,2.44e-10,7.495e-13,52411071369.0,0.3928,0xa4...d840,https://bscscan.com/tx/0x7ec84b7e76f8eeeb8f193d78a9fee82f6208086d5835c415ce014f61cf42a33a
2023-03-22 14:32:00,False,2.44e-10,7.495e-13,61905907363.0,0.464,0xfb...6fb1,https://bscscan.com/tx/0xcc3f8ccdfcbb7cdb969fbda850f867f50a0e68b6ec4414578cf6d3a3415bc739
2023-03-22 14:31:54,True,2.464e-10,7.533e-13,905378762.0,0.0068,0xa0...8aa9,https://bscscan.com/tx/0xe53fbd5445ed332c6df009fba4a6c3b051c871722d88971f4ef2e6e8db0f5f3c
2023-03-22 14:29:03,True,2.464e-10,7.533e-13,95000000.0,7.156e-05,0x61...2510,https://bscscan.com/tx/0x21fc98217c73bf1586165bb90732f0ce8f92dcb43249407e489a0ae51f6e5974
2023-03-22 14:28:09,True,2.451e-10,7.533e-13,14509948522.0,0.1093,0xb8...fcf4,https://bscscan.com/tx/0x027ec0a33c4c7f50e72188638c60191d09165edfdcb0a9abe2c849b019f43cbd
2023-03-22 14:27:42,False,2.45e-10,7.495e-13,11700000000.0,0.0877,0x56...d816,https://bscscan.com/tx/0xe4c92486f45e1845da6c018fdd5759ece20f57ed03f78b85cd7c6683db3fad5d
2023-03-22 14:27:18,False,2.438e-10,7.496e-13,274003974008.0,2.05402,0xdd...642a,https://bscscan.com/tx/0x59703197a7b3ebf0d93e2c68124e09edb9cf471b21a6d514279a70521b28536d
2023-03-22 14:26:45,False,2.451e-10,7.496e-13,2476743793.0,0.0185,0x5f...5de3,https://bscscan.com/tx/0xa45e9d9626eb730583c7b7bd6e2e57de87e233f7d86d9f6c9b9e3b4fd67d641a
2023-03-22 14:24:30,True,2.463e-10,7.534e-13,15338456741.0,0.1155,0x0c...66a1,https://bscscan.com/tx/0x8e923fe97f58be31d9b78d889e4407d91fefae52d8b7d0911cd69650a1daa9e6
2023-03-22 14:24:09,False,2.438e-10,7.496e-13,9896735830.0,0.0741,0xb6...42fa,https://bscscan.com/tx/0x93ff591e8cb11c1e78184cf3a6c4da67b0951f636eef04935c4989f5c2db617e
2023-03-22 14:23:27,False,2.449e-10,7.496e-13,16431832231.0,0.1231,0xb4...fa47,https://bscscan.com/tx/0x7bd6de81a02a9cc701437c6568662a2a95e21b045e7f493d925836f208f60600
2023-03-22 14:19:45,True,2.461e-10,7.534e-13,5308957086.0,0.04,0x9f...11e5,https://bscscan.com/tx/0x4798ab3f9c028ed5c26a6880ce88b862531bbdc3f2976e8498a358f54701272f
2023-03-22 14:17:51,True,2.46e-10,7.534e-13,136568410626.0,1.02893,0xd3...3ad0,https://bscscan.com/tx/0x3b77d9b7328d3b66798de916855718c02966d49488c77e36411e4a44001b1798
2023-03-22 14:17:18,True,2.448e-10,7.533e-13,3000000000.0,0.0226,0xe5...761a,https://bscscan.com/tx/0x27ef61441af9e77e531bf7a920d3479fc91515b0694e947da9dfb1d614cb5f30
2023-03-22 14:15:48,True,2.459e-10,7.533e-13,1000000000.0,0.0075,0x55...a398,https://bscscan.com/tx/0xd6b2b038115a28f440d6a673e006233c6e0389bb5c0cadee609012dc52366120
2023-03-22 14:11:39,False,2.446e-10,7.496e-13,1028323598.0,0.0077,0x1f...71d6,https://bscscan.com/tx/0x2cec27a5fbe9431f14748dbdd4b1a792cd3fc4b90e25da5d95c8fb9bfcd28775
2023-03-22 14:10:36,True,2.458e-10,7.533e-13,12206300000.0,0.0919,0x66...fc7f,https://bscscan.com/tx/0x37dd49dc4c7dc23bd9db8e3cfc18c69d16f045b8ae47728aa015b92213ea51e4
2023-03-22 14:09:42,True,2.445e-10,7.533e-13,3239575225.0,0.0244,0x3c...c38a,https://bscscan.com/tx/0x44e39313a42a64d8ba61cd8e5125659d21cc6e06a004b3eba8253a8563ed562e
2023-03-22 14:08:51,True,2.457e-10,7.533e-13,4778407515.0,0.036,0xf6...14c1,https://bscscan.com/tx/0xcb3d528443c9ad2a588086e9fddbab602fd6d4ae15fdcacd603ab9ddd24be6df
2023-03-22 14:08:30,True,2.457e-10,7.533e-13,15000000000.0,0.113,0x97...65bb,https://bscscan.com/tx/0xbca12a0d9ddb53bbf3b85feff5f774ab4878afd7c91c16ce1e586b5fbf7805d9
2023-03-22 14:06:39,True,2.457e-10,7.533e-13,14400000000.0,0.1084,0x55...a398,https://bscscan.com/tx/0x6010badbfcbea7028269055b6187c2704e8e91dc144ab2f440ae4c8a4fcd7275
2023-03-22 14:05:57,False,2.445e-10,7.496e-13,21907682978.0,0.1642,0x06...77d9,https://bscscan.com/tx/0x958fa04d8b1eb0209144588f40bc05b469c059f8ae2b327a41ad3b141d4835cc
2023-03-22 14:05:48,False,2.445e-10,7.496e-13,1291420764.0,0.0096,0xa3...3c20,https://bscscan.com/tx/0x01317198a1053f4544397d76fbe5d2a93ab31b66e2d86f132cefe0b9dcec2d0a
2023-03-22 14:05:12,True,2.457e-10,7.533e-13,31569866268.0,0.2378,0x97...ba73,https://bscscan.com/tx/0xe422daa1d4d0a4aa1c4f2b328fb4c14a8ee4e59655132faefe33bb6b1854af61
2023-03-22 14:03:24,False,2.451e-10,7.496e-13,12023852949.0,0.0901,0xfe...677f,https://bscscan.com/tx/0xf62e8b234df983acf6f0158b3151b3b589d5ba82178ad912f28dadd34cec10c7
2023-03-22 14:02:48,False,2.439e-10,7.496e-13,5763168149.0,0.0432,0x18...0038,https://bscscan.com/tx/0x94dcc5f22fba3090105c7de3fc35a234d88b790af0c8637128a954633b3821d1
2023-03-22 14:01:33,True,2.452e-10,7.533e-13,103820692408.0,0.7821,0xf5...b034,https://bscscan.com/tx/0x4d7a1820336d41d7d3e7264487e51827ebefc370c229c95c38772d065097ceda
2023-03-22 14:00:45,False,2.441e-10,7.495e-13,5511208729.0,0.0413,0x39...1d4b,https://bscscan.com/tx/0xff35554c8671daf09dc887eab8fcc934e59d572f508ea3f92d37521b1b859f50
2023-03-22 14:00:24,True,2.465e-10,7.533e-13,2000000000.0,0.015,0xbd...7ba5,https://bscscan.com/tx/0x44efc02a5f2ea88c0c235fdc549c883e9f6c3af4ccf3f6c9fde2689417a98ecb
2023-03-22 13:59:42,False,2.441e-10,7.495e-13,47604448004.0,0.3568,0x95...3017,https://bscscan.com/tx/0x9d1983d2443d5a8b58bf1ec5cb13bdb31cabf0c6e809254e726cabb2afdedc71
2023-03-22 13:59:30,False,2.441e-10,7.497e-13,773595883818.0,5.7999,0x7c...3c9e,https://bscscan.com/tx/0x2f79e401275a9119f298c863503893cf2fca8369976ba25ca7e724f9f63fc5e8
2023-03-22 13:58:18,True,2.453e-10,7.536e-13,19655246868.0,0.1481,0x12...c13d,https://bscscan.com/tx/0x1b6c5fc360391b6e2ae6793c51f072ce5d180a32ad88a848795e5d87418dc07c
2023-03-22 13:57:03,True,2.454e-10,7.536e-13,8090000000.0,0.0609,0x2b...08da,https://bscscan.com/tx/0x64317086e814d973d6ad132fa0f98fc0166688cc30375d84d158d9e56dd87186
2023-03-22 13:56:00,False,2.454e-10,7.498e-13,61037970820.0,0.4577,0x63...e32d,https://bscscan.com/tx/0x592bc19f70e873b6124e930c82d8dea71a5b79c5c9d9e736f5fb5526e4c6eada
2023-03-22 13:54:30,False,2.454e-10,7.498e-13,17100000000.0,0.1282,0x6c...2c94,https://bscscan.com/tx/0x0efbf2364946b11c79f15659702d9ffa531399bb1933ff2a458a1dfb6ee2d21a
2023-03-22 13:54:27,False,2.454e-10,7.498e-13,14636568964.0,0.1097,0x55...ba3d,https://bscscan.com/tx/0xb413c8c95f7d05e0ab80fb6e735e9002ab02f5fd99c6605357bb61c1faf56eed
2023-03-22 13:53:51,False,2.454e-10,7.499e-13,193501464838.0,1.4511,0xdc...3eb9,https://bscscan.com/tx/0xcd6adee773b3b7568eae59c22a46b66bf3299af7530ea695a43ebc6486cc7d6c
2023-03-22 13:53:33,False,2.454e-10,7.499e-13,4656794119.0,0.0349,0xdb...fbde,https://bscscan.com/tx/0xc3c837acf33d134b956bb811ddc5b48d0aefcffd69243e440e761e8edbf80b48
2023-03-22 13:53:03,False,2.441e-10,7.499e-13,48133583338.0,0.3609,0xc3...dac2,https://bscscan.com/tx/0x7935702ced3908ea4dcd03609e5999725dd4d7270dbe9b0b23bc78a2aa34a3bc
2023-03-22 13:51:00,True,2.451e-10,7.537e-13,2348942835.0,0.0177,0x55...2ce8,https://bscscan.com/tx/0x8e20b596fc51a33dfeb22f9896196d754138f111f5604e8d99b93f4e64ab0dae
2023-03-22 13:50:21,True,2.452e-10,7.537e-13,200000001.0,0.0015,0x00...2c05,https://bscscan.com/tx/0xf44557d8e5eb266de3fbb172e6552132493f873011b7f0de88ad58f580dbac0b
2023-03-22 13:48:48,False,2.452e-10,7.499e-13,3401825462.0,0.0255,0x8e...8b3d,https://bscscan.com/tx/0x9c7d8018ab43eb1dc43674b086862307a15579eaad07b54874780498fd517f7d
2023-03-22 13:47:50,True,2.466e-10,7.537e-13,76789711976.0,0.5787,0x72...bed0,https://bscscan.com/tx/0x050735b4a8e93b1338b6538ff2b5e0f58278ab1698d30172ac0a4e8f25ad8ba6
2023-03-22 13:46:56,True,2.452e-10,7.537e-13,19901732538.0,0.15,0x3e...cceb,https://bscscan.com/tx/0x4e94ecd9df35274a94086a4accd60f54ba01a3fd7a4e3bb64b1b0211e4aa499f
2023-03-22 13:46:32,False,2.453e-10,7.499e-13,6661372434.0,0.0499,0xa0...1560,https://bscscan.com/tx/0xbb55d95f5037f2397989e4a9b559bf50e5787400fb7f5a649a8ec29814fc54c0
2023-03-22 13:43:26,False,2.443e-10,7.499e-13,37175656655.0,0.2788,0x92...1446,https://bscscan.com/tx/0x3eacb5a1922bba69e9c4f431af475ae7669e509a14789ffcfd92b3a5af3e259d
2023-03-22 13:41:54,False,2.443e-10,7.499e-13,64991468553.0,0.4874,0x9a...2208,https://bscscan.com/tx/0x902f9f2c3628371a577d3aad42654f02451092ee722b268743400d94291687a0
2023-03-22 13:40:30,False,2.444e-10,7.501e-13,1182457941679.0,8.87049,0x76...4824,https://bscscan.com/tx/0x33795c9e0ecf797e3a84723a594130f2652d8933dd41ebdb30333f6d762d1b62
2023-03-22 13:39:27,True,2.457e-10,7.541e-13,1010000000.0,0.0076,0x9e...3703,https://bscscan.com/tx/0x8142da16f8e45fd461678ba5b4540940f8651a6419ae28adfe3e3fcedc10c2ee
2023-03-22 13:39:24,False,2.444e-10,7.503e-13,5954526953.0,0.0446,0x5f...cbc0,https://bscscan.com/tx/0x8ed94da949adfd82717754532f66fdab378d08ffe8cd2e176d7fe645c47f84d4
2023-03-22 13:39:06,False,2.444e-10,7.503e-13,5954526953.0,0.0446,0x5f...cbc0,https://bscscan.com/tx/0xa3f06cd988aa32fb21a40f560a4b17c4d99e50ca42a173a17cabe2fdf9cb1cd8
2023-03-22 13:38:30,True,2.457e-10,7.541e-13,39780598388.0,0.3,0xaf...5ea0,https://bscscan.com/tx/0x48d372f970a522c4b1d63f55beed276be5438d8656cd4928f302fe2fee8a2b3c
2023-03-22 13:38:24,False,2.444e-10,7.503e-13,5954526953.0,0.0446,0x5f...cbc0,https://bscscan.com/tx/0x8c59472de7366c7864333fb318853f9969ec37b60fc48fba0d77a708cfd7e15b
2023-03-22 13:38:12,True,2.456e-10,7.541e-13,4000000000.0,0.0301,0x2a...d51f,https://bscscan.com/tx/0x1078377991fb036cfffa40e0d6c603d72740eabd9904a3c40278d440010a6924
2023-03-22 13:36:44,False,2.444e-10,7.503e-13,21909096179.0,0.1644,0xb4...fa47,https://bscscan.com/tx/0x6ccc39845dfad3d45a81e0cad468bf8407f491bb7696ad0cf70c2f64b03af09c
2023-03-22 13:36:11,True,2.457e-10,7.541e-13,3568611253.0,0.0269,0xd5...ce36,https://bscscan.com/tx/0x1a52dfb66c82f0b3a54d53fcf9cee9f2701e14255c37d5092141ee3f09fce9a8
2023-03-22 13:34:20,False,2.456e-10,7.503e-13,27340381745.0,0.2051,0x1f...b131,https://bscscan.com/tx/0x3fe73f0ef4a411ef2a510734ba9225afe275000a46ce053e1d80d1b06f0a015e
2023-03-22 13:30:59,True,2.469e-10,7.541e-13,2958958818.0,0.0223,0x15...4042,https://bscscan.com/tx/0x690c0ff56822b2fec1ccb2fe6e2086326f1bb2ce819d2fad1d07616e012aeb10
2023-03-22 13:29:53,False,2.456e-10,7.503e-13,14265791621.0,0.107,0x70...54f9,https://bscscan.com/tx/0x47741be182d4ab5b85f22de1b06d9e422b792b2242620334f4cffbb65771a728
2023-03-22 13:26:29,True,2.469e-10,7.541e-13,10989834031.0,0.0828,0xc5...5b50,https://bscscan.com/tx/0x678f8a81db10af8a9e6fa86dc0926b1e79d51a79c3fcb641b930c80ad3088ff6
2023-03-22 13:25:23,True,2.469e-10,7.541e-13,464101163.0,0.0035,0xe0...49ef,https://bscscan.com/tx/0x9a0459f7ed768d560f92079c017b729a4a993dfb94d109d8cc8f1713004bf98d
2023-03-22 13:25:14,False,2.456e-10,7.503e-13,10529118298.0,0.079,0xd1...3821,https://bscscan.com/tx/0xb0815054569d998ed8e4d75d674adb8c034483e3afbddf35861b7726580b1502
2023-03-22 13:24:20,False,2.457e-10,7.503e-13,26573840387.0,0.1994,0x82...b55b,https://bscscan.com/tx/0xa7e76e6e09a62bb7d54cf588b3a5468a848713803a51cab83cccb69cd77b455a
2023-03-22 13:24:11,False,2.457e-10,7.504e-13,110489201635.0,0.8291,0xdb...dcfd,https://bscscan.com/tx/0xf7bebf6296fc33e316bc0cef8be626df9c702236c5ea678e75a0111701200c57
2023-03-22 13:22:53,False,2.457e-10,7.504e-13,333553413857.0,2.50327,0xe2...1f2a,https://bscscan.com/tx/0x38d9e8eeb1a03976b7c08f8cf890c5ea78eb4440fbd50b9aa5af4b9520704c8b
2023-03-22 13:19:44,True,2.454e-10,7.543e-13,6094459433.0,0.0459,0x63...01a8,https://bscscan.com/tx/0x417af796282c3997fb96b68117ed74cbcf233c5548807aa32a57e2950dafef02
2023-03-22 13:19:38,False,2.442e-10,7.505e-13,304681912048.0,2.28692,0x8b...e386,https://bscscan.com/tx/0x274d7eb9ccd48c0912ebe5773cbd94ae3be84d1b27d47d53062e372184fc07d9
2023-03-22 13:19:32,False,2.442e-10,7.506e-13,7339236267.0,0.055,0xc8...bcba,https://bscscan.com/tx/0xda4ed54a558ef5245a6f645139f5c4821891ec78b34d65f4f5a32c993840b67a
2023-03-22 13:18:14,True,2.462e-10,7.544e-13,4335996523.0,0.0327,0xe0...49ef,https://bscscan.com/tx/0xb2cbb8882312dc7e2faf33f7d6cd5b7b4efc7cb9115345e074b5d162433eafeb
2023-03-22 13:17:26,False,2.449e-10,7.506e-13,80953221342.0,0.6076,0xc1...98f1,https://bscscan.com/tx/0xc72f0757267fb22806f98ec934d11b35a0c658fc2bb7035da0a232c88946cfc3
2023-03-22 13:14:47,False,2.445e-10,7.506e-13,2625544022.0,0.0197,0x90...355e,https://bscscan.com/tx/0x8ca157adce4a250ec3f55644b419be33bfe5746296415e739a3b6a1f08e6aacb
2023-03-22 13:13:23,False,2.442e-10,7.506e-13,8262343737.0,0.062,0x44...e373,https://bscscan.com/tx/0x474cfc144da10704d2b3d96ce728a7fbadcd5ec66d34d173331cb31167f20003
2023-03-22 13:12:04,True,2.442e-10,7.544e-13,12687360591.0,0.0957,0xf1...ed43,https://bscscan.com/tx/0x28dad2a15c2f67b8fe0133361180bd45c1fb4fb8af4e0373b7a2eacb751ea084
2023-03-22 13:11:04,False,2.425e-10,7.506e-13,10531416039.0,0.079,0x24...f8fe,https://bscscan.com/tx/0x90c80d93e28ce26a033397f4aefcfeeaf72ade57cb1b01f13e197f1dc29a3b16
2023-03-22 13:08:52,False,2.431e-10,7.506e-13,19292867926.0,0.1448,0xc9...1d1e,https://bscscan.com/tx/0x79396b3010af184d8bf851fa5f1fa3a4203aaf69fcd5edea476f72b1bac385cd
2023-03-22 13:08:36,False,2.431e-10,7.506e-13,22500000000.0,0.1689,0x91...9b98,https://bscscan.com/tx/0x24ef2df7b84f626bdf5d23791e268209c904b867e7dd17a3b35cd2dc5649c879
2023-03-22 13:08:33,True,2.444e-10,7.544e-13,37378173737.0,0.282,0xaf...5ea0,https://bscscan.com/tx/0x8ecc6ea2ec8815f8ade159794d11e91f30110296f9e977ca0abc8b4211228f45
2023-03-22 13:08:19,True,2.431e-10,7.544e-13,200000000.0,0.0015,0x0c...ca52,https://bscscan.com/tx/0xe90d7eb5802b715739845469032eb9f73901ee966c47f4271917b1090e7556ed
2023-03-22 13:08:07,False,2.431e-10,7.506e-13,14265788866.0,0.107,0x70...54f9,https://bscscan.com/tx/0xf4b40110e701d900e282088b82e67e01896e48cef1d2c7bdc136477907bd0ff7
2023-03-22 13:05:55,False,2.431e-10,7.506e-13,5667023383.0,0.0425,0x9f...adf0,https://bscscan.com/tx/0x9c5c941991d3b6e3a6070e984890c511fbeb04fd32df4c847d6f5f73618822d9
2023-03-22 13:05:01,True,2.444e-10,7.544e-13,66273301.0,4.999e-05,0x3c...65fd,https://bscscan.com/tx/0xabc674bb03567e83c56bcfaf9d03eb8184ee9cda9f5535354c2292c4ccd28a69
2023-03-22 13:03:46,False,2.435e-10,7.506e-13,28975768712.0,0.2175,0xfe...b031,https://bscscan.com/tx/0xdfb842cdcdcb5597e094d521cd84ee7f36700238dcab85b450eeb7facbeb3cff
2023-03-22 13:03:07,True,2.447e-10,7.544e-13,2039774079.0,0.0153,0xbb...764c,https://bscscan.com/tx/0xb09a7ee8431df5c03cc9215e7941a4ecf7c1e8f21a3127aacd29095dbbaafcc3
2023-03-22 13:00:28,False,2.425e-10,7.506e-13,13761374164.0,0.1033,0xb2...35e7,https://bscscan.com/tx/0x4220a58098c383e099d42d201a19f03748208aed595d444ea3962c1f5d249405
2023-03-22 12:59:06,True,2.45e-10,7.544e-13,6099459982.0,0.046,0x00...dda3,https://bscscan.com/tx/0xa53d6eee964c73fb9bf612b6f402409e8f7ded2c2c6b17233a0c48d2367dca41
2023-03-22 12:53:21,True,2.454e-10,7.544e-13,122363841.0,9.231e-05,0xf9...f443,https://bscscan.com/tx/0x91f16dc2eb0d76b471cec90c564234c8269264ab9f542f807d4a6ba27efb6cda
2023-03-22 12:53:03,True,2.442e-10,7.544e-13,29239842309.0,0.2206,0xea...5ce2,https://bscscan.com/tx/0xcec866c615a9ea9fd1c786682f54966eae819d92aa695a8e06c0da5f2b85a40b
2023-03-22 12:52:48,False,2.441e-10,7.506e-13,4500000000.0,0.0337,0xb8...ac86,https://bscscan.com/tx/0x8a8d8b77afe0fde548a1fa17de5b29d0c863048f74263a7bfd22eef53d7cb7a0
2023-03-22 12:52:02,True,2.453e-10,7.544e-13,146100340625.0,1.10222,0x83...629a,https://bscscan.com/tx/0xf69ea40e7f9a6f2738e745fb3e483ebb87a9f40cbbd8679acc06dc7b781b3aa9
2023-03-22 12:51:41,True,2.441e-10,7.543e-13,122222000000.0,0.922,0xf4...0cce,https://bscscan.com/tx/0xf08a4166f332ca69f61bb79c7fe63344ece3298a29b1a72282f2829561ea5e6d
2023-03-22 12:51:05,True,2.445e-10,7.542e-13,396382658049.0,2.9899,0x4e...27ed,https://bscscan.com/tx/0x74ab9f6f514d5cb50ff05a2f5fec376ff39040ccd0584abbb0bef557f27fa84b
2023-03-22 12:50:35,True,2.457e-10,7.542e-13,111673868511.0,0.8422,0xb3...0f71,https://bscscan.com/tx/0xb6b66453e9b2a2a4a44ad54275ee8de6abf6feba49a831bdc62508ad1bd4ec50
2023-03-22 12:48:32,True,2.444e-10,7.541e-13,32000000000.0,0.2413,0x93...e33d,https://bscscan.com/tx/0xbf8b668e13a7368a43e00c39832e4f373e3efe96e2380c9f0b0fddbb3e6c00e0
2023-03-22 12:48:32,True,2.444e-10,7.541e-13,13812467296.0,0.1041,0x6b...e146,https://bscscan.com/tx/0xccff6feaa90d3023282a03672711bc082635fc464579118ce8337894e49544c9
2023-03-22 12:47:44,False,2.431e-10,7.504e-13,10130868033.0,0.076,0x77...5bdf,https://bscscan.com/tx/0x90c3f5aa771c8263e6408ce4a86a71ff40e2cbda61155b818de59f58fa701731
2023-03-22 12:46:35,True,2.444e-10,7.541e-13,36784971277.0,0.2774,0x9d...ea73,https://bscscan.com/tx/0x8e6f939c79d51ee0bb5b184395825e02e29eecbf93106fa1640bd855f4d9be2f
2023-03-22 12:44:56,False,2.445e-10,7.503e-13,3496453682.0,0.0262,0x45...359c,https://bscscan.com/tx/0xc1723c813f160bfa11a7d10fcee327f4ec7ae5060c2ca283ae0fb4403e20e128
2023-03-22 12:44:35,False,2.446e-10,7.504e-13,22500000000.0,0.1688,0x2d...0a2d,https://bscscan.com/tx/0xf70a0f8f48e4a72b03846f917d53bdb0b9ec854da8587dc8fda5f34b6672d08e
2023-03-22 12:43:59,True,2.447e-10,7.541e-13,2200000099.0,0.0165,0xd9...efce,https://bscscan.com/tx/0x8696c935a8303c398a670503cd334ae071d5bb3fa0f3ad51282a44f6384f9fea
2023-03-22 12:43:32,True,2.447e-10,7.541e-13,219429158.0,0.0016,0xed...9cd5,https://bscscan.com/tx/0xa7a2303b598118d572d5fee0e63281246139c3dabca5e459d14381f0082851ab
2023-03-22 12:43:17,False,2.44e-10,7.504e-13,45002039932.0,0.3377,0x93...e33d,https://bscscan.com/tx/0x8ca956873c10cdae94cfb74b6138a76ac27a3350c62472c0ee378a06b88bab5a
2023-03-22 12:42:59,False,2.44e-10,7.504e-13,4715040186.0,0.0353,0x0b...a9da,https://bscscan.com/tx/0x46e2056a74a92dbfc37041bc6cb6efd6ea9f65b60b47077adb97b89d7654bb27
2023-03-22 12:40:23,False,2.453e-10,7.504e-13,3575815419.0,0.0268,0x23...4662,https://bscscan.com/tx/0xbfa35de906b7eb1d9fca6384de6761f3c2cf77c40943b66be4713fa362f5aa16
2023-03-22 12:39:41,False,2.453e-10,7.504e-13,4813407084.0,0.0361,0xd8...2728,https://bscscan.com/tx/0x345483db866b6494b1d36b1c48c427b129a6afba5083d79cc3e6c41a85c05e96
2023-03-22 12:34:29,True,2.468e-10,7.541e-13,4500000000.0,0.0339,0xd9...1a21,https://bscscan.com/tx/0x2510b000e0c039424663d324532dfd056bf17f3eb2e0dbc5b2a827dbd3bab3db
2023-03-22 12:30:38,False,2.443e-10,7.504e-13,7743821594.0,0.0581,0x42...6582,https://bscscan.com/tx/0x9103ba482d9d6efd0da80ab78425bf8255850c1e46203ea3d50db58ec358b9c2
2023-03-22 12:29:50,False,2.455e-10,7.504e-13,11335385072.0,0.085,0x1f...09ba,https://bscscan.com/tx/0x8f357517daa89b577d985496a08549be5f85ea59b6f3d620e5f6b000358edf0e
2023-03-22 12:28:56,True,2.454e-10,7.541e-13,1152965404.0,0.0087,0xed...9cd5,https://bscscan.com/tx/0xddb422f20ec0b4726f17bda12fa0d2fbd7e75337d852b1ed3fc2075e0f3fe63f
2023-03-22 12:28:56,True,2.454e-10,7.541e-13,1325913959.0,0.01,0x7d...f32b,https://bscscan.com/tx/0x189bd26a01d0d14013327fd4fababaa63a4f698a2a4b9f84b02c1554676d15db
2023-03-22 12:28:29,False,2.455e-10,7.504e-13,1191938210.0,0.0089,0x23...4662,https://bscscan.com/tx/0xbeeb15f7e479e5a45b4a97a8b6b68475851747473fccc94910e686e083a21a16
2023-03-22 12:27:47,False,2.442e-10,7.504e-13,2070000000.0,0.0155,0x44...57b3,https://bscscan.com/tx/0xd5fc0c14a5e3fe5d5f7f5f9175cadb12d56a210e29422ffc9b8ebaa592c25844
2023-03-22 12:27:38,False,2.442e-10,7.504e-13,91843904013.0,0.6892,0xa2...ab73,https://bscscan.com/tx/0xca8c54d52d4279a6e803c849df821ca7b2df30c2a769ae66741dbe66cfbbc5ff
2023-03-22 12:23:00,True,2.466e-10,7.542e-13,140235019515.0,1.05766,0xfb...b975,https://bscscan.com/tx/0x6059b2b06e09241eab638ac5f96625cb7e61e337c4fb6556f39dca65cf4d13cb
2023-03-22 12:21:56,False,2.454e-10,7.504e-13,215884424241.0,1.62011,0x5f...37f7,https://bscscan.com/tx/0x198c02d799682bb34fe60c1856925adfc8e9e0e99812520631f7f76f90269c7f
2023-03-22 12:21:08,True,2.467e-10,7.542e-13,10000000.0,7.542e-06,0x6f...20b8,https://bscscan.com/tx/0xbae443c0f02ac078e68dc6f1ad87b5f165f4716eb2850f3b368165f1388ed917
2023-03-22 12:21:08,False,2.455e-10,7.504e-13,2430140739.0,0.0182,0xbe...a1a6,https://bscscan.com/tx/0x4a56fda84c8119e1a6b7a75d037a77a71f4d712255ee80fa4ac9ad88e1eddba2
2023-03-22 12:20:35,False,2.455e-10,7.505e-13,103562213210.0,0.7772,0x46...e5ee,https://bscscan.com/tx/0x52081abcec809f02576877d80c37b905d6264f596a8ad10c199c13753129bcf2
2023-03-22 12:19:29,True,2.455e-10,7.542e-13,6642065963.0,0.0501,0x15...4042,https://bscscan.com/tx/0xe32e25b34d7a3c7bef67eae8dac2ca2755d140734e6aab3dfb16c164e0321a49
2023-03-22 12:17:23,True,2.452e-10,7.542e-13,132181515194.0,0.997,0xea...6707,https://bscscan.com/tx/0xec1307a48a7bf0a6dcf65c35f9dcdbf3616f027c37c7a952bc34036463ebbd25
2023-03-22 12:16:50,False,2.439e-10,7.504e-13,13240208452.0,0.0993,0xec...a74d,https://bscscan.com/tx/0x2d51d3ce87888066c4598ac2d0045f8e388537b2fd9a81180de400f229990678
2023-03-22 12:11:08,False,2.449e-10,7.504e-13,30229887098.0,0.2268,0x9c...e3f1,https://bscscan.com/tx/0xfd186201e50561244078296aa12b3cd56bec8157e15e346c7b7a59c48adf286d
2023-03-22 12:10:20,False,2.449e-10,7.504e-13,38153704598.0,0.2863,0xe1...bfb4,https://bscscan.com/tx/0x4ed49ce32dc1332ae9bfabe8dd75d9cbcd8f941a3124dcfa23446ac086e01d47
2023-03-22 12:09:20,False,2.449e-10,7.505e-13,59400000000.0,0.4458,0x9e...0afb,https://bscscan.com/tx/0xa3e53663100828e9a1fb92c529d97c6dd7e2a9d090f201b1803fd905a30a5006
2023-03-22 12:08:56,False,2.449e-10,7.505e-13,27796818210.0,0.2086,0xf1...793a,https://bscscan.com/tx/0xbd38a2db7245692ce150e747ee0063e8eb46dcbbf12dc72d11a178b434a6d4e9
2023-03-22 12:08:47,False,2.461e-10,7.505e-13,21690875688.0,0.1628,0xe4...f6f8,https://bscscan.com/tx/0xd03ded2abeabe732cd818df23197c6ca2fec7956dcb809d07fa2e3040b208198
2023-03-22 12:06:17,True,2.474e-10,7.543e-13,11000000000.0,0.0829,0xc3...7f84,https://bscscan.com/tx/0x7d77caa84e5b098ff5cdc05abea08242a20e2e3f5aa6ad828a5298406b80ce67
2023-03-22 12:06:08,False,2.449e-10,7.505e-13,59623454238.0,0.4475,0x77...bd1f,https://bscscan.com/tx/0x161dab04eabcde1b05d1c022c161f59c63fb7ceabbac42558816a96baebc29d6
2023-03-22 12:06:05,True,2.462e-10,7.543e-13,1509651510.0,0.0113,0x6f...fa13,https://bscscan.com/tx/0x5c5174786c4ba6c8e2194be512706f88f5973ed4821c0ad2afe79278d4e294cb
2023-03-22 12:05:50,False,2.463e-10,7.505e-13,44100000000.0,0.331,0x89...1bcb,https://bscscan.com/tx/0x4d3213f9de6d3c9eae707347e11bc83f36f2480a2ac5363eb67f0c629ae68fd1
2023-03-22 12:04:17,True,2.462e-10,7.543e-13,7112195834.0,0.0536,0x49...8415,https://bscscan.com/tx/0x611256f83fd5ccf8cfa6c4233b6dd8abf25098ba40594ba3c0e8910e939d01fe
2023-03-22 12:04:11,True,2.462e-10,7.543e-13,38000000000.0,0.2866,0x35...1ad7,https://bscscan.com/tx/0x7a952fe30a7ce03b0c34a1e32fe5b53c671d4c362438f6d0df4c577e0464c7d5
2023-03-22 12:03:47,False,2.462e-10,7.505e-13,14703583415.0,0.1103,0x8f...f857,https://bscscan.com/tx/0x1287efbdfcf4be5be5cbd986819ae96f76208eee14b0c2abddfdab0dbd823d59
2023-03-22 12:01:56,False,2.449e-10,7.505e-13,6837402617.0,0.0513,0xbb...f978,https://bscscan.com/tx/0x6810986e66d749f056ddaf28a1b9910565835a28a71e47456928ea37c3baeff6
2023-03-22 12:01:35,False,2.462e-10,7.505e-13,24918072153.0,0.187,0x69...b3dc,https://bscscan.com/tx/0x9a4bf26cc5eb54e16911ffe773d18bb8d7f4cad31e2683da4ac920e0f7b9f4ab
2023-03-22 11:56:50,True,2.47e-10,7.543e-13,1000000000.0,0.0075,0x5c...8058,https://bscscan.com/tx/0xea1bc01b3ce29201846a48ebe444315bfee213b31d2ea819e6dbd516dd3a9331
2023-03-22 11:54:26,True,2.47e-10,7.543e-13,691401130.0,0.0052,0x7c...47e8,https://bscscan.com/tx/0x1ab5d48f7298bb03526373f7ced87ff7adf2ab2fa23c80594f173e242d9c49bc
2023-03-22 11:53:26,False,2.457e-10,7.505e-13,107545422684.0,0.8072,0x27...bc54,https://bscscan.com/tx/0x95da1e5a0dc49e7c1e03040d0b66287da2941e45b075237910c1f9a364b0fa8c
2023-03-22 11:52:20,False,2.457e-10,7.506e-13,86929068618.0,0.6525,0x9b...6aa6,https://bscscan.com/tx/0x0176dc21cdad82f2bd3747f36bc212d2e841b0627415ca82908323f275de7ab4
2023-03-22 11:51:53,True,2.469e-10,7.544e-13,1000000000.0,0.0075,0x39...0f73,https://bscscan.com/tx/0x928b66ceb42abdac849e0c6451b1474d554ddcbed55c4abdb6ca20d7a8149bf7
2023-03-22 11:51:47,True,2.469e-10,7.543e-13,133679109154.0,1.00845,0x04...6dbe,https://bscscan.com/tx/0xa8f8d19d5dc2e7190ad573194fd5bbd843fe10e1c6dbe2ccbf01d137eca0646d
2023-03-22 11:51:44,False,2.457e-10,7.505e-13,27000000000.0,0.2026,0xa1...6779,https://bscscan.com/tx/0xef77a00087e91188b00cf95cdac5574353aeb7109580b69e24eff8aac606bfa7
2023-03-22 11:49:56,True,2.469e-10,7.543e-13,9000000.0,6.789e-06,0x39...0f73,https://bscscan.com/tx/0x298207db2c10a7edd32a98920e401ebf2e41a7448a04b6b7da2b29144ddabcaf
2023-03-22 11:47:50,True,2.47e-10,7.543e-13,2000000000.0,0.015,0x39...0f73,https://bscscan.com/tx/0xae79aad977bf794e4c32ff601d29f488163d3b7220f97413278173bcaa11671f
2023-03-22 11:45:47,False,2.458e-10,7.506e-13,9592290001.0,0.072,0x43...cbf7,https://bscscan.com/tx/0xe3485862821c7fcd14056851101c6d18c566ed37eaa498083ff47174bf473e3c
2023-03-22 11:44:26,False,2.457e-10,7.506e-13,63708638922.0,0.4782,0x19...5970,https://bscscan.com/tx/0x3855cf163b346294c1de6c18cb7c04d97e2e7e4bd9d4c6e50f4561473acf2580
2023-03-22 11:43:59,True,2.457e-10,7.543e-13,10000000000.0,0.0754,0x43...5856,https://bscscan.com/tx/0xff4c396477b0a06df2a7b232b30e903a5ad85155c35191f3deda2770b564eaf1
2023-03-22 11:41:23,False,2.443e-10,7.506e-13,27000000000.0,0.2026,0x6e...6cc1,https://bscscan.com/tx/0x665ad387ec120cd4b13ffdeabe605d2e0594ad332b11050ac8d3123e65b2dfe8
2023-03-22 11:39:11,True,2.454e-10,7.543e-13,1219514684.0,0.0092,0x74...f8a2,https://bscscan.com/tx/0x042d7ccbe523f13bca3948fbf6f7355fad7360551001dbba685575db8c17e3dc
2023-03-22 11:38:35,False,2.453e-10,7.506e-13,25137799990.0,0.1886,0xd3...ab25,https://bscscan.com/tx/0xf98637a4f8758f380732bef1673eb8ff0eb1b01d5d8ae7557fef31e0b938742d
2023-03-22 11:38:02,False,2.453e-10,7.506e-13,90000000000.0,0.6755,0x93...5644,https://bscscan.com/tx/0xffc17b48039d00bade770dd5a1db96b13c0f737cbd1f11db2f8662bf4535e806
2023-03-22 11:37:05,False,2.453e-10,7.506e-13,49950000000.0,0.3749,0x1c...25d2,https://bscscan.com/tx/0x8a5fed0dd5bd941fefcd42a659ff325c201484729dc5a3468958cee37e68ff32
2023-03-22 11:36:17,False,2.453e-10,7.506e-13,43248230937.0,0.3246,0xde...a64b,https://bscscan.com/tx/0x5df99a038fc33bed42e3a9606afe00111967446612465651e6299d1d8f49acb4
2023-03-22 11:35:05,True,2.468e-10,7.544e-13,11388617955.0,0.0859,0x1b...8584,https://bscscan.com/tx/0x6a7e2b6001274772d8a4f0218d270e599f4e99726eaa0bd05839212eb51cbdef
2023-03-22 11:34:50,True,2.456e-10,7.544e-13,941564443.0,0.0071,0x59...a9d8,https://bscscan.com/tx/0x432122e66444bd6addb1e2216bd07255a20be4d2aff346a65ea750a0a2724ab8
2023-03-22 11:24:56,False,2.479e-10,7.507e-13,309919557137.0,2.32672,0x0b...cd70,https://bscscan.com/tx/0x9fce33709f19aefdab8ccbe004300ac2f983e8cbb21f40d17828002293952e64
2023-03-22 11:20:20,True,2.504e-10,7.545e-13,11636296122.0,0.0878,0x33...96a9,https://bscscan.com/tx/0xf6a907b03fab4b092d6e72db8df3ca9ab951ba87d492f55458ba7c86cf324ea2
2023-03-22 11:19:11,False,2.481e-10,7.508e-13,8334896987.0,0.0625,0x13...3aee,https://bscscan.com/tx/0x09c4f270b6616b86aa562b9518e4475bd11542cdb13742d31181c6e9c5325732
2023-03-22 11:17:35,True,2.507e-10,7.545e-13,13689853518.0,0.1033,0xb2...1de1,https://bscscan.com/tx/0xe87a61274fced257426161a893f3c26543ef5f85179904585e703012c086c07d
2023-03-22 11:17:17,True,2.494e-10,7.545e-13,1000000000.0,0.0075,0x54...064c,https://bscscan.com/tx/0x3e3c0f42c047a97cd0de95ce3b23288e91129d1081970cb6466485d16fcd718d
2023-03-22 11:17:05,True,2.494e-10,7.545e-13,19934275648.0,0.1504,0x33...96a9,https://bscscan.com/tx/0xc7d89bc072449d600612c1042b0831155a80b7f2bf261fbb8f6871397167000a
2023-03-22 11:16:56,True,2.507e-10,7.545e-13,1029742499.0,0.0077,0xa5...7e88,https://bscscan.com/tx/0x49f2d767ff4d94b04d04b913351ed0ce7a58c000e0dfc0feb5e926b40ab899d9
2023-03-22 11:15:33,False,2.481e-10,7.507e-13,17100000000.0,0.1283,0xb4...76fb,https://bscscan.com/tx/0x225665f461be81cc858980d31c0d3b4522b1b96f1872f531b208972837843251
2023-03-22 11:13:26,True,2.504e-10,7.545e-13,28777232546.0,0.2171,0xeb...4d89,https://bscscan.com/tx/0x77e2020dcf34ad8630e5a834270b09ed8dc1c4f86f72e9030028cbe7ffc016e6
2023-03-22 11:12:20,True,2.509e-10,7.545e-13,28758921247.0,0.217,0xe8...03ce,https://bscscan.com/tx/0x7c38273da35e888b40c837ebe4fad6f24c767233f58989227194a55e8413e428
2023-03-22 11:12:20,True,2.509e-10,7.545e-13,8000000000.0,0.0603,0xbb...dd30,https://bscscan.com/tx/0x806659d30fedc4de56894586fb159dc5ba34e9b986a5dce52e7645f9685ca72c
2023-03-22 11:10:28,True,2.498e-10,7.545e-13,1764816548.0,0.0133,0x62...8c63,https://bscscan.com/tx/0xc9574900cd8ce50488f3d7a4af4603cd78b5888dff67926875782ad34ac30596
2023-03-22 11:09:26,True,2.512e-10,7.545e-13,5571777217.0,0.042,0x10...2c33,https://bscscan.com/tx/0xad81b51113b8233c2b54826d2d52afbd4229428422c6881d9c1f8d4bc1141946
2023-03-22 11:07:35,False,2.488e-10,7.507e-13,47049551174.0,0.3532,0x4a...f0eb,https://bscscan.com/tx/0x2ece03e6672d2ce8b08d27960776fee6d5f0b208e3f73062346a71375559d7a2
2023-03-22 11:05:20,True,2.515e-10,7.545e-13,13200000000.0,0.0996,0xf2...d7ce,https://bscscan.com/tx/0x08f766d950910f9268d9dcc7576fff379af5de73498f897e79ad4218b784bc58
2023-03-22 11:03:41,False,2.489e-10,7.507e-13,5400000000.0,0.0405,0x47...b429,https://bscscan.com/tx/0x20dec7cbad72e7eab0eb7cab52c7b27a74efb854dcef07a14ccab119507abb8d
2023-03-22 11:03:14,False,2.499e-10,7.507e-13,45000000000.0,0.3378,0x46...369d,https://bscscan.com/tx/0x000fbd6eb257aba3dc0833934fd595ec98bc82b845861a7b0c58bc6326f2b0af
2023-03-22 11:03:08,True,2.512e-10,7.545e-13,132132710966.0,0.997,0xdd...d9cc,https://bscscan.com/tx/0x6ef2e680c9129ba8a89fd50a25a742e143c732b62ca4001c184b4ca5fc859100
2023-03-22 11:03:05,False,2.499e-10,7.507e-13,15931191578.0,0.1196,0x57...e1d2,https://bscscan.com/tx/0xfd1758fae2f9641f5682ccdfa8d39cff36326c4b54ce4b50f1d90500d48e128f
2023-03-22 11:03:02,True,2.512e-10,7.545e-13,4535344209.0,0.0342,0x00...40b9,https://bscscan.com/tx/0x82d9b905deb2241e41604f7f236c52d809e7b3251de6919752d4dd0bc2fe1a8c
2023-03-22 11:02:59,False,2.499e-10,7.507e-13,45945311900.0,0.3449,0xbc...64a0,https://bscscan.com/tx/0xcbe3eb0eb56ebb49f16221a5e666b5532efaa5ca760169591a64e1a60c6ed190
2023-03-22 11:02:17,True,2.506e-10,7.545e-13,1268178604.0,0.0095,0x15...4042,https://bscscan.com/tx/0x61ba8cc7e027c84084bd5c369b3c823f147d87ba40bcaf67751ced3a436b566a
2023-03-22 11:02:14,True,2.506e-10,7.545e-13,11205000000.0,0.0845,0xd8...e6ce,https://bscscan.com/tx/0x3c9ed375990471471b64664e6286d5a770f8a79e4810b6a38aa2b34fed2030fe
2023-03-22 11:01:08,True,2.495e-10,7.545e-13,11337262824.0,0.0855,0x7d...4590,https://bscscan.com/tx/0xac8aab4ae3ee43ee376df5e9849c1c137c99f89a8bbedc2f09221a325e0edbaa
2023-03-22 11:00:41,True,2.499e-10,7.545e-13,14086005598.0,0.1062,0xc0...4706,https://bscscan.com/tx/0xcb036d4838cd18eae4e35430b118cdf2380e2abb35a9b076479ba16da72071de
2023-03-22 11:00:17,True,2.5e-10,7.545e-13,40009098921.0,0.3018,0xfd...d281,https://bscscan.com/tx/0x48e5d8b84ca581c428c16b96e70e6144d4e644cb199cfcd50afa04fefc920b46
2023-03-22 10:57:05,False,2.481e-10,7.507e-13,287701004610.0,2.16005,0x15...04c1,https://bscscan.com/tx/0x656afbf30880528cf3b0c79fdb3089e7f4f67c8fe0d6464565a7e8c203150a87
2023-03-22 10:54:23,True,2.508e-10,7.546e-13,752703948.0,0.0056,0x50...b4cb,https://bscscan.com/tx/0xc1e9265c898836e0bd5c76f18c68bae4c12608ab84a2d3071349033d67f065d4
2023-03-22 10:54:17,False,2.496e-10,7.508e-13,26100000000.0,0.1959,0x28...59ae,https://bscscan.com/tx/0x2113a0a0f93ca7c798ddb747acc1e830a56b5e651035bc6f600f06a71bf51e90
2023-03-22 10:52:23,False,2.48e-10,7.508e-13,18746325775.0,0.1407,0x7f...6e1e,https://bscscan.com/tx/0x21448dc5438122218ccce95df9489c80b2308565af65a0b3e09a108d9a8ea4e2
2023-03-22 10:50:59,False,2.482e-10,7.508e-13,12737025738.0,0.0956,0xf4...5c02,https://bscscan.com/tx/0x9912a86fdb68d10e3fbc4bebdbdd5b1097495de9e248f67c154499a0eaf52db2
2023-03-22 10:47:35,False,2.483e-10,7.508e-13,12494897430.0,0.0938,0x35...dba8,https://bscscan.com/tx/0xe4c03209555759a6076b024a24b4c85f93638539fb153eda83294dfe7163cad4
2023-03-22 10:47:29,False,2.497e-10,7.508e-13,143106941828.0,1.07458,0x7c...b0b2,https://bscscan.com/tx/0x47cf70b03e42ceeefcd3be3e67a2623c98960604f9aa1ded55d926caa4f02148
2023-03-22 10:45:56,True,2.502e-10,7.546e-13,999991000.0,0.0075,0x62...d5a7,https://bscscan.com/tx/0x653501498de8ff5b956f6d8e2fc67e0abe492517b9b5d2e3102876729662c3a9
2023-03-22 10:43:38,False,2.493e-10,7.509e-13,216000000000.0,1.62206,0xd7...3fcb,https://bscscan.com/tx/0x461d4b723d2b313f099a6f8e926eb29e7231ee0396403966a70bd594f5055cb7
