datetime,buy_order,price_USD,price_native,amount_token,total_native,maker,etherscan_url
2023-04-01 08:42:08,False,2.771e-10,8.786e-13,2523763066.0,0.0221,0xed...b4ed,https://bscscan.com/tx/0xa905263699e18044dfdea7df3af7834e8334daf6cf285c8975f751722fe34d9b
2023-04-01 08:39:08,True,2.771e-10,8.83e-13,8167708490.0,0.0721,0xa7...fa74,https://bscscan.com/tx/0x5b968bb70c171af4399155fb8330e82443dfd181ff96d934e169dee30e4a32ac
2023-04-01 08:38:44,True,2.771e-10,8.83e-13,1132407311.0,0.01,0x33...cd2b,https://bscscan.com/tx/0xf477de3c1b4b102a8253256133d682f7d6a3dfd708cec8e7f9b629560b383ac9
2023-04-01 08:37:59,False,2.757e-10,8.786e-13,40165331958.0,0.3529,0x0d...5638,https://bscscan.com/tx/0xddb7ead386ed3be04858b394ef60b741352495e2a14990511d156aa556986af1
2023-04-01 08:37:05,False,2.759e-10,8.786e-13,2474541414.0,0.0217,0x05...c272,https://bscscan.com/tx/0x3632ef563c9c5f53cce2b63e727b74cc451f51c5903361ab79868446fd01a2e3
2023-04-01 08:36:02,True,2.787e-10,8.83e-13,21840707219.0,0.1928,0x3e...0258,https://bscscan.com/tx/0x916b736a529ed201ceb93fb3c7018124eec8373a7ce450251fcc7a0d8fdc107d
2023-04-01 08:33:29,False,2.758e-10,8.786e-13,22658500314.0,0.1991,0xc5...b960,https://bscscan.com/tx/0x9e6f93d8d102cdf0a68982b19d4d34bac85a3fb7754db1617b05a8f4f7dd843d
2023-04-01 08:33:14,False,2.758e-10,8.786e-13,4499388515.0,0.0395,0x05...c272,https://bscscan.com/tx/0x96486969ec251c2b9721f63f6af6fb814b64407c8c78158190ac2b7d8cbe90d9
2023-04-01 08:32:29,True,2.787e-10,8.83e-13,1000000000.0,0.0088,0x83...8560,https://bscscan.com/tx/0x24132aafd9a398883d7527cb517b67f0cbb5657d0d0d633e22f16b9bfc207244
2023-04-01 08:30:56,True,2.789e-10,8.83e-13,792667716.0,0.007,0xfc...3fca,https://bscscan.com/tx/0xd8bb28e959671055d5d130db24447c3c1482718659e83cd23e0ba2c49281319c
2023-04-01 08:30:29,True,2.776e-10,8.83e-13,4509976462.0,0.0398,0x48...3b36,https://bscscan.com/tx/0x8f3cacc889a89122854a49dc32a143fe5f37bb6ac582fec1637e9d05ef2d8720
2023-04-01 08:29:50,True,2.791e-10,8.83e-13,1842504490.0,0.0162,0xba...b699,https://bscscan.com/tx/0xf45f1c6b40e351b53e0b51b15d1362f4059df1a4600b795987509f7d6e75f9aa
2023-04-01 08:29:38,True,2.796e-10,8.83e-13,4529549371.0,0.04,0xeb...93e1,https://bscscan.com/tx/0xfc39a57429adb64e07182cab846d7d7f6574ccd0075debc7842d48e68987b653
2023-04-01 08:28:59,False,2.781e-10,8.786e-13,17276049068.0,0.1518,0xd3...5f89,https://bscscan.com/tx/0x6cee7ce35f8611665fc6abdfe314344613bc4e88aa64a2fe25119429146e3eeb
2023-04-01 08:24:47,True,2.779e-10,8.824e-13,3008018299496.0,26.5445,0x77...c1ef,https://bscscan.com/tx/0x9a8cd559c006f397fad09392a404009e2d27fd8877063842ff3ad471a5ef689a
2023-04-01 08:24:41,False,2.763e-10,8.774e-13,58447219944.0,0.5128,0xba...cc8c,https://bscscan.com/tx/0x73994c14567e3a967bcc1674ecc1b5eb4016e8b7bbce36f7cde1b4575bcf7e18
2023-04-01 08:23:35,False,2.766e-10,8.783e-13,4500000000000.0,39.5276,0x77...c1ef,https://bscscan.com/tx/0xcaf8a49606c0d4b101b885539f0afd4c3d315a12b2373424725c1fe2482683c3
2023-04-01 08:21:56,True,2.797e-10,8.837e-13,686000000.0,0.006,0x7c...075c,https://bscscan.com/tx/0x717f43fc1f4657b26186673e8c0a3fed98108119a7f4a76dcb8b4a08dc449ea6
2023-04-01 08:21:11,True,2.797e-10,8.837e-13,11717600000.0,0.1035,0xb1...39f4,https://bscscan.com/tx/0x6391bd592f953cebe68270376f047b231e1cf0b2aa373c4794ddcc607c04f424
2023-04-01 08:19:53,False,2.768e-10,8.793e-13,49500000000.0,0.4352,0xe4...2498,https://bscscan.com/tx/0x943b6ac3c5f5a7aedd22782782200578cb0240cc626edb761fb515f2d20a95ff
2023-04-01 08:19:26,True,2.782e-10,8.837e-13,56576983341.0,0.5,0xd4...4a3f,https://bscscan.com/tx/0x65c989a649f48910f6099fcd4126cf988444787620acbf5270b5aadf4b0c0220
2023-04-01 08:18:14,True,2.782e-10,8.837e-13,746722890.0,0.0066,0x2c...f92e,https://bscscan.com/tx/0x338d27171f4adcc7689fcc375da248ae5fae8e68ed11a1d72deed8ae078e4964
2023-04-01 08:18:05,False,2.782e-10,8.793e-13,73695218794.0,0.648,0x21...85ac,https://bscscan.com/tx/0x2e092220a568afce8aa80069a7573f2d008156229b267a8c9a71cc0894538746
2023-04-01 08:17:41,True,2.782e-10,8.837e-13,167418118574.0,1.47953,0xf8...f8ee,https://bscscan.com/tx/0x0e30b8e60732acb41f06e93b553ae03dcffa7a5c4554d56fa9f8a690d9230b23
2023-04-01 08:16:59,False,2.782e-10,8.793e-13,491567219964.0,4.32279,0x5d...62b3,https://bscscan.com/tx/0x445b8795bac5adfd978f0762e83d83870a14a36660bf0ce9736ad11ef1591205
2023-04-01 08:16:41,False,2.783e-10,8.794e-13,9732822644.0,0.0856,0xd0...2bdf,https://bscscan.com/tx/0x8b1f56ec797f806a9412c33f1e47aa61acc3c8615120b75e45bcce884700f05e
2023-04-01 08:14:11,True,2.782e-10,8.839e-13,6769441307.0,0.0598,0xf8...77cf,https://bscscan.com/tx/0xf7c996ef75627d4caf3f2d21a0c925f41b25463360e10e7c01b5fbae467896c5
2023-04-01 08:09:35,True,2.782e-10,8.839e-13,876790000.0,0.0077,0xe7...9adb,https://bscscan.com/tx/0x4d8a8ca7099592d07199c2b8e09354f7a759d4042157b904319494f3dc2eb172
2023-04-01 08:07:08,True,2.784e-10,8.839e-13,31677740613.0,0.28,0xa1...7425,https://bscscan.com/tx/0xaa46459304ba15a9ec2a7acdb495d8e7c76e578cfba124152641413d4ea1b54d
2023-04-01 08:07:08,True,2.784e-10,8.838e-13,29406435422.0,0.2599,0x65...cc4e,https://bscscan.com/tx/0xa0b2368b316316df163b8f108dfc945082274892d03d04270e6185eab964fe28
2023-04-01 08:07:05,True,2.784e-10,8.838e-13,609853683.0,0.0053,0xed...27b6,https://bscscan.com/tx/0xe2dcaad688db5e1206b735acb7b3e510dad1edd3fac2ad3eca1af7c2fbeae3df
2023-04-01 08:06:11,True,2.784e-10,8.838e-13,1899120000.0,0.0167,0xe7...9adb,https://bscscan.com/tx/0xa723b5ea522b859470013d87a8df09877336d7cb513aef9fd718c643f888bed1
2023-04-01 08:05:17,True,2.784e-10,8.838e-13,11104089975.0,0.0981,0x06...75f4,https://bscscan.com/tx/0x78436f8ac7ae0359214c3f836a7ef013d70d84f2ea547078f5aa1c9a7f70a52d
2023-04-01 08:01:14,False,2.785e-10,8.794e-13,9302837633.0,0.0818,0x3d...2c3a,https://bscscan.com/tx/0x0baa5a87413e495d88d8fb81cb9a00967fe8b3f06599d93231144983a5203e7a
2023-04-01 07:58:35,False,2.785e-10,8.794e-13,10164764266.0,0.0894,0x06...eaa6,https://bscscan.com/tx/0xa43cdd86a3a7f4f962528483a8bbe282063ee7cb74a1a9960b562e8ceab3bb05
2023-04-01 07:57:38,True,2.799e-10,8.838e-13,565684705.0,0.005,0x2d...c260,https://bscscan.com/tx/0x43f2b9cd9e839215fb1be163d9b65ead3c68a3797e596bf80e2ad9147d4c4e16
2023-04-01 07:56:11,True,2.799e-10,8.838e-13,944734529.0,0.0083,0x83...6bfd,https://bscscan.com/tx/0x92c23d5d1cc885eb1b170bcf23e6c1da7fcfc1d43ce5145151e1d13f79ea0448
2023-04-01 07:56:02,True,2.799e-10,8.838e-13,1000000000.0,0.0088,0x9b...61fa,https://bscscan.com/tx/0xa02e20137739416c88419750eaefd790d27e731db370eeecbd8400ccc6775720
2023-04-01 07:55:38,False,2.785e-10,8.794e-13,2947644910.0,0.0259,0x82...728b,https://bscscan.com/tx/0x1520412c20c52038155e0949a4c0f9a24f342481db7a39ce005c248f67d9ddb9
2023-04-01 07:54:29,True,2.799e-10,8.838e-13,1000000000.0,0.0088,0x9b...61fa,https://bscscan.com/tx/0x83ed8aa9af3436b8a64d7c1fe812b712afa4fd544f813242a4e63967a64aa840
2023-04-01 07:48:50,True,2.785e-10,8.838e-13,3394111462.0,0.03,0xba...b699,https://bscscan.com/tx/0x92df4e3b2711ce82eb859d6c1f83c66830f1e704a804e99c832a12df25bf7a48
2023-04-01 07:48:11,True,2.799e-10,8.838e-13,1410540000.0,0.0124,0x77...ba58,https://bscscan.com/tx/0x7763502164013af474d5a25247517b5bb19c90305f71a1d7bc8ad29fc2420433
2023-04-01 07:47:20,True,2.799e-10,8.838e-13,121000000.0,0.001,0x7c...075c,https://bscscan.com/tx/0xe5f760fb03621f467bda8a1ddc21a2f4b79219107ffdf84debaea4e7882edf3a
2023-04-01 07:46:44,True,2.785e-10,8.838e-13,1758888888.0,0.0155,0x53...5198,https://bscscan.com/tx/0xeed44ee2c9eb30e8eafbc48c2c21dbab88c6dd24f90547569e5abc2329081f1c
2023-04-01 07:44:25,False,2.785e-10,8.794e-13,4110445314.0,0.0361,0x33...4335,https://bscscan.com/tx/0x79c1e8094704019c410026e79e4f8ff12b3b2544ccff2cc8db3e94c3bccbf098
2023-04-01 07:42:31,True,2.799e-10,8.838e-13,2722620001.0,0.024,0x4e...9bb7,https://bscscan.com/tx/0x973c1ac7741e6d343f225cfc3969a507738027762ff2352b800368fbc1ef4752
2023-04-01 07:41:48,True,2.799e-10,8.838e-13,1576479544.0,0.0139,0x45...8cce,https://bscscan.com/tx/0x1861bee6cb8c56e9849341e9e4280cfef25af8febedc71250a41a444ad03e847
2023-04-01 07:40:31,True,2.799e-10,8.838e-13,951200000.0,0.0084,0x9b...75db,https://bscscan.com/tx/0xd0fa838e8e71a7b44383ed9a5b87737851949118abab21728dd6f23906b95b44
2023-04-01 07:40:01,False,2.771e-10,8.794e-13,9046901966.0,0.0795,0x1a...23f3,https://bscscan.com/tx/0xafa43086ac921b90a011c77bc94ca16ba3674c97a4ca2d302dc4b05a0efcf3f7
2023-04-01 07:39:10,True,2.785e-10,8.838e-13,20024452446.0,0.1769,0x71...7a82,https://bscscan.com/tx/0x20bc65e087eb616fe6014d45ee8aba09f22f5e7f6eb7203d45e8406a15be8873
2023-04-01 07:38:58,True,2.799e-10,8.838e-13,172783609497.0,1.52713,0x16...c9e2,https://bscscan.com/tx/0x63cd33331901376730a3513df0f9dce3a00825c3ce1dad6f5dd600615ab82d76
2023-04-01 07:37:36,True,2.798e-10,8.837e-13,25908853587.0,0.2289,0x5e...0480,https://bscscan.com/tx/0x3302046370692729a5ef058975536d178f48eb27c22b58ac6d01e0b948343b1d
2023-04-01 07:37:06,True,2.798e-10,8.837e-13,2293106040.0,0.0202,0x74...2fe1,https://bscscan.com/tx/0x35e9d07688a1afad0a75b1555f5b04408f49ee2713b968232433e4bdef4d4fe6
2023-04-01 07:35:24,False,2.784e-10,8.793e-13,8259746923.0,0.0726,0x36...8c85,https://bscscan.com/tx/0xfc7d9479a49b367ca15196c37253611cc2a5d7a06c1f87f48d82b6c19f8a3cfc
2023-04-01 07:34:39,True,2.798e-10,8.837e-13,150000000.0,0.0013,0x29...e057,https://bscscan.com/tx/0x9d1b345c2bd49ef1927b9d8327a875d80a45af2e88858801737840da6caba342
2023-04-01 07:34:30,True,2.784e-10,8.837e-13,18177790273.0,0.1606,0x4e...4d15,https://bscscan.com/tx/0xb50ed5ce43801811bf780051f5a0dddf9a936c04e46124629dc10668060dac36
2023-04-01 07:33:00,True,2.798e-10,8.837e-13,13000000000.0,0.1148,0x29...e057,https://bscscan.com/tx/0x7a9d15710bf5167708728a5de03782a62ed320796518474a0b53955ec872dc96
2023-04-01 07:32:30,False,2.784e-10,8.793e-13,18000000000.0,0.1582,0x58...0836,https://bscscan.com/tx/0x1f00fc50dab59d30615f25e52b16e47a965832f96f724a7fe3e2df264ec15f5d
2023-04-01 07:32:12,False,2.784e-10,8.793e-13,11705768951.0,0.1029,0xb6...24cb,https://bscscan.com/tx/0x7a4d790a64d70e495c550bb08be7bfdce0c604eb65d139d22bb308bb100c6def
2023-04-01 07:32:12,False,2.784e-10,8.793e-13,4117227372.0,0.0362,0xa7...e844,https://bscscan.com/tx/0x851207439fcff91974561168a7752419cc9732fc4c0994de1e463002a18d153f
2023-04-01 07:31:39,True,2.798e-10,8.837e-13,4542559762.0,0.0401,0x95...cd34,https://bscscan.com/tx/0x67c5464fbbef8f9c05434822dba59bc92208e9b1a1ea3032665bbab12a33b505
2023-04-01 07:31:03,True,2.784e-10,8.837e-13,1400000000.0,0.0123,0x2b...8d5f,https://bscscan.com/tx/0x87b05ab3d4c0baf1998da8e76382bbb7a95505fc81d53d00004a0c5834933f08
2023-04-01 07:30:27,True,2.784e-10,8.837e-13,41726017038.0,0.3687,0x16...c9e2,https://bscscan.com/tx/0x08f6a85d91704172503b1475a63de08330c81db21f09b0642b8cd21f774b85df
2023-04-01 07:28:39,True,2.785e-10,8.837e-13,3620830000.0,0.032,0xbb...851b,https://bscscan.com/tx/0xdbecaaf4a7e71532cf22b5e614628b1f5e9ad195dc98c662a0bd450c10871732
2023-04-01 07:28:18,True,2.799e-10,8.837e-13,5349713852.0,0.0472,0x5b...8a60,https://bscscan.com/tx/0x24319ba5c46e2d3193f21e9ec3c04acc44004c6dc0079754e71b395d6c2073ab
2023-04-01 07:25:18,True,2.798e-10,8.837e-13,5631988282.0,0.0497,0x05...0d07,https://bscscan.com/tx/0x5d61c921cc6a6f6e5040ebcbea93ab08d0a61be7761e38d7294dc35ec2eeed10
2023-04-01 07:21:15,True,2.799e-10,8.837e-13,967383001.0,0.0085,0xbb...3b52,https://bscscan.com/tx/0x8b9da1994daa9447da356601cc2202b01757d5d3257053028b39cc73e49914c4
2023-04-01 07:20:42,True,2.799e-10,8.836e-13,337641831693.0,2.98373,0xf4...b7e1,https://bscscan.com/tx/0xd00244cbface3f50579460ab17f16056965f9a185b87b2cd062740a49050fce9
2023-04-01 07:19:18,True,2.784e-10,8.836e-13,10237576465.0,0.0904,0xe1...1442,https://bscscan.com/tx/0x0bfe38b14a5752082e3d88ad9ed8dca2492c8ac33b80d9a1b5b20af87cffe9b9
2023-04-01 07:19:18,True,2.784e-10,8.836e-13,12386521165.0,0.1094,0x88...7bed,https://bscscan.com/tx/0x61b4b0e0fc2286d714341114b32c4ca7e65c9c10f89d4af6021686abc6567636
2023-04-01 07:17:24,False,2.785e-10,8.792e-13,46658931170.0,0.4102,0x2d...d82c,https://bscscan.com/tx/0x1543fcc9b5a5d15416645f1381512f5da04bd8973265f445649be074b1f6b954
2023-04-01 07:17:18,False,2.785e-10,8.792e-13,2759565554.0,0.0242,0x13...61b2,https://bscscan.com/tx/0x2494bb40d61e8d2c1d11c4194ade1c1ff1a8611ca52df14dbfdbf1b70a3fd5dd
2023-04-01 07:14:57,True,2.798e-10,8.836e-13,4300411100.0,0.038,0x74...a5a8,https://bscscan.com/tx/0x4d4f062b2be83fb85082e9de1746184c9a7db198040f8bf504ba6bce50faa955
2023-04-01 07:14:48,True,2.799e-10,8.836e-13,44137595241.0,0.39,0xa9...b86b,https://bscscan.com/tx/0xa13e38f129f385fbbe413dba06882f47ba55f0ed9307843bd152d99f407f0d35
2023-04-01 07:13:33,True,2.785e-10,8.836e-13,12942700000.0,0.1143,0x3f...60db,https://bscscan.com/tx/0x8f7ffe82a2faca42797b9f0079273c8e4f1d4498caaefb4fa21d81a8853e813e
2023-04-01 07:13:27,True,2.785e-10,8.836e-13,4745870106.0,0.0419,0x1a...88a6,https://bscscan.com/tx/0x39d77a532d241b0c7fdc90e34c2b926c623f3efaab760d8763f8b44533df42d5
2023-04-01 07:07:45,False,2.785e-10,8.791e-13,8253803194.0,0.0725,0x20...61eb,https://bscscan.com/tx/0x3e1abdb282c9280b059897c75ef0a53a92f1f5bb2cf20b2dde814d27468139c1
2023-04-01 07:05:06,False,2.784e-10,8.792e-13,1272713662.0,0.0111,0x8b...0438,https://bscscan.com/tx/0x3fd81d189be359b839e4119a30a12514ba6b7657d3aa352bb00e75ab0cb94533
2023-04-01 07:05:06,True,2.798e-10,8.836e-13,3971342462.0,0.035,0xce...7545,https://bscscan.com/tx/0xef82c33ee84b81473a41cd5f2e3033b107d4b2918584da4d797025ff26907e52
2023-04-01 07:04:15,False,2.784e-10,8.792e-13,117498412941.0,1.03307,0x1b...1811,https://bscscan.com/tx/0x30ccb93a0cf8b2adf0c49b24b244dad289d1727da48393cb472b2f4aa1e8b009
2023-04-01 07:02:54,True,2.784e-10,8.836e-13,1979111111.0,0.0174,0xe9...cc88,https://bscscan.com/tx/0x93a0c7102ac489bb96867c52eeb95217e0a092ed42d1c35028d5b0bbbb9f7d8f
2023-04-01 07:02:15,True,2.797e-10,8.836e-13,396079754.0,0.0035,0x93...81d7,https://bscscan.com/tx/0x40a3c96131b848e032277d21a4ea517f165e2c1b6cf72ac2f9ac77bc8ee57687
2023-04-01 07:00:21,False,2.769e-10,8.793e-13,559146703860.0,4.91694,0x5a...ea8a,https://bscscan.com/tx/0x6df850c456bcac3c9bba8eef3ee4592b1c29cb65b0a3115529f9665a0b006ea2
2023-04-01 06:59:21,True,2.783e-10,8.838e-13,248347014663.0,2.195,0x53...0042,https://bscscan.com/tx/0xe6ba91099a825ee938c6561a784a7e52ce06bb981f334ffbc7c9851e9021d67c
2023-04-01 06:59:12,True,2.797e-10,8.837e-13,6198495756.0,0.0547,0x76...9dd3,https://bscscan.com/tx/0x380e4b27a6ab0a1bac59fcdce46516052e2b18add3b31f34df4dd06ea183e921
2023-04-01 06:58:48,True,2.797e-10,8.837e-13,30468059015.0,0.2692,0x09...f0dc,https://bscscan.com/tx/0xc67e4b7b068041db0836eab614a7e5fc1c3be84ef6c0215b619bf892a8d1e818
2023-04-01 06:58:39,True,2.797e-10,8.837e-13,1177705630.0,0.0104,0x27...b10a,https://bscscan.com/tx/0x52e52af67c35bd19ccda394ea1eb79f1567e245ce919d9602189c91f6c0abc5c
2023-04-01 06:58:30,True,2.797e-10,8.837e-13,1131509571.0,0.01,0xb2...b52a,https://bscscan.com/tx/0x1526ab0d44c832289103ee3dfa049ed0a359503959e7c2bf61a290d65bbc9686
2023-04-01 06:57:57,True,2.797e-10,8.837e-13,11314899999.0,0.1,0xe7...952a,https://bscscan.com/tx/0xf24bd2b871b106a04e99a341a51288de26fca2c465b5ae2d58679efbca31f408
2023-04-01 06:56:51,True,2.796e-10,8.837e-13,10000000.0,8.837e-06,0x40...d0d3,https://bscscan.com/tx/0x3e6085ba6c1c5cd516e5db134cb4a25c960f0d06d2b7caba35b7c9d888e57445
2023-04-01 06:52:06,True,2.796e-10,8.837e-13,3630723678.0,0.032,0x2c...2a22,https://bscscan.com/tx/0x797a627b7708545eb87f145a9d5c6be90f0f07c80954327504c0b91374223a8d
2023-04-01 06:51:51,True,2.796e-10,8.837e-13,20367600001.0,0.18,0x36...2221,https://bscscan.com/tx/0x86500efa0cf83332c2e161238a3f7990f02f57b1a56c1bb861be65bcfb17889b
2023-04-01 06:51:24,True,2.796e-10,8.837e-13,20384680357.0,0.1801,0xe0...daf7,https://bscscan.com/tx/0xfa74409c40928f3536e0f95412c8c9e5c9948b68a6a0f22e48380b039260cfb9
2023-04-01 06:50:57,True,2.796e-10,8.837e-13,13800000000.0,0.1219,0xc3...0ce8,https://bscscan.com/tx/0xe3c14df84d1d06c53657c139cb7406c1853fd733a0c02027e6974ea6e01413c1
2023-04-01 06:49:47,True,2.78e-10,8.837e-13,343469979.0,0.003,0xc2...0afd,https://bscscan.com/tx/0x00d6b5c0dc7a36457eb97880ec1a69e9c78cf7f5b5d531bec46027c9aa65e731
2023-04-01 06:47:32,True,2.794e-10,8.837e-13,31851532508.0,0.2814,0x1f...7688,https://bscscan.com/tx/0x9ccdc6d4ed1c4621cc9b5e1906e22ae890ee7420b37de035f38b7cf78e94590e
2023-04-01 06:47:03,True,2.794e-10,8.837e-13,19449099074.0,0.1718,0xc2...0afd,https://bscscan.com/tx/0x1ca1a7951ddeae7291db82df3a2857c25dd6e1141f4789d07cc06e4b4ce44423
2023-04-01 06:46:06,False,2.762e-10,8.793e-13,16198199312.0,0.1424,0x7e...136d,https://bscscan.com/tx/0x86ff6524777afc2b3baf5e302176a9e111fcb5cb1bcaa7dd4202d18369992614
2023-04-01 06:43:36,False,2.78e-10,8.793e-13,10481671054.0,0.0921,0x96...d961,https://bscscan.com/tx/0x12baa43fdd7a359cad90de3e251d9d84fc5a141c68dfe71b1e7b6e15d2d88a8c
2023-04-01 06:40:06,True,2.78e-10,8.837e-13,4056422681.0,0.0358,0xf4...f67f,https://bscscan.com/tx/0x05565f3486e2294398bf883f89f53d6852f8aec9c6b54ab42772154efd287002
2023-04-01 06:39:54,True,2.78e-10,8.837e-13,8599899219.0,0.076,0x8c...023d,https://bscscan.com/tx/0x164305e575a83d2a2a2eac763d11d8ac513cb024680973d58d22aed5a910ded3
2023-04-01 06:38:49,True,2.794e-10,8.837e-13,6163132789.0,0.0544,0x39...bf6c,https://bscscan.com/tx/0xf2c9f8d25661c0a3ab5b7da55ef85549a231fd527c091be92c52cc8fda7aedf9
2023-04-01 06:37:58,True,2.78e-10,8.837e-13,7373448955.0,0.0651,0x5f...a9f2,https://bscscan.com/tx/0x44ebed515726a6304cdd8a1aac7f97104068c3ca8725f63d594c7c0a05d14527
2023-04-01 06:37:00,False,2.766e-10,8.793e-13,1833546619.0,0.0161,0xe0...9505,https://bscscan.com/tx/0x83f01a9bfb8cfa1809b4c209823c638dd207ebb70ef3ca691ccd432015b4a9c3
2023-04-01 06:36:32,True,2.794e-10,8.837e-13,46156902260.0,0.4079,0x23...9997,https://bscscan.com/tx/0x6f2ee141fcfb2fdcc02b289d4ad3911f9b40e984ca8be03c326910d1acdbb4ec
2023-04-01 06:36:04,False,2.78e-10,8.793e-13,249846833016.0,2.19701,0xb8...fcf4,https://bscscan.com/tx/0xcced356969286fec247307ff0806ef11c0fad7cd255f1d672c3a39c07c220233
2023-04-01 06:35:40,True,2.794e-10,8.837e-13,89793789827.0,0.7935,0x68...5d23,https://bscscan.com/tx/0x70924c8e6329e1dabc0645f491906ba23d26ca130866e2de4c16ccf2b772e88b
2023-04-01 06:34:13,True,2.794e-10,8.837e-13,3462455645.0,0.0306,0x5d...7671,https://bscscan.com/tx/0x7fb77e523397bfc43cbb170d2e4f5766ad59e50eb4e90ff0c4edf22f38c08ac8
2023-04-01 06:31:43,False,2.767e-10,8.794e-13,369384945848.0,3.2485,0xe1...22c8,https://bscscan.com/tx/0xb2b1f79f7177de5f82eb9620167b1cd399c4550d0a5b4e1a477b60872f39d34e
2023-04-01 06:31:19,True,2.78e-10,8.838e-13,460000000000.0,4.06562,0x6d...27dd,https://bscscan.com/tx/0x0b0188e261e0bd47ff4cbbadb21aaa691f1386180a98503a0f777d725d65e6e5
2023-04-01 06:29:37,True,2.794e-10,8.837e-13,40205350014.0,0.3553,0x8c...38af,https://bscscan.com/tx/0x837f7c0d64b9f6269c52782669eeed2c9ba2053ca231384fa133a67993f634aa
2023-04-01 06:29:01,True,2.794e-10,8.836e-13,160448738852.0,1.41786,0x36...fce3,https://bscscan.com/tx/0x5ff78c18642b052c28f23371aa887139b6ed42055272b8ef12fe15fe348a3615
2023-04-01 06:28:04,False,2.78e-10,8.792e-13,6597605022.0,0.058,0x15...4c00,https://bscscan.com/tx/0x8024372038874872b5d2857a02e1b4405aef4c3f82c097713584142e093d2f35
2023-04-01 06:27:13,True,2.794e-10,8.836e-13,3580804120.0,0.0316,0x78...5432,https://bscscan.com/tx/0xbe3d64e8881bd6d6b0bcc49e01d3d7339a5b9ed3016e3a567addf5e682e7c38e
2023-04-01 06:25:46,False,2.78e-10,8.792e-13,10022271715.0,0.0881,0x31...e02d,https://bscscan.com/tx/0x710f46db29dc887f4854c2c600b20a0a704783a132d16e8e9d05b89dcfc808f3
2023-04-01 06:25:43,True,2.794e-10,8.836e-13,500000000.0,0.0044,0x04...c78a,https://bscscan.com/tx/0x58ed59532de2da9a83b05fded3fabdd455c98a4726f912f8385ca2f46c5448cb
2023-04-01 06:23:07,True,2.794e-10,8.836e-13,141463114948.0,1.25,0x15...f554,https://bscscan.com/tx/0xd560bb37963595ffe03c9f45c6503eecf631c1ee39e81026ead5de99cc8551e5
2023-04-01 06:22:49,False,2.779e-10,8.791e-13,19048078134.0,0.1674,0x81...0e29,https://bscscan.com/tx/0x1ad2ce11553aeb505cfa028fb24ff9378dbf278a67fb1c1d37be7bc5639dddf0
2023-04-01 06:21:22,True,2.793e-10,8.835e-13,5836566532.0,0.0515,0x57...f84e,https://bscscan.com/tx/0xc85e9b4ac49b79b7aa2e81cd22032aa1faecdbf99a7e49271fdff51b999b7a58
2023-04-01 06:19:49,False,2.779e-10,8.791e-13,4033728831.0,0.0354,0x83...b700,https://bscscan.com/tx/0x1bf14fed98650a14506accad5de0bceb9b7732decb7ad4cdb6f8c8236ca8ad72
2023-04-01 06:19:07,False,2.779e-10,8.791e-13,12270721562.0,0.1078,0x48...45f7,https://bscscan.com/tx/0x7dbb49210f11ae638060c79b577c595a5911fc33cf5a2c63656facfb2a3ef156
2023-04-01 06:18:37,True,2.779e-10,8.836e-13,6600000000.0,0.0583,0xbf...e8a3,https://bscscan.com/tx/0x0c07a7af303798a0edf79718212a44f6fbb7b7664b24205536cb73160e2eae2c
2023-04-01 06:17:34,True,2.792e-10,8.836e-13,979173000.0,0.0086,0x77...c11a,https://bscscan.com/tx/0xbf57fb59473539ccfa6b2a25b9db946d880714c4db00c2ba3bdf9b43c2cbfe2e
2023-04-01 06:17:16,True,2.792e-10,8.835e-13,68000000000.0,0.6008,0x2d...9fdb,https://bscscan.com/tx/0x9cc75a5fb69064d71d8c712711b6d389c000ef4a32a8ed8209d16564d77c43f4
2023-04-01 06:15:52,True,2.792e-10,8.835e-13,4559373702.0,0.0402,0xa7...2bbe,https://bscscan.com/tx/0x32404dac852eb9e0641ff72e13ffe4e5ef1b65cc7e16ce48bfd72a69b22c25f8
2023-04-01 06:07:10,False,2.778e-10,8.791e-13,7200000000.0,0.0633,0xcf...7b94,https://bscscan.com/tx/0xa36c0ec09f12f2829dbaf7620a9cdefb202add18170e050ca5758d39c60b4fdf
2023-04-01 06:05:34,False,2.765e-10,8.791e-13,91616273193.0,0.8054,0x16...2ead,https://bscscan.com/tx/0x90057953d40b4b25d360f4e219dc0c84d3bfebcbd6f71985041571f4db911799
2023-04-01 06:03:22,True,2.779e-10,8.836e-13,47197144461.0,0.417,0xd9...01c8,https://bscscan.com/tx/0x3701125d5daebcba67191f7c6aa8a3d276fd34e22f941e1b53c3e451d838eb20
2023-04-01 06:01:02,True,2.795e-10,8.835e-13,5000000000.0,0.0441,0xa4...c9b2,https://bscscan.com/tx/0x652bd90e77587203ad611202318ee891a5bad1ee2fc47e0c1a6ab1c6bbc0f310
2023-04-01 06:00:40,True,2.796e-10,8.835e-13,47533856900.0,0.42,0x84...91d8,https://bscscan.com/tx/0xb47630d8673816bd8dfcbcefd4442c282677de111ab94cf1cc4cd5bfdb7b7441
2023-04-01 06:00:07,False,2.769e-10,8.791e-13,6238996541.0,0.0548,0xda...00bb,https://bscscan.com/tx/0xcf4f7ccf44a667dda1c04a3692b67923e8a1f723287086dc9042f6c4667c50b6
2023-04-01 05:59:55,True,2.798e-10,8.835e-13,2263537224.0,0.02,0xbe...72fb,https://bscscan.com/tx/0xd7398bc596a3cc9811c94d6ab756326a19b8a0fbbc39dae0f06dd18e0eb836fa
2023-04-01 05:57:28,False,2.787e-10,8.791e-13,3506407372.0,0.0308,0x5b...62b1,https://bscscan.com/tx/0x90dacdfa4e6af202d57c83d5b0af1a2e2a26193130795966cf0093dd8263799f
2023-04-01 05:56:58,True,2.802e-10,8.835e-13,3670445776.0,0.0324,0xb2...f234,https://bscscan.com/tx/0xa6a872900966427cd1b846d387f14ba887c37588fe32cbe1d9d003b7fb0a9147
2023-04-01 05:55:52,False,2.788e-10,8.791e-13,17025851118.0,0.1496,0xf6...4af6,https://bscscan.com/tx/0x53de6dd2086fe30e2598d4a3bf83d5ddaec96082d891c5463ff064daa0be49ba
2023-04-01 05:55:16,True,2.788e-10,8.835e-13,31789939.0,2.808e-05,0x6a...1405,https://bscscan.com/tx/0xcdc555807b7524900b67cf35fe2c37e6c42e2444bef571fe3b33186428637671
2023-04-01 05:55:16,True,2.788e-10,8.835e-13,16643489783.0,0.147,0xd6...385e,https://bscscan.com/tx/0x4e0c7ff93b564cf4630ec5b7698a0e72291bfd70aa3dab409a2c519643df545d
2023-04-01 05:54:13,True,2.802e-10,8.835e-13,922512267.0,0.0081,0x6a...1405,https://bscscan.com/tx/0xb48d41fdccee5575f56be4421a1344b307c358108fc7f89baf1c3c2808791f6b
2023-04-01 05:53:43,True,2.788e-10,8.835e-13,8064675669.0,0.0712,0x8f...5186,https://bscscan.com/tx/0x461b04eaf547dcfa800412ef107e34d431099cbaec9bd93052c01b17813a2ac4
2023-04-01 05:53:00,True,2.802e-10,8.835e-13,41028849283.0,0.3625,0x3a...6540,https://bscscan.com/tx/0x8eb81eab824023e47ead5cfbc4e38a5d33ee6dc5eb6ade3af5a3ec40eb28065d
2023-04-01 05:52:43,True,2.802e-10,8.835e-13,4527190042.0,0.04,0x6a...1405,https://bscscan.com/tx/0x67a13de139558bfd4d2ebe7edc2139154742cd45eb115e8c803dcd431181d872
2023-04-01 05:52:17,True,2.788e-10,8.835e-13,31052919711.0,0.2743,0x53...0344,https://bscscan.com/tx/0xce367cdde4604d8fa94893c6bf594df3e3b5997561a09ba9f1b944017edd99ce
2023-04-01 05:51:41,True,2.802e-10,8.835e-13,6188019823.0,0.0546,0xf9...2cb1,https://bscscan.com/tx/0x33762c993b1aee8341d4f7d924dd8be245c791dcbc10cfe2637ed700a48cbd28
2023-04-01 05:51:03,True,2.788e-10,8.835e-13,6170605621.0,0.0545,0x6a...1405,https://bscscan.com/tx/0x6a2dd406c545aead782e0e66b5be83b29f4c9b49ae50a307407c875ddba4eadf
2023-04-01 05:48:27,True,2.788e-10,8.835e-13,298303350.0,0.0026,0x18...dead,https://bscscan.com/tx/0xfcc8d4650886d4d3ee276953ae898aac90e7c11abb3ea5b89f657909a2090a0a
2023-04-01 05:47:33,False,2.788e-10,8.791e-13,15421620872.0,0.1355,0x4b...74e9,https://bscscan.com/tx/0x007948754e68a411111d1afa21277fc8499a2e1e80e7b50353174abeeb8083f2
2023-04-01 05:47:06,True,2.802e-10,8.835e-13,509580828.0,0.0045,0x18...dead,https://bscscan.com/tx/0x86b30e1b950e6d43763589373c48421714e46932e2e2087c027a5270b69b78e2
2023-04-01 05:46:51,False,2.774e-10,8.791e-13,14897174618.0,0.1309,0x3f...8898,https://bscscan.com/tx/0x5481157dc0d0ff82634bfcba901c1c58006ad39df64ed3a5cc8387f403276830
2023-04-01 05:46:45,True,2.787e-10,8.835e-13,5403250366.0,0.0477,0xc9...e778,https://bscscan.com/tx/0x735e6add01d3e8b5f83420a3b175c662434f239627729951efbc28333ea9be4c
2023-04-01 05:46:33,True,2.787e-10,8.835e-13,83728543439.0,0.7397,0x53...0344,https://bscscan.com/tx/0x9c05be78c681c93d9ffeff65207e73e771e2ac45ee7d76ffd479174997d8550d
2023-04-01 05:45:12,False,2.773e-10,8.79e-13,4947727993.0,0.0435,0x56...a6f8,https://bscscan.com/tx/0x3f6977a4bcc0620eb700ae5db6545fa0b11492cf2ea61b023f8c70f518c3095c
2023-04-01 05:44:27,True,2.801e-10,8.834e-13,71665398943.0,0.6331,0x23...9997,https://bscscan.com/tx/0x64d9a09a146353487176b507d466f0f1d4bf91ce54bb7bebaf62aec615c70610
2023-04-01 05:43:57,True,2.786e-10,8.834e-13,11417918095.0,0.1008,0xdf...a97c,https://bscscan.com/tx/0x2455e383127d2abc69cd565a51ef5c9c961aeb1f19f076b4072ce55badb61b07
2023-04-01 05:42:24,True,2.8e-10,8.834e-13,1000000000.0,0.0088,0xe1...6d02,https://bscscan.com/tx/0xcf2f8e1bc3542b10bc0b4f85bd925c328ee1dd303f2ea71776f38e495a827c23
2023-04-01 05:41:39,False,2.786e-10,8.79e-13,18786077357.0,0.1651,0x1e...3587,https://bscscan.com/tx/0x21eff01d6e0023fb3c95c824fc7d4676dc302b2cd7d9cde3f9e656340daaa039
2023-04-01 05:38:11,True,2.802e-10,8.834e-13,7638633310.0,0.0674,0x26...b05d,https://bscscan.com/tx/0x63b5ba26766217c6ab83ee6a57203d962a3edc38d97346ad11ebd5b0d5160b98
2023-04-01 05:37:38,False,2.788e-10,8.79e-13,16243838135.0,0.1427,0x82...a313,https://bscscan.com/tx/0x781c7d8f6806c7777d74ebbff0339a57d5870efe4a315c35b884e30c04207b11
2023-04-01 05:37:11,False,2.788e-10,8.79e-13,40492757363.0,0.3559,0x62...a50b,https://bscscan.com/tx/0x34d263849372ca818aceb177b646d7daed44afb423e5e3ad2c1dc39273198269
2023-04-01 05:36:17,True,2.802e-10,8.834e-13,20000000000.0,0.1767,0x11...9447,https://bscscan.com/tx/0xbb670d9d5d0a92dd19b473126cb4276fb8d477d6be0f032d211b49af832c3e37
2023-04-01 05:35:56,True,2.788e-10,8.834e-13,20315239030.0,0.1794,0x7a...6e32,https://bscscan.com/tx/0xf5a18a5cbc42ca9077d2e1b676eca759008f092c2e5d8ab624b717b1df1a5402
2023-04-01 05:35:17,False,2.788e-10,8.79e-13,50240504738.0,0.4416,0xbd...56c2,https://bscscan.com/tx/0x4996ec9efb81f1613f6bb70db39f54e4cb1e8b2f2dd2b23cd6c201f3c9e458f6
2023-04-01 05:35:08,False,2.789e-10,8.792e-13,931760854343.0,8.19287,0x8a...b355,https://bscscan.com/tx/0xd5209f192bf60a587426a870394c7422dd6cdc6d66b4291809e8d5633e8026be
2023-04-01 05:34:35,True,2.804e-10,8.838e-13,4555911389.0,0.0402,0xc6...df94,https://bscscan.com/tx/0x4a886de8afe83aa8c7c0b3b5f5dd62b2e9c143e0ca1c912c083e444e00179dad
2023-04-01 05:32:14,True,2.803e-10,8.838e-13,19820602534.0,0.1751,0xe2...68e1,https://bscscan.com/tx/0x510b5188e8bfac97183ca950b3d56e42bb9c12ee71009f81299059f01c3a1dee
2023-04-01 05:30:23,True,2.792e-10,8.838e-13,20409625072.0,0.1804,0xe9...247f,https://bscscan.com/tx/0x15afd37c0081e352f85f3c966c1f4837154a53caaded301aecba49e369595d6b
2023-04-01 05:29:23,True,2.806e-10,8.838e-13,2052105095.0,0.0181,0x71...0f0b,https://bscscan.com/tx/0x1cb26d1195d41cdc67e0b1b05ffbe3ad75ff3523ad3a3a520132897256ac175f
2023-04-01 05:24:50,True,2.793e-10,8.838e-13,2662414238.0,0.0235,0x5f...1775,https://bscscan.com/tx/0x0bd0cca2e684068f0929b51efe9256b34657c94b4b7aff4ad9c7f6c4b9f8d14a
2023-04-01 05:23:32,True,2.792e-10,8.838e-13,553572000.0,0.0048,0xa0...0fa6,https://bscscan.com/tx/0x354d19086737ac9a7faffb06d205dc1861ec75dd440a6a0fc49930539a654c56
2023-04-01 05:22:38,True,2.808e-10,8.838e-13,10217353287.0,0.0903,0x26...b05d,https://bscscan.com/tx/0x4b87bbfd200b9aa143359ebd734898ae94b87427479fc59e890ded43cd730f13
2023-04-01 05:20:32,False,2.794e-10,8.794e-13,10800000000.0,0.0949,0x29...d075,https://bscscan.com/tx/0x9e23f54cb143606fff21a67f467083b935fb566bc1ac2ae0c24e64c3f1ac4b20
2023-04-01 05:17:41,False,2.78e-10,8.794e-13,1905926757.0,0.0167,0x31...5c47,https://bscscan.com/tx/0xadbafbf0a277fef833ea8b9bc2b70147225cd6d7a18073925776959bb69ff4a1
2023-04-01 05:16:44,False,2.795e-10,8.794e-13,42953941022.0,0.3777,0x54...2f92,https://bscscan.com/tx/0xda03211b82d3be14fd7b3b93d6c4ace257e8a9081e45f19dd3f4bac4578da6b4
2023-04-01 05:14:56,True,2.811e-10,8.838e-13,90509200000.0,0.7999,0x9c...6f61,https://bscscan.com/tx/0xbb07644ce4eeaad3594fe609e68b3f0cd8446899eb3532791e4c9a9549487fc0
2023-04-01 05:14:41,False,2.797e-10,8.794e-13,24976303561.0,0.2196,0x7a...e566,https://bscscan.com/tx/0x2e4f8b5e83666d784291904f4e4d4de210613e56cf231f274d86ac8bbe605bb8
2023-04-01 05:14:02,False,2.797e-10,8.794e-13,23400000000.0,0.2057,0xfc...640c,https://bscscan.com/tx/0xb8fb4d522cea655f8d71e8628354870ac72a6c89a40c5b2a99476395318fa276
2023-04-01 05:13:26,True,2.811e-10,8.838e-13,2352992777.0,0.0208,0x31...5c47,https://bscscan.com/tx/0x5e07ba60d6b55bb49e132c6e9fa52d80ae9757eedd086f77b913f0fc996c2fc5
2023-04-01 05:10:39,False,2.784e-10,8.794e-13,14434359961.0,0.1269,0xb4...8756,https://bscscan.com/tx/0xd1df8a8a25846b63adf39fd5531fa40301397fac6bf3007b355408b592d9598f
2023-04-01 05:08:46,True,2.813e-10,8.838e-13,16518200001.0,0.146,0x3f...3a4f,https://bscscan.com/tx/0x3e19505bb6f60713ed3b65b989d599b372feb3c63a7e12edcd1437bc107e3b9f
2023-04-01 05:08:34,True,2.814e-10,8.838e-13,300000000.0,0.0026,0xa3...edcb,https://bscscan.com/tx/0x6e0364e8ae5cadf6ceab694405db789d91090d1379280ab7d45c9a87b61fa557
2023-04-01 05:08:10,True,2.814e-10,8.838e-13,25016545472.0,0.2211,0xef...44af,https://bscscan.com/tx/0x7608c964af922c65b72b248f41f62f01f5e3548391df512d181f51aa55d070fb
2023-04-01 05:08:04,True,2.814e-10,8.838e-13,1184144673.0,0.0104,0x45...66ea,https://bscscan.com/tx/0x84bf10986966050472f6af17842a819ee311d88dd07b3fa323edaa88672da0b2
2023-04-01 05:03:35,False,2.785e-10,8.794e-13,40011808226.0,0.3518,0xbd...3eed,https://bscscan.com/tx/0xb12fc8e34e9f70c144c3e3990e320599e2806c9d18df0fc0a0c21dd5d052c857
2023-04-01 05:00:44,False,2.785e-10,8.794e-13,82341709665.0,0.7241,0xe6...5982,https://bscscan.com/tx/0x36723b00735c826e09704048df1ee69eef4323bd23fa544362724ab04347e083
2023-04-01 05:00:41,True,2.799e-10,8.839e-13,2912010000.0,0.0257,0x2f...aecc,https://bscscan.com/tx/0x2764456fbeb1152213e5514b3cb74f9b940d1af2fbd169e7a793ada550b3cd0f
2023-04-01 05:00:32,False,2.785e-10,8.795e-13,5414609001.0,0.0476,0x82...a313,https://bscscan.com/tx/0x25ad7510940933588bffa2025d876b985bf55e0e9a1af62224766a9c44f12105
2023-04-01 05:00:29,True,2.813e-10,8.839e-13,2000000000.0,0.0176,0xc8...f7e1,https://bscscan.com/tx/0x4f9a88a1831bc8fcf1d1cde8f0883b0426db316bec12573527a83c74136391b3
2023-04-01 04:59:41,True,2.813e-10,8.839e-13,99887244.0,8.829e-05,0x6a...1405,https://bscscan.com/tx/0x1d7f6dfb17ff678bdaa3857ec8e8012e8670d02b24157472f1093672739db288
2023-04-01 04:58:08,False,2.799e-10,8.795e-13,6987772788.0,0.0614,0x96...d961,https://bscscan.com/tx/0x3eb1a8fae6b7f57bd9f31df38d4dcf02ce5694fa59ef954c7bd8e128e8351bdd
2023-04-01 04:57:41,False,2.785e-10,8.795e-13,3060345481.0,0.0269,0x47...be98,https://bscscan.com/tx/0x2fc5defa63a233b9720dc2c4c316efe5bc992988a5077528fcb6c9aa7f3c0e36
2023-04-01 04:56:41,True,2.799e-10,8.839e-13,67995661148.0,0.601,0x94...1ecd,https://bscscan.com/tx/0xf03b88fcac7732044be193de62bda6bd1bf0920abb0a755b9e242bc483afbf5d
2023-04-01 04:55:17,False,2.799e-10,8.794e-13,42953909902.0,0.3777,0x54...2f92,https://bscscan.com/tx/0xe3f45a085a971e983221e604b31249e46ce714fab27312c8908a5320dc534cdf
2023-04-01 04:54:23,False,2.785e-10,8.794e-13,8019556430.0,0.0705,0x69...2184,https://bscscan.com/tx/0x575770fd0f2acca7ce43957de9030c0ef56b763807a7754816189e0b5c0c97bc
2023-04-01 04:52:17,False,2.785e-10,8.795e-13,6100474520.0,0.0536,0xb2...9ad4,https://bscscan.com/tx/0x48b0cb8e9ff00749cb9c280d0e52b3ab513bca4db16cbb48b53cfb45a54a6e9f
2023-04-01 04:48:29,True,2.812e-10,8.839e-13,79194460788.0,0.7,0x73...b813,https://bscscan.com/tx/0xa6050758a7020ea0d5803c7d14c9d9b6f0b7223533ac5f5ef2d7d09454b1e9c4
2023-04-01 04:48:14,False,2.784e-10,8.794e-13,79489939862.0,0.6991,0x39...5645,https://bscscan.com/tx/0x256c066210f0b96b295fd283026e44f4203bbb882367e3ca21eeb93ade62db5a
2023-04-01 04:46:17,True,2.798e-10,8.839e-13,8549486138.0,0.0755,0xcb...e216,https://bscscan.com/tx/0x360034987a1e6d8a35af1a25e57c6df138e25d8cabb8564e566bc014e451764a
2023-04-01 04:44:38,True,2.798e-10,8.839e-13,21495428820.0,0.19,0x93...711e,https://bscscan.com/tx/0x7e85926895c2b2ccb1fa900b82e6cd2417ece8aefd36d9f4ae0ad1f0e8b1edde
2023-04-01 04:44:11,True,2.798e-10,8.839e-13,8829351124.0,0.078,0x9c...a089,https://bscscan.com/tx/0x27dbf7f2e93801c6bedb82078131c81033696e6b96b2c7dc1143147d2bf2aedf
2023-04-01 04:44:11,True,2.798e-10,8.838e-13,4500000000.0,0.0397,0xf5...08fe,https://bscscan.com/tx/0xd07cf3c93a03e32dc7c19214a32173b95745570722197d1aad228da188abd32e
2023-04-01 04:43:11,True,2.799e-10,8.838e-13,5790520243.0,0.0511,0x1c...2f7a,https://bscscan.com/tx/0x23ffc8be22c30942bf7189d28f859252b1b99908e1f6449f65e5201d2ce65647
2023-04-01 04:37:59,True,2.799e-10,8.838e-13,2500000000.0,0.0221,0xe7...d9f6,https://bscscan.com/tx/0x36e1228dc02fabe57609367509f34cf414450a07c43bd742f82013e8ad900677
2023-04-01 04:37:05,False,2.785e-10,8.794e-13,30960667837.0,0.2723,0x53...2f3d,https://bscscan.com/tx/0x4d59a186f3c2d8c8c4031eae2aab0db2e6cb55b3b127ecc581fd1c6900613dc9
2023-04-01 04:36:53,False,2.806e-10,8.816e-13,1.571e-07,1.3e-18,0x69...1c9e,https://bscscan.com/tx/0x95fd8953a534871b7c028c412ec06b2fb04a96c904caf214d21c56d020ecad8e
2023-04-01 04:35:29,True,2.799e-10,8.839e-13,1131339464.0,0.01,0xe1...3850,https://bscscan.com/tx/0x3d19f80c4403e32878766e2c7c0a5bcb19e1384a9a2c2616862133d31c8c5bbd
2023-04-01 04:35:26,False,2.785e-10,8.795e-13,34731198730.0,0.3054,0x34...ff05,https://bscscan.com/tx/0x0f3ee6047971051ddc72714294ee2fd12126055e263088f44c84dd51b480f35c
2023-04-01 04:34:29,False,2.786e-10,8.795e-13,89726076838.0,0.7891,0x5e...795b,https://bscscan.com/tx/0x0daac638605fa9b3129d19114bc216b39046ca24337dc6d9bc23b7f3eaf7d060
2023-04-01 04:33:05,True,2.815e-10,8.839e-13,905018153.0,0.008,0x64...4ef5,https://bscscan.com/tx/0x1f7e286136651ade0d0890b1317a7201b1215d394bcb25caddb90dbfb66b36af
2023-04-01 04:31:59,True,2.801e-10,8.839e-13,6539522849.0,0.0578,0x6a...bef3,https://bscscan.com/tx/0x51db6870c88e3b37a38098645c1b9ea9ab57d786f535a750d9f40061c18d0de2
2023-04-01 04:30:47,True,2.815e-10,8.839e-13,15867000000.0,0.1402,0x98...d8a6,https://bscscan.com/tx/0x5cbd1a52f45b6f7a6aa3ddea9c75dc88ea325f9cfef82f580bdf075f459ed633
2023-04-01 04:30:15,True,2.801e-10,8.839e-13,2887861013.0,0.0255,0x39...ee01,https://bscscan.com/tx/0x1df0a61e4e11767069f39df0ed7f64052c9220015ff127e559df0429d2a86f0c
2023-04-01 04:26:43,True,2.816e-10,8.839e-13,8779312479.0,0.0776,0x49...c09d,https://bscscan.com/tx/0x215e61cbf47c1a4c9b2e74b855384ce8cebf25860d4cb8fa1bc1b4ea7ab3d6d3
2023-04-01 04:25:37,True,2.816e-10,8.839e-13,346574980.0,0.003,0x59...90fb,https://bscscan.com/tx/0x5726f8ec0ec9de9237c321fce2f662dc27c0ae46cd7e235039957bcb4d7672a6
2023-04-01 04:24:25,True,2.802e-10,8.839e-13,39584269191.0,0.3499,0x7d...079f,https://bscscan.com/tx/0x85b0fae112092b7a7cf4ecdaf5d1b5e4c86121a16474690e5befab181d704d89
2023-04-01 04:23:22,True,2.802e-10,8.839e-13,44067610.0,3.895e-05,0x6a...1405,https://bscscan.com/tx/0x03a8430074e6b8676a301fa35590798c13266408e97e91bc6650536e76db26e3
2023-04-01 04:22:29,True,2.802e-10,8.839e-13,1250067094.0,0.011,0x6a...1405,https://bscscan.com/tx/0x91cabb355eb787548c80fe657cb2257c21b18424689602e10ae6d496cef43848
2023-04-01 04:22:29,True,2.802e-10,8.839e-13,200000000.0,0.0017,0x3e...001b,https://bscscan.com/tx/0xdc53ecf5f04e48e3187abca41bc4109283fe57df77c7b1f2fc781f4047b1592c
2023-04-01 04:20:59,True,2.802e-10,8.839e-13,6031901582.0,0.0533,0x6a...1405,https://bscscan.com/tx/0xf2a0cfd6cd7d8f1567abb25beddb105693c90b281e93fb7c4248d13915851cae
2023-04-01 04:20:36,True,2.816e-10,8.839e-13,45279469827.0,0.4002,0xf1...0592,https://bscscan.com/tx/0x3626ef6052b1c2a3be17178488cfbd44285e5ac4285a4d463c1cf47c04c4b76a
2023-04-01 04:20:14,False,2.802e-10,8.794e-13,20579854629.0,0.181,0x49...e2e4,https://bscscan.com/tx/0xd7427cbba4c980e94f23bb401e22cd85e87d7c39029cb54c96c42214425e8946
2023-04-01 04:19:35,True,2.802e-10,8.839e-13,1338099879.0,0.0118,0x9a...ec7d,https://bscscan.com/tx/0xb03e661d0200ec0de552ca8dc24d768b8e3d49277847727d25b288d8bae5294e
2023-04-01 04:19:25,False,2.788e-10,8.795e-13,10756726821.0,0.0946,0xd5...1e62,https://bscscan.com/tx/0xa9e4ab65780d5a6c919078cba16a300ccba924a755b6ca98cf7f19b57a2c59e0
2023-04-01 04:18:26,True,2.802e-10,8.839e-13,2895140000.0,0.0255,0x9f...e017,https://bscscan.com/tx/0xdd18b3edd57e49337253e8c9dcadaccf3d5cb9955bb4af5f41fd8d55dd2225a7
2023-04-01 04:17:59,True,2.816e-10,8.838e-13,262300942875.0,2.31838,0xa3...d014,https://bscscan.com/tx/0xc1a35c48a37ba8f92f05619eb6b5f5acee6373af9cb67581dfca113270211400
2023-04-01 04:12:11,False,2.801e-10,8.793e-13,4660954124.0,0.0409,0x7f...a1ce,https://bscscan.com/tx/0x76202912f69f10e4af2c811495782762b4634913ed8b45d28501e712a65b77d4
2023-04-01 04:10:38,False,2.801e-10,8.794e-13,155834311169.0,1.37045,0xda...4ae2,https://bscscan.com/tx/0x4c491706fcf169d98a96488f349e943cb4ca2f3bda18abad2e81e1f91ef0b1bb
2023-04-01 04:08:47,True,2.816e-10,8.838e-13,31000000000.0,0.274,0x81...c558,https://bscscan.com/tx/0x1912db34c85aafe1e70abaceb632b7dd035e3aa9c578938a8ccd312f06b30a70
2023-04-01 04:08:36,False,2.802e-10,8.794e-13,135737478317.0,1.19378,0x59...b4e2,https://bscscan.com/tx/0xf1a7434e53d3ba81360a55bfa178521bebaa4ce0fcbcaa2eb85d796b7e783ba4
2023-04-01 04:06:51,False,2.788e-10,8.795e-13,162613493252.0,1.43025,0x80...8c95,https://bscscan.com/tx/0x98908cdf96ceb2832df1519656887cc31718c19564ca5e4475d63f7205dcecad
2023-04-01 04:06:33,False,2.788e-10,8.795e-13,69447903389.0,0.6108,0x3b...a6a8,https://bscscan.com/tx/0xbb5f7df7e69289f835b4c2579cd64e9e30bb69fcb97d269658e441b8e2bb0952
2023-04-01 04:06:27,False,2.788e-10,8.796e-13,2110753911.0,0.0185,0x49...e2e4,https://bscscan.com/tx/0x7047bdc33a2c0446ab06437ba22da5b0af3884e7eb2d39edbfb37fcb35c142d5
2023-04-01 04:04:04,True,2.798e-10,8.84e-13,35448009048.0,0.3133,0x91...8a89,https://bscscan.com/tx/0x147c8c123739e49cbeeaff8bc458085b26c029f541a227fc5bb3d5e73be5fe4e
2023-04-01 04:02:54,True,2.812e-10,8.84e-13,3393658001.0,0.03,0x00...bbe1,https://bscscan.com/tx/0x32477ecb2b23efcba5bfb7994950217d3f73f331bf7e69c13a1e7c7028952e97
2023-04-01 04:02:45,False,2.799e-10,8.797e-13,613844100000.0,5.40008,0x60...a458,https://bscscan.com/tx/0x42a1abeeb18f5cb7426bbf9075a282b8ac86b0795ecad6bc35f4180b2cbd5d40
2023-04-01 03:59:04,False,2.783e-10,8.798e-13,30564866347.0,0.2689,0xe6...bee6,https://bscscan.com/tx/0x7aebcb91adc60ac72d3a02de69bb6b525a58aa367f08c088baba5020d847cd8a
2023-04-01 03:58:52,True,2.811e-10,8.842e-13,1194857940.0,0.0105,0xba...5558,https://bscscan.com/tx/0x8d0f51af4bd57e4e4225fb3039fe6809829f210974f5fcef1804999b541fef2b
2023-04-01 03:58:34,True,2.811e-10,8.842e-13,58610218991.0,0.5182,0x35...e00d,https://bscscan.com/tx/0xe65c5b17690cc53041d32150dea3dee1cc0333ba2a12c97af28cf3943a17b674
2023-04-01 03:58:22,False,2.797e-10,8.798e-13,110281053503.0,0.9703,0x19...a8b8,https://bscscan.com/tx/0x16b826539997edd505e01acbffa060c0db9b978265cfc47f1f8c17bb4a824a7c
2023-04-01 03:57:43,True,2.811e-10,8.842e-13,400000000.0,0.0035,0x68...ccdb,https://bscscan.com/tx/0x239ff6dd18258cfb5193425b0f658b2c931a7e41818f393344982ba2cafdcd52
2023-04-01 03:57:16,False,2.797e-10,8.798e-13,64620000000.0,0.5685,0x80...ce60,https://bscscan.com/tx/0xea03758b8ccf0e4a6189798290078200bcd3252e6e48a868eae28fdfc17e8fd3
2023-04-01 03:57:16,True,2.811e-10,8.843e-13,15979898578.0,0.1413,0x24...5c88,https://bscscan.com/tx/0x8a69453f910fa45375e2aa79d7c86ad8173cf3e4fe03167adc81f44e6f694b10
2023-04-01 03:57:07,False,2.783e-10,8.799e-13,147041395581.0,1.29386,0x19...a8b8,https://bscscan.com/tx/0xb0426bdb15089bf79c520f3fc24fc86e75a0e4597e50ecaa1c86cf9d75d6e2e2
2023-04-01 03:53:52,True,2.797e-10,8.843e-13,2562000000.0,0.0226,0x11...5793,https://bscscan.com/tx/0x14db00b0caf8c2ee6106918d49da7fc8fda38079c25f0c5cfa70d8831153aa55
2023-04-01 03:51:43,False,2.797e-10,8.8e-13,207779002261.0,1.82846,0xda...4ae2,https://bscscan.com/tx/0xb25839656298c02e7371a79eefa3fc33cdbc575e8484e2d95bfa155b11c78da9
2023-04-01 03:49:25,False,2.783e-10,8.8e-13,193749756558.0,1.70517,0x29...4a8e,https://bscscan.com/tx/0xe24aa074fe38d3ec4d4719a933a00e12f125a4bc6a153f1ac9ebc473c78515fb
2023-04-01 03:47:40,False,2.784e-10,8.801e-13,22021310881.0,0.1938,0x45...62ed,https://bscscan.com/tx/0xff028769bfb53177c24d1462a6dec10dab6b1b5b63a36064114ec531d54ff15e
2023-04-01 03:46:28,True,2.812e-10,8.845e-13,102876001.0,9.099e-05,0x90...3d44,https://bscscan.com/tx/0xef6638c6b1d1e66678afbcafc4a7b9ee8873992dc9d0cb4564e4baa83987c26e
2023-04-01 03:44:25,False,2.783e-10,8.801e-13,90000000000.0,0.7921,0x86...be7e,https://bscscan.com/tx/0x6c041ef25244512644faa7ee852a1276200352b636a6fa2c799db9e6bba1850e
2023-04-01 03:44:25,False,2.784e-10,8.802e-13,271445046112.0,2.38935,0xec...0df6,https://bscscan.com/tx/0xc86715cb604647cda58e891ecdb98079f1c5c6bf5ee08581fe2c3c1413934862
2023-04-01 03:44:22,True,2.798e-10,8.847e-13,4624094830.0,0.0409,0xfd...a35c,https://bscscan.com/tx/0x026848afb7b38015b94a47bd6090d1261663ea51cdac99b94d169fccd1c46a71
2023-04-01 03:43:43,False,2.784e-10,8.803e-13,149400000000.0,1.3152,0x0f...0f6c,https://bscscan.com/tx/0x7075a9785b542aa8d9ca0d15bf1da9ec8da0f91a00636ff54bbf27811ce14f43
2023-04-01 03:41:16,True,2.798e-10,8.847e-13,6497706374.0,0.0574,0x95...7f69,https://bscscan.com/tx/0xc6a5a0f3b1688b1bc96937e50b9db577483c00d4c3806f5afe5911ff22cc9b01
2023-04-01 03:41:04,True,2.798e-10,8.847e-13,25066109989.0,0.2217,0x44...c128,https://bscscan.com/tx/0x3dd59eaca801b35e63c1113511fa5e52ab1710674923cc77a929ce0b9e1df998
2023-04-01 03:38:46,False,2.784e-10,8.803e-13,621187913.0,0.0054,0x96...356c,https://bscscan.com/tx/0x3ea84865a3b577e349311626e61dfd92a0d17fa9a33c8f8f1b4be145f9bdf13d
2023-04-01 03:36:58,True,2.798e-10,8.847e-13,12301673249.0,0.1088,0x71...3e87,https://bscscan.com/tx/0x827644ebd2abea11cc8d5e794c9d10fd98ad97596a88b93c25d671191d3e93e7
2023-04-01 03:35:49,False,2.798e-10,8.804e-13,511113600000.0,4.50005,0x60...a458,https://bscscan.com/tx/0x9192255cb1652cf6fca1f3bd5dd956220750769b033da590f05b5b2917f0103f
2023-04-01 03:34:49,False,2.798e-10,8.806e-13,277038581955.0,2.43962,0xda...4ae2,https://bscscan.com/tx/0x3a048f21c091d352e84d72f7418e3eedbfee3e72855607f2852a89e14abe899a
2023-04-01 03:34:07,False,2.798e-10,8.806e-13,3688030018.0,0.0324,0xb1...4cec,https://bscscan.com/tx/0xb539b2a1382454759fcb66b5f38bf1957ff729a3a510ff3544c06ed18c77b96b
2023-04-01 03:34:01,True,2.812e-10,8.85e-13,217068190983.0,1.92114,0x8b...10bd,https://bscscan.com/tx/0x943b55e9948227b233fc1fd91ab873c62b3dcaa520d033a64bce5eeeb6b5fd07
2023-04-01 03:33:52,True,2.812e-10,8.849e-13,564983001.0,0.005,0x36...2221,https://bscscan.com/tx/0x761e4fbefb0f85c4253b8b209f6c0d1a50af553fd4103dce3b082730e7091883
2023-04-01 03:32:49,True,2.812e-10,8.849e-13,27170202729.0,0.2404,0x7a...e566,https://bscscan.com/tx/0x7de11063b19e113918d87af90fc5a2f299d26dae90dad5c50b571eade1182588
2023-04-01 03:30:46,False,2.784e-10,8.805e-13,3778501594.0,0.0332,0xfb...65d8,https://bscscan.com/tx/0x9bf8dbe5024b091580007b81afce6463ce5173100c801940a9728871a32640d5
2023-04-01 03:30:43,True,2.798e-10,8.849e-13,35029164377.0,0.31,0x1e...b3fe,https://bscscan.com/tx/0x54d25bcde3d23833e14e9996da8448e10cc34abb1285ebec48287222f27bd0d9
2023-04-01 03:30:19,True,2.799e-10,8.849e-13,7170700001.0,0.0634,0xb8...953e,https://bscscan.com/tx/0x2588163ee1e2f8599f44521b4bdaf4685cec30d46978499a848d10cb627124ec
2023-04-01 03:30:19,False,2.785e-10,8.805e-13,19354240900.0,0.1704,0xc5...1fc9,https://bscscan.com/tx/0xfb5c3ab3fc75d70a5c4ab1bca51e9ca2bdc0bf923344d7af36012ea5600221b4
2023-04-01 03:29:25,False,2.785e-10,8.805e-13,34112295967.0,0.3003,0xbf...09e8,https://bscscan.com/tx/0x3c4c6e81401b0518b3fff7a0d7f21b8fa2083aecacc7917c52f2de1bcf43945c
2023-04-01 03:28:49,True,2.813e-10,8.849e-13,18146731541.0,0.1606,0x43...efb6,https://bscscan.com/tx/0xe06edbec064955e12fd25b6c8aaca4cb5fa1fb5aab2ac404d6210e7128423e84
2023-04-01 03:27:22,False,2.785e-10,8.805e-13,13886140845.0,0.1222,0x20...f738,https://bscscan.com/tx/0xc88cd15e902dfc211f02bc320ee77122326d4ca1cabc53e83ea3958b1756ad63
2023-04-01 03:26:25,True,2.813e-10,8.849e-13,16154006867.0,0.1429,0x8c...f8bb,https://bscscan.com/tx/0x78dd19c2b5873094a7d7caa8cf6fedb1e25548aa61f3788a9f46fd6cf508abc3
2023-04-01 03:26:22,False,2.799e-10,8.806e-13,213586978718.0,1.88086,0x7c...a2e6,https://bscscan.com/tx/0xa03609505dd19bd2d82bcec57ef22a24d593f6380cb916f467b6b8c52cd39198
2023-04-01 03:24:58,False,2.8e-10,8.806e-13,27944647294.0,0.2461,0x7a...e566,https://bscscan.com/tx/0xf81f5c474cbfdacb65a671d132e927d9f0b918837737d0ee5b45a6a49d6f220f
2023-04-01 03:23:01,False,2.786e-10,8.807e-13,267379303459.0,2.35486,0xae...5356,https://bscscan.com/tx/0x590d8d8f9477c4b388355330fa80ca15c3abc25f3156dd24d737250b17b428e7
2023-04-01 03:21:28,False,2.8e-10,8.807e-13,1571119235.0,0.0138,0xff...f671,https://bscscan.com/tx/0x76efa4c5a1be04c2fde958bebf15ac7ef2421ea79feede2d9e1307be215b7390
2023-04-01 03:20:22,True,2.798e-10,8.851e-13,5000000000.0,0.0442,0x02...d0be,https://bscscan.com/tx/0x11e5fd0b70f0d3af32cae1cb23bbfa6bb5b81459e2a87e8ce9ab4f1eb6becbe0
2023-04-01 03:20:07,True,2.799e-10,8.851e-13,677817312.0,0.006,0xd5...269a,https://bscscan.com/tx/0x95a974e21d2ae6d3fc99182464b0ece1994461e9e76af19f7c3c7dcd6483ef28
2023-04-01 03:20:04,True,2.799e-10,8.851e-13,712876294.0,0.0063,0x5c...15a4,https://bscscan.com/tx/0x22dcb136c35d52fafeaf177a3644c7cac2f719036f783f9c6ea32f43e0f54710
2023-04-01 03:19:35,True,2.8e-10,8.851e-13,3111222288.0,0.0275,0xc6...12e1,https://bscscan.com/tx/0x421ab01142fe16032b6e84237faaa08c7650e19b43e52ec5d3c5e5acc3505b43
2023-04-01 03:16:24,False,2.8e-10,8.807e-13,63324119157.0,0.5577,0x23...c746,https://bscscan.com/tx/0x1668db35f4c559402d4a69f46a92a6e323e65362150d955470d1a39a01b1046f
2023-04-01 03:16:09,True,2.814e-10,8.852e-13,16945022133.0,0.15,0x50...867d,https://bscscan.com/tx/0xec598f2107b5113d563d2d130f10bca167bfea0c4eeccd3a62acf56a84238ae9
2023-04-01 03:13:24,True,2.814e-10,8.852e-13,19429277417.0,0.1719,0x15...4042,https://bscscan.com/tx/0xe94061d3e839ffec4eb1b7b462df7945113563f17965bc24c31aabfb3f65216e
2023-04-01 03:12:39,True,2.8e-10,8.852e-13,14406054943.0,0.1275,0xec...87a8,https://bscscan.com/tx/0xb5858467bc3ddf2688eb72fa00c08119ed231022314480b7231be30dc7c086e0
2023-04-01 03:11:42,True,2.8e-10,8.851e-13,28016526876.0,0.248,0xc4...1423,https://bscscan.com/tx/0x4b0c5d70f14612677cd6ded7c88f69a671ad3d066fb1697a59ca4a825dee56c3
2023-04-01 03:11:21,False,2.801e-10,8.808e-13,457262145250.0,4.02785,0xf7...9ba4,https://bscscan.com/tx/0x679e636ac8d46e9eaea32fb6cf12680f4c2f9f1f03fb0077053c87e65391121a
2023-04-01 03:09:57,False,2.801e-10,8.809e-13,1252012713.0,0.011,0xdc...c6dd,https://bscscan.com/tx/0x23461a6bcd9aaca4dd5c8df9db81f3396bdb4da7ea0457415959285bd993cd49
2023-04-01 03:08:51,False,2.801e-10,8.809e-13,7200000000.0,0.0634,0x69...cbfa,https://bscscan.com/tx/0xb8d6492f245244c9acaea38868e1151198d2824f01f2219b1e7eb510e03c8bca
2023-04-01 03:08:36,False,2.801e-10,8.809e-13,61178260505.0,0.5389,0x14...80be,https://bscscan.com/tx/0xe13896fb14dc0cc4cac360af1a4cb8c6b9d42fc559b6e5b41bdf35cf52d9a0e9
2023-04-01 03:08:24,True,2.815e-10,8.854e-13,1000000000.0,0.0088,0x2b...4bc2,https://bscscan.com/tx/0x4a04f2cea54bdad6096313fe632e613f588c8390ae8b0bf66bf318f80bd4019c
2023-04-01 03:08:15,True,2.815e-10,8.854e-13,4725666176.0,0.0418,0x15...4042,https://bscscan.com/tx/0x97a6949a4d3ff2f696f7040660e04dcb4458c14ab89a239e4416c67e8bb13ddc
2023-04-01 03:08:00,False,2.787e-10,8.809e-13,4273580611.0,0.0376,0x59...0087,https://bscscan.com/tx/0x82c8415fe9d5edc5b6972bf3afde3f7aa2ccc0daee768527d5cf198bf473c0be
2023-04-01 03:07:51,False,2.788e-10,8.81e-13,67500000000.0,0.5946,0x69...cbfa,https://bscscan.com/tx/0x3110078c6db251ad56a1e3da372690ec88b64a7606b8dff4983f46458740e7aa
2023-04-01 03:07:45,True,2.802e-10,8.854e-13,8967179172.0,0.0794,0x4c...9918,https://bscscan.com/tx/0x894e390187f376b3848e903ac66fdd638622f4f7ac2098ffaf313ee7e8b0eeb7
2023-04-01 03:06:12,True,2.815e-10,8.854e-13,1000000000.0,0.0088,0x2b...4bc2,https://bscscan.com/tx/0xc59256c859bc6c9fbd2abdd816a9822fb9d9243d89d01e80a74eaf5124e4fedf
2023-04-01 03:05:15,True,2.801e-10,8.854e-13,4517569523.0,0.04,0xd2...3977,https://bscscan.com/tx/0xbc3a515b864e3fe599ea8af653a2f3d5b5a68e77c528956e09b6b7725ae0225b
2023-04-01 03:04:57,True,2.815e-10,8.854e-13,1000000000.0,0.0088,0x2b...4bc2,https://bscscan.com/tx/0x31ba4df5c3683affd8801f240ccff5b7553c266af60d2e45cebbe6d16d0e572f
2023-04-01 03:04:33,True,2.815e-10,8.854e-13,734106324.0,0.0065,0x3e...7de8,https://bscscan.com/tx/0xa581c663caa850792df63abfd481f91366bd5e30f584a7eefc5f1cfa1084a81b
2023-04-01 03:04:24,True,2.801e-10,8.854e-13,20582601.0,1.822e-05,0xf7...9ba4,https://bscscan.com/tx/0x8247aefd8dd6bd1990dcc83fd77c9b46aa8322b30332e36e05596d2c83c71324
2023-04-01 03:03:57,True,2.8e-10,8.854e-13,526234000.0,0.0046,0x2b...4bc2,https://bscscan.com/tx/0xbc74142e60716b40396bbec3116cd839d49c04beb16c389c88228440ca528daf
2023-04-01 03:02:42,True,2.801e-10,8.854e-13,3890759822.0,0.0344,0x3c...6016,https://bscscan.com/tx/0xbf59f1dec73d1206ef63efe9a1a52f1908d689f20d0512f90dcd9d3b94e777e5
2023-04-01 03:01:30,True,2.814e-10,8.853e-13,135532045429.0,1.2,0xb7...4eaf,https://bscscan.com/tx/0x44b816e6b8b792bd90788657f69c4e2fdd00a671e3afde0d4c1717abf0fe15e4
2023-04-01 03:01:09,True,2.814e-10,8.853e-13,9035782695.0,0.08,0xfa...f0c2,https://bscscan.com/tx/0x2214a54de3183bcd905d2464d0682a5b2688a2f0ea157ad1607466fa246763ff
2023-04-01 03:00:00,False,2.786e-10,8.809e-13,6531072895.0,0.0575,0xff...300c,https://bscscan.com/tx/0xe5a105a03d16a4fced3881a710966860281bdef0c1085ee2f1d0c464c846ba4b
2023-04-01 02:59:36,False,2.786e-10,8.809e-13,8738350087.0,0.0769,0x8c...f14d,https://bscscan.com/tx/0xada081dac095d0f81825b0f566c14f3b36c5390f9c1edb2007ff8bbae1feaa52
2023-04-01 02:58:51,False,2.8e-10,8.809e-13,6489227113.0,0.0571,0xab...9fe6,https://bscscan.com/tx/0xfca3658b043215e9246ac9f357d539b5b529d4d8175bbee20af9bd8cb31acd62
2023-04-01 02:56:21,True,2.814e-10,8.853e-13,1465259207.0,0.0129,0x00...e5d5,https://bscscan.com/tx/0x07eabe12e3bd6c238066414aa37653642cd9b6ff9495fd119c1f3b003e7a57fa
2023-04-01 02:54:09,False,2.8e-10,8.809e-13,12600000000.0,0.111,0x19...542e,https://bscscan.com/tx/0xe78f444a23a33494b146eb59151fd62dc375230517be9adb51e677d640bb5295
2023-04-01 02:53:39,True,2.814e-10,8.853e-13,5082564976.0,0.045,0x3d...1740,https://bscscan.com/tx/0xca59a82eb7bbac0a2e9a028599def6c83f86fd0e8b77932f9696e397fc0d7a8b
2023-04-01 02:53:24,True,2.814e-10,8.853e-13,7102260001.0,0.0628,0xab...ce75,https://bscscan.com/tx/0xe42b3b245b079c12802825b19f3964ab1308c4a55716d63e08c0e545f34280a8
2023-04-01 02:52:12,True,2.8e-10,8.853e-13,34100000000.0,0.3019,0x9e...8e56,https://bscscan.com/tx/0xf31434de6d5a64850aa2da6ce3cf17e65a40df7371724bfec11a93d1c2d7f8a9
2023-04-01 02:50:54,True,2.814e-10,8.853e-13,621805246.0,0.0055,0x2f...2e87,https://bscscan.com/tx/0x31cccd8508d8948ca35acb5fe675586b60dfdf17a5f394c7eb0aa8e8f7294a8d
2023-04-01 02:50:38,True,2.814e-10,8.853e-13,2869957514.0,0.0254,0x2f...2e87,https://bscscan.com/tx/0xe00891747cfc1e510cb3d2926265cc822ee77388ebeaef44df2add3d957addae
2023-04-01 02:47:59,True,2.8e-10,8.853e-13,14242847974.0,0.1261,0x0a...fb6a,https://bscscan.com/tx/0xa84aca60371ddac6d1be7d3ef3e6b6cb05f2d5924978a6f9323a5ea8f3dcbaf6
2023-04-01 02:47:08,False,2.786e-10,8.809e-13,20700000000.0,0.1823,0x59...7a82,https://bscscan.com/tx/0xc676c57024ce1454c020c68fbcf9da877f77d433bda9ed848d2ece4ed25df53f
2023-04-01 02:47:00,True,2.814e-10,8.853e-13,7734858425.0,0.0684,0x72...10bf,https://bscscan.com/tx/0xc729098ecf35a28a768245a61831056fd43e614d632c3890a8a5eebf366c4093
2023-04-01 02:45:43,False,2.8e-10,8.809e-13,185400000000.0,1.63333,0x59...c703,https://bscscan.com/tx/0x097506ac7bf0e03bdd1d47d4a465304ff318bc812ea76505036200638a4eb319
2023-04-01 02:44:49,False,2.786e-10,8.81e-13,32270129844.0,0.2843,0xd5...1e62,https://bscscan.com/tx/0x1c86df95207904eb67baec9bb655a489df83de04954fb1d83bd15fa3aa1d142e
2023-04-01 02:43:59,True,2.814e-10,8.854e-13,2823420783.0,0.025,0x0a...2e82,https://bscscan.com/tx/0xe4da616999eb36c6a58db78fa37d9472b09d3be839c1ef35b8189d42aef32684
2023-04-01 02:42:32,False,2.8e-10,8.81e-13,90511841256.0,0.7974,0x7e...16dc,https://bscscan.com/tx/0x71c4fbcfc6a84b4ff19a2d81260a43812cce460fab6a7c141aa8b2b145eed170
2023-04-01 02:40:13,False,2.8e-10,8.81e-13,21020776190.0,0.1852,0xd7...595c,https://bscscan.com/tx/0x6a3001d34ac1991369a504713e3a67e3ffd46b3a058f58b6896db53f2f95f69f
2023-04-01 02:39:34,True,2.814e-10,8.854e-13,11705087413.0,0.1036,0xc6...0294,https://bscscan.com/tx/0x8bfee787d31a1c7f358972469e31d990092ff0ab2a040db8149049af40df7e26
2023-04-01 02:38:36,False,2.786e-10,8.81e-13,16292166221.0,0.1435,0x2b...a87d,https://bscscan.com/tx/0x39c3e7052d8cacb991c6a7bb7f04dfae21c9d8e09b2bbcb384bf4af22753e1b5
2023-04-01 02:36:26,True,2.8e-10,8.854e-13,1683497157.0,0.0149,0xd2...d9e7,https://bscscan.com/tx/0x252d6611bb66478b2bb4274110a5695f21ffb38ebef997c51a8125bcfbc6b805
2023-04-01 02:34:52,False,2.8e-10,8.81e-13,41843367575.0,0.3686,0x45...4b75,https://bscscan.com/tx/0x68ed85f537129c61865823d59f369a6442ab75069e67f3e0d6b1c19c650d56f9
2023-04-01 02:31:10,False,2.787e-10,8.81e-13,14013848410.0,0.1234,0xd7...595c,https://bscscan.com/tx/0xb70ab4dea34c09011209f67548c38d277250527b2b5937b685970d0d7efe737a
2023-04-01 02:31:07,False,2.801e-10,8.811e-13,90000648744.0,0.793,0x94...5122,https://bscscan.com/tx/0x6e8208d9f63621242252bf8557516cfc0fa81312e271d6c5509273a5064977d1
2023-04-01 02:30:34,True,2.815e-10,8.855e-13,46298879905.0,0.41,0xb5...3edb,https://bscscan.com/tx/0x2957f5d239d831b653b50d8105ecb50a7ee9042081e456bec84ece137b51e66b
2023-04-01 02:30:10,True,2.815e-10,8.855e-13,162162786829.0,1.43596,0xdf...2b06,https://bscscan.com/tx/0xff6e1b6fc1a89de90459f6eb77e9aec174b846ce53a3cb82529b31cf9071a5c4
2023-04-01 02:29:22,True,2.815e-10,8.854e-13,1177088555.0,0.0104,0x72...10bf,https://bscscan.com/tx/0x84879a8306f6eb9fb5aaa5b385a184f8f85c94e021cef64447d12b76e27b5b27
2023-04-01 02:28:52,False,2.786e-10,8.81e-13,9582204926.0,0.0844,0x3e...2eb0,https://bscscan.com/tx/0x913123f7678fadeb7d285efa9411832c9c9d3c217009e8c86b8980a41c98cf68
2023-04-01 02:28:07,False,2.802e-10,8.81e-13,10457335205.0,0.0921,0x10...80c2,https://bscscan.com/tx/0xb48a73e752389ce959d414140f541b21de459f47be9919368cc6a5ed6f907f87
2023-04-01 02:27:58,False,2.8e-10,8.81e-13,18010197970.0,0.1586,0x48...43b4,https://bscscan.com/tx/0xf5030d9fd3b105210f39a11247d56c9b9a225dc7547fd08271dac2679e40e5d8
2023-04-01 02:27:19,False,2.8e-10,8.81e-13,73806332977.0,0.6502,0x76...0cba,https://bscscan.com/tx/0x20cc160c39bb06d81d09576085168bd630002c26d25bc0f7a1d878cac561d8f1
2023-04-01 02:24:22,False,2.787e-10,8.81e-13,14512209886.0,0.1278,0x14...92d9,https://bscscan.com/tx/0xa41a9a6ea08b52e50c0c411536d1e38c88920ff1d490165a4290b72d3621e5a5
2023-04-01 02:24:01,False,2.8e-10,8.811e-13,960344888.0,0.0084,0xcc...1853,https://bscscan.com/tx/0xf98e272d5c71ee33d0686a90defbbfbb5ac220ff588bd63647329311464b0fb5
2023-04-01 02:21:40,False,2.8e-10,8.811e-13,109350182767.0,0.9635,0x71...b532,https://bscscan.com/tx/0x349f440d78e9cb09f82451a0c940c94c2c7fca6e0477ec1d923defdee07ebef5
2023-04-01 02:20:43,True,2.815e-10,8.855e-13,64029.2,5.67e-08,0xfa...0cbc,https://bscscan.com/tx/0x1f1c78176e87f898f5ac82537da9c6ed52273357f6d216726d53cb2ad74f1745
2023-04-01 02:20:07,False,2.787e-10,8.811e-13,3994299305.0,0.0352,0xd0...0e87,https://bscscan.com/tx/0x48fdc2a37128c929d3e0d2571f3a727d64ada8ff7bb51b40cbe3de23116b40a3
2023-04-01 02:18:19,True,2.8e-10,8.855e-13,2823031731.0,0.025,0x26...4c79,https://bscscan.com/tx/0x7c4c5e0b816648a8548ab2461e09bf4789925c397c549c18ed48c0e59900f4d5
2023-04-01 02:14:27,True,2.8e-10,8.855e-13,100000000.0,8.855e-05,0x9c...d899,https://bscscan.com/tx/0x0deac6e211639278a92e270ed470c9ee90f36ce9a5201800eda34c6ef686975d
2023-04-01 02:13:54,True,2.814e-10,8.855e-13,33876680972.0,0.3,0x39...8c7d,https://bscscan.com/tx/0xae58580dccc02dd867bbe8b7d8cab9f864add93f4c0716006ef670dbf0d6ce19
2023-04-01 02:13:45,True,2.8e-10,8.855e-13,2392119260.0,0.0211,0x31...ac55,https://bscscan.com/tx/0x7ae6b736053f927a3d1fc385ce3d8c486e0bd88591577edde2331e8f2d0e0ccb
2023-04-01 02:10:18,False,2.8e-10,8.811e-13,15617714093.0,0.1376,0xf3...11ca,https://bscscan.com/tx/0x114890ef2a43586bfd8da5a75c0c506b86f17fb1d069bd1bbfa42d5ca2353e29
2023-04-01 02:10:03,True,2.815e-10,8.855e-13,6394477844.0,0.0566,0xf6...4a35,https://bscscan.com/tx/0x1631a855c3a1a4d3931dbb83f79b95a398505422cda2c1f3beaaab8b15b5090c
2023-04-01 02:08:59,True,2.815e-10,8.855e-13,7720603879.0,0.0683,0x51...d6f0,https://bscscan.com/tx/0x11632eab75934a2993bb01de7274ec6cef87f02169d7deb136d72f5dd99a56e1
2023-04-01 02:07:44,True,2.801e-10,8.855e-13,25000000000.0,0.2213,0xd8...7b94,https://bscscan.com/tx/0xe938152c7b2acd464efc5aad7fe9e3e5cb6e3f1604df12d2213480ceb3da69a5
2023-04-01 02:06:56,True,2.815e-10,8.855e-13,33674385503.0,0.2982,0xbb...7542,https://bscscan.com/tx/0x797245a25198478d703ca541c968e9d0814e8913065f76db12d04965b4df9272
2023-04-01 02:05:24,True,2.8e-10,8.855e-13,17059939770.0,0.151,0x1b...bf2e,https://bscscan.com/tx/0x060731f17ecae363bd7baf8767de6908b952267ff7a554c54a43f3830fc0e6ba
2023-04-01 02:03:57,True,2.8e-10,8.855e-13,300000000.0,0.0026,0xe6...c016,https://bscscan.com/tx/0xc5bc674f6b83230b906f305c5ae6d778c255293dfaaac24275b3f072335e91af
2023-04-01 02:02:33,False,2.8e-10,8.811e-13,2429005712.0,0.0214,0x7b...0eff,https://bscscan.com/tx/0xf4410f959d525eeedcfbf4afc73a0ebf5f6cf65a2ff8a7f82db247208c199c44
2023-04-01 02:02:09,True,2.8e-10,8.855e-13,5999538187.0,0.0531,0x3b...17d2,https://bscscan.com/tx/0x076673094c7a177a533aef6f6c8d74e0c6e29004588057af3857eaf9c94d284d
2023-04-01 02:01:09,True,2.814e-10,8.855e-13,7795468036.0,0.069,0xef...084b,https://bscscan.com/tx/0xea876fe547c1ab73bf40c913afa451dc489b188d4d9e77316d0fe6cc9144457d
2023-04-01 02:00:45,True,2.8e-10,8.855e-13,2996775153.0,0.0265,0x1f...08d0,https://bscscan.com/tx/0x9ae4f163ea43ff7d7b45e0f910f609291d15b97097090628e3c9ff5b379b9160
2023-04-01 02:00:18,True,2.8e-10,8.855e-13,1050231920.0,0.0093,0xa4...639a,https://bscscan.com/tx/0xb5c0d9ce05f2fe21f08f8751b1615d5e70d3a3c273b132845443f0d0000dadb0
2023-04-01 02:00:00,True,2.8e-10,8.855e-13,338784603.0,0.003,0x11...5090,https://bscscan.com/tx/0x1b3ab0ef947b6ce1c7805b636eb65b349ef1932cbcdf764bec179a15375dd9c2
2023-04-01 01:59:48,False,2.786e-10,8.811e-13,43449438238.0,0.3828,0x35...1952,https://bscscan.com/tx/0x28e70c2dabbed4ecf860206e9a8000feb275d07d488456401808d63a89d39518
2023-04-01 01:58:24,False,2.8e-10,8.811e-13,27628827659.0,0.2434,0x5f...cda2,https://bscscan.com/tx/0xc28f1dd5f9ad90df05dc8634871f9711dec982fde3072334df3261050c7acf56
2023-04-01 01:56:54,True,2.814e-10,8.855e-13,22584996263.0,0.2,0xfd...0dd2,https://bscscan.com/tx/0xd8096118a60fdc586388e6d0d52c5f35693e7e2075a834a3bbd08525e48e0948
2023-04-01 01:55:27,False,2.8e-10,8.811e-13,83683449217.0,0.7373,0xf7...8f8d,https://bscscan.com/tx/0x541d390dc496fa588d1aa3c73600bf62ff9e067998eea3024d589b87b257c21b
2023-04-01 01:54:42,True,2.8e-10,8.855e-13,110746680623.0,0.9807,0xb1...4977,https://bscscan.com/tx/0x871fc81b7a86adc1fce943281a72cebcd7dcd38a878192fd74db578e09534768
2023-04-01 01:53:48,True,2.814e-10,8.855e-13,10840000000.0,0.0959,0xe6...c016,https://bscscan.com/tx/0x4f2305d2b22989be6da10065060ca59052dc4041338bee2990e914da288dccac
2023-04-01 01:52:57,True,2.814e-10,8.855e-13,21593387186.0,0.1912,0xd4...2c43,https://bscscan.com/tx/0x9fbf26fef7230d16c72ce4ba77bb265efab5ec7e13d23b8f7a07d494b858ce0e
2023-04-01 01:48:36,False,2.787e-10,8.813e-13,1163332262700.0,10.2529,0x7a...7129,https://bscscan.com/tx/0x6a89b4aaf4fe0b601a5ee87ed51fd8e287958c6d7231bb346afe2c68c748bdd5
2023-04-01 01:47:18,True,2.802e-10,8.86e-13,1582621796.0,0.014,0xd2...d9e7,https://bscscan.com/tx/0xe2bcd61ead4aba104f3617606741d380480bd2c604a069bdd8958fa9670f40aa
2023-04-01 01:45:33,False,2.802e-10,8.815e-13,16060743693.0,0.1415,0x2b...7d67,https://bscscan.com/tx/0xdabce0ebca8108f4346802e25084337fc5a7df980c0af8d3934cef29ec510cb9
2023-04-01 01:43:12,True,2.816e-10,8.86e-13,18000000000.0,0.1594,0xec...f611,https://bscscan.com/tx/0xbc838085371b77c2f147ef6528a242f8b9985bdef1e5faaf9bbae18fcd7cac39
2023-04-01 01:42:00,True,2.816e-10,8.86e-13,7994138892.0,0.0708,0x7d...d5a6,https://bscscan.com/tx/0x2f6be942398d5247b3fc78a998becf679025e16a93c232a3a6a5a014d2de8dc0
2023-04-01 01:40:30,True,2.816e-10,8.86e-13,3200000000.0,0.0283,0x5c...5404,https://bscscan.com/tx/0xa940a34828d91cc6fc4ae044805a200a1a630c3ace7f56eec2076c1f7a858cc5
2023-04-01 01:39:24,False,2.789e-10,8.816e-13,283358741520.0,2.49819,0xc1...e030,https://bscscan.com/tx/0xb9c29436a43b1e59d4b84fdd0f7bf56d8a717e7a90167da40d7cbe590daf56e7
2023-04-01 01:37:42,True,2.803e-10,8.861e-13,7267664545.0,0.0644,0x41...6d27,https://bscscan.com/tx/0x6d9c09eabd3506a2dcdab0e566696df70b088893f68b4fb38998620f50a3051c
2023-04-01 01:36:06,True,2.803e-10,8.861e-13,56426687681.0,0.5,0xaf...06fa,https://bscscan.com/tx/0xb5650b5f835ea2e7dc42b55d5b18fc8a95e2cbc59b70cfa538e0ad93f748e003
2023-04-01 01:35:33,True,2.803e-10,8.86e-13,37252256033.0,0.33,0x8d...4089,https://bscscan.com/tx/0xf8302728d59f5ecac8a60724539e58bd42168a143ed1b8d1ad86f7c9e58351c0
2023-04-01 01:35:12,True,2.817e-10,8.86e-13,94980391866.0,0.8415,0x85...34b9,https://bscscan.com/tx/0x88289d74583152ecc95391d7c1eb1a1fbf9b5c07ac2a5e272c0337c045191f01
2023-04-01 01:34:53,False,2.803e-10,8.816e-13,7339163252.0,0.0647,0x73...27b3,https://bscscan.com/tx/0x094541ca1671402a704c4f1a5c579a5d21e134216d0bc936a1b3fc94190907ac
2023-04-01 01:34:50,True,2.817e-10,8.86e-13,12414820450.0,0.11,0x5e...4346,https://bscscan.com/tx/0x3ae2f58cd890ca951dd2661cdafef1394935ac39ad4f082438974965fd36d905
2023-04-01 01:34:35,True,2.817e-10,8.86e-13,714530000.0,0.0063,0xec...2b4c,https://bscscan.com/tx/0x0afa88143c82f59be14aeed7a4d7e8ed52f98eaefca3d6cfe6522e63dd71e05b
2023-04-01 01:34:29,False,2.789e-10,8.816e-13,4659799388.0,0.041,0x95...616c,https://bscscan.com/tx/0x9ae13b782fc76f24a955c86f392dab9e7d383412ed020469897890e24d9baed9
2023-04-01 01:34:11,True,2.817e-10,8.86e-13,2789876421.0,0.0247,0xee...a0bd,https://bscscan.com/tx/0x91aef379241de62cebc8e4635f22d6917f5f9ad6ce19c2ec8cc4764a92caaf49
2023-04-01 01:34:08,False,2.803e-10,8.816e-13,55654429854.0,0.4906,0xf7...9f4a,https://bscscan.com/tx/0xa6f9087852847d691713ed944c05e673923aaf4c44b47150db0902fa8d75e3c3
2023-04-01 01:33:20,True,2.817e-10,8.86e-13,1354311692.0,0.012,0xe6...a3fe,https://bscscan.com/tx/0xeeff57ad74b3e0e6476d7e170446261a5865e1d2bae481607c6e9ea5f8f523d4
2023-04-01 01:33:02,True,2.816e-10,8.86e-13,1128593749.0,0.01,0xa9...ce64,https://bscscan.com/tx/0x09311ae935fd88b8e763489af6d3e0c33f6135f9cfaa33f4a0a1d006b599ea43
2023-04-01 01:31:14,False,2.788e-10,8.816e-13,30903526641.0,0.2724,0xbb...ddae,https://bscscan.com/tx/0x2a2eab21c153f8c394f2adc1c8c5c0830c0db61d1356ee73829200406815f26f
2023-04-01 01:30:17,True,2.803e-10,8.86e-13,1128577663.0,0.01,0xe6...a3fe,https://bscscan.com/tx/0xfa6a262fe71055eda9f9800ae71662c37f9eff30c84470782fef636ddc9474a2
2023-04-01 01:30:08,True,2.803e-10,8.86e-13,7110053348.0,0.063,0x6c...8b39,https://bscscan.com/tx/0xd75c0f7214893d9a8fc8cb40ca5310934ec1e83a334818a259c87f56fb926336
2023-04-01 01:30:08,True,2.803e-10,8.86e-13,2412750001.0,0.0213,0x8d...7f35,https://bscscan.com/tx/0x827b92ee063bc725eb870000d600476ff81391ea2d608a2b622d60eb2ffce47e
2023-04-01 01:28:53,False,2.789e-10,8.816e-13,11609608773.0,0.1023,0xe2...9b5e,https://bscscan.com/tx/0x64c1f460c6832f73b7aadd8ddd51622469005c47ac6fd386872c10779d057bb8
2023-04-01 01:27:56,True,2.802e-10,8.86e-13,10084510000.0,0.0893,0xfa...f3f8,https://bscscan.com/tx/0x129971f681c526c651a8af273b466ea157b8258f01c03423f9859f46fcbbbbe3
2023-04-01 01:27:53,True,2.802e-10,8.86e-13,43799458545.0,0.388,0x51...1839,https://bscscan.com/tx/0x98cdca514842f7b216c8b2d18bc2673470dd9231107aecbe003bdcb51b1f6198
2023-04-01 01:27:17,True,2.816e-10,8.86e-13,1051987084.0,0.0093,0x15...4042,https://bscscan.com/tx/0xc4fc995744304334cea152958d7cc02422f760b79eca042f8bf321679ce309c5
2023-04-01 01:25:59,False,2.802e-10,8.816e-13,4969621484.0,0.0438,0x9a...a535,https://bscscan.com/tx/0xc62fe951b8cd27748109334d0065d6c01d8a3dfda6e9e97cb8b228a3e81a31b5
2023-04-01 01:24:08,True,2.802e-10,8.86e-13,11286069853.0,0.1,0x1b...a19d,https://bscscan.com/tx/0x8c9d07d9cdb5fa75e39971df974a7bbd1aed9aef448241ff6f9786daa82004c7
2023-04-01 01:23:41,True,2.802e-10,8.86e-13,42793790430.0,0.3791,0x15...ba49,https://bscscan.com/tx/0xe93329f8752f7f9a61e72e43837e2535be6b652fba703d282d9ac4f21f15197d
2023-04-01 01:23:26,False,2.788e-10,8.816e-13,6434164859.0,0.0567,0xf7...905f,https://bscscan.com/tx/0xba0106e0a3284dc2057750cb180383e5e65cec3887ab77c3b4f6a197af5f6137
2023-04-01 01:22:20,True,2.802e-10,8.86e-13,2217689551.0,0.0196,0xfb...5024,https://bscscan.com/tx/0xe6b972eb319ba8aad17e10c31a28c11ff705b0720b607fcceab26b1e5ffa840b
2023-04-01 01:21:56,True,2.816e-10,8.86e-13,15288953648.0,0.1354,0xd3...661d,https://bscscan.com/tx/0x1a1321b401a8837f227f4058f7ce11b442be43dc0eb7b1b7c9b78f217972d6e7
2023-04-01 01:21:53,False,2.802e-10,8.816e-13,90000296537.0,0.7934,0x94...5122,https://bscscan.com/tx/0x48e04ce72c60490d1daa32fdba57587fc834b90da2f722ca562c3c26f30b893e
2023-04-01 01:21:29,True,2.802e-10,8.86e-13,94336329044.0,0.8358,0x8a...6661,https://bscscan.com/tx/0xfa58917fcd85a8d6e3eef3d3d638c4420288c34d01b09257bb012dc828622fc0
2023-04-01 01:21:20,True,2.802e-10,8.86e-13,22504282236.0,0.1993,0x85...c4b1,https://bscscan.com/tx/0xc6c9baa21ae4013a18c2aeae259bdc8ad60ccada22fa46d0046023ec26e2f7fa
2023-04-01 01:20:41,True,2.816e-10,8.86e-13,29932116267.0,0.2652,0xb3...5af7,https://bscscan.com/tx/0x2aa5998a3825f112227f2c2a5663f0fe728279e8de7c34ed9ca82df403e326cd
2023-04-01 01:19:35,False,2.788e-10,8.815e-13,19991904104.0,0.1762,0x18...b4b3,https://bscscan.com/tx/0x27eeca3043a1e860498129d51ae1f7afe278a0f82d8aa55ff61927313d67cc39
2023-04-01 01:17:14,True,2.816e-10,8.86e-13,1500000000.0,0.0132,0x0e...2369,https://bscscan.com/tx/0xe7dd3a08f3cc27bf3c915c4a772daebff0a6c645a4b072cb03e018308b6929cf
2023-04-01 01:16:53,True,2.802e-10,8.86e-13,12470494305.0,0.1104,0x7e...1ac0,https://bscscan.com/tx/0x5080d492e5c605da7265aaf24ff9200ef186bb0424eae36392ab6aa8341e3299
2023-04-01 01:13:44,False,2.802e-10,8.815e-13,9000000000.0,0.0793,0x25...8b90,https://bscscan.com/tx/0xf3f6ee24f6244b0b699ed5febec0e9b58f7f4da57a8b337cd196d6dc392b8d3d
2023-04-01 01:13:26,False,2.802e-10,8.815e-13,5670000173.0,0.0499,0x3c...0c54,https://bscscan.com/tx/0xfd8811babf7d763cd452f96a1c31b2f5ae47538c8b3c0dc91f4a8723e4c54e28
2023-04-01 01:12:17,True,2.816e-10,8.86e-13,395030665.0,0.0035,0x88...55f4,https://bscscan.com/tx/0xf195fd5d3bc48395e01aeab6ed4fbce25350fd745c2c6b30341938925a6d24e1
2023-04-01 01:11:59,True,2.802e-10,8.86e-13,7449163726.0,0.066,0x97...c686,https://bscscan.com/tx/0xbe8ccc08de06b7ea11bf632c1a7e47a70902964536f43d42ef2bed99b1496c0d
2023-04-01 01:11:38,False,2.788e-10,8.815e-13,9971233602.0,0.0879,0x52...16c4,https://bscscan.com/tx/0x29f327b2d833b8d0908e5505ed9b6654d880509ec2ed7940c53877d11297fc4b
2023-04-01 01:11:14,False,2.802e-10,8.815e-13,17898142347.0,0.1577,0x6e...6407,https://bscscan.com/tx/0xe6fc967f6e7c771aa71806bb20e459b2850579ede13d10216b98ed2879cb884a
2023-04-01 01:11:14,False,2.802e-10,8.815e-13,2250002412.0,0.0198,0x77...cfb6,https://bscscan.com/tx/0x8a3881f06984f451b93fd20ab02c589c98b97bead7d23588773471e388cf218a
2023-04-01 01:10:41,False,2.788e-10,8.815e-13,14707574398.0,0.1296,0x79...84a7,https://bscscan.com/tx/0x11cd08b1fb81c1343630afb44b4e95dc1e31355bb98ffdbdee78dd46e8c0bc85
2023-04-01 01:10:38,False,2.788e-10,8.816e-13,22484719222.0,0.1982,0x7a...3f6e,https://bscscan.com/tx/0x2963dcc8a7aadbc7368ce16873d2bc1649e2786a22b5c50c808cf6a40cb9c3fa
2023-04-01 01:07:05,True,2.816e-10,8.86e-13,16976855761.0,0.1504,0xf1...0592,https://bscscan.com/tx/0xdb8bba24be2f0a6934d810987e2f5169fb6c845c00c04110ccc32fd4c912cf79
2023-04-01 01:06:50,False,2.802e-10,8.816e-13,2679386896.0,0.0236,0xb2...224e,https://bscscan.com/tx/0x5451b77ca7c9cae531de4c31e6364822b3725f35b0c2043782ce01d6cc079dc1
2023-04-01 01:06:26,False,2.802e-10,8.816e-13,13453519183.0,0.1186,0x3a...7c54,https://bscscan.com/tx/0x5b0fa272e90ac601ba8fe8c1c2f8eeb9fd14a1b40168cfbb2051cc63bdbe1918
2023-04-01 01:05:38,False,2.802e-10,8.816e-13,4816175967.0,0.0424,0x50...f310,https://bscscan.com/tx/0x3843bb5f053d5d3888e449a67b6577a7def215c061a76871647c2b5ac011a523
2023-04-01 01:04:53,False,2.788e-10,8.816e-13,5542756966.0,0.0488,0xfd...4668,https://bscscan.com/tx/0xf683744fcf8edf9d154ce134dd4625e14b679ab2fd620f4b7550357cec907d16
2023-04-01 01:04:44,False,2.788e-10,8.816e-13,34678561523.0,0.3057,0x9f...791a,https://bscscan.com/tx/0x08e140fa5a91d8d08fc89fd578c77605eaaab6b6b055e40bbd84ed3a5c4dbd82
2023-04-01 01:04:11,False,2.802e-10,8.816e-13,90031993905.0,0.7937,0x94...5122,https://bscscan.com/tx/0xbf5ec488c3fe4c7bf118a977858a68e96325bf46fe4dbeb2785f55b344dd9757
2023-04-01 01:03:38,True,2.802e-10,8.86e-13,3104897883.0,0.0275,0x3e...e248,https://bscscan.com/tx/0xf0b780ac62d3912e8c5e0961c03a432b96fd0bfff70df96d998bdd3ab66242cc
2023-04-01 00:58:14,False,2.802e-10,8.816e-13,46970443439.0,0.4141,0xbc...06ec,https://bscscan.com/tx/0x12b439632fa0134ad57544df78963959b9bbf391899ade911b00850a8b4852c3
2023-04-01 00:58:14,False,2.802e-10,8.816e-13,14898044590.0,0.1313,0x9a...4ac1,https://bscscan.com/tx/0x6170f690fbb386dc1afe3cbddadbfe7ec3e7b59bcdfe4de4729d2e991b085566
2023-04-01 00:57:44,True,2.816e-10,8.86e-13,171433388480.0,1.51903,0xe5...5e3e,https://bscscan.com/tx/0x656b80d8254f66fbdf8859c87ee4ac6edbfe24bc57f41492f10076636e74ac35
2023-04-01 00:57:44,True,2.816e-10,8.86e-13,1447676530.0,0.0128,0xfb...7c94,https://bscscan.com/tx/0x980e41b1740e85a3996142c84e5bdd8940591d9b717f528af4e760a0a6f4aca2
2023-04-01 00:56:59,True,2.816e-10,8.86e-13,3766373676.0,0.0333,0x90...8d6c,https://bscscan.com/tx/0x5dad216985304c985ae80fecab6dbef5cb37f2cb8d4d3029000622133cae9070
2023-04-01 00:56:17,False,2.788e-10,8.816e-13,5726820566.0,0.0504,0xfe...630d,https://bscscan.com/tx/0x2eb0bcc953e642b242010f4d0b61e658091c619bdb1cb03a727abb339d225e43
2023-04-01 00:55:44,True,2.816e-10,8.86e-13,4726672730.0,0.0418,0x15...4042,https://bscscan.com/tx/0x39db1b68179e924d57709e9d23597021d72cc122eb18817982752a73cd0a70be
2023-04-01 00:54:38,True,2.816e-10,8.86e-13,63203552052.0,0.56,0x3b...17d2,https://bscscan.com/tx/0xe5b8dc507c341e9088b0b2493d484c66fc8a485788b661c6321e2e6cef3b90f8
2023-04-01 00:54:35,True,2.816e-10,8.86e-13,10000000000.0,0.0886,0x69...1a9b,https://bscscan.com/tx/0x9dbc78766fe8d22a270324b5120d5c8fbf1368e9170920e993cbbd40773e85bf
2023-04-01 00:52:38,True,2.801e-10,8.86e-13,112865740.0,0.001,0x32...756a,https://bscscan.com/tx/0x5f8613f066ca0303546da0a2e362a4e022d287b2b94c9cf6e5af9b6338e3fd84
2023-04-01 00:52:08,True,2.801e-10,8.86e-13,1309945058.0,0.0116,0xea...eab3,https://bscscan.com/tx/0x6887832e1bd05b0d677ba0b14fd2825bd2df0ae40d835c6885a3fb2807abe590
2023-04-01 00:50:53,True,2.8e-10,8.859e-13,176834580744.0,1.5667,0x56...947c,https://bscscan.com/tx/0x2f614204c605f73be74305dbbd169e119b0f1528b58533ac9dc97fc637cfc291
2023-04-01 00:50:11,True,2.8e-10,8.859e-13,315812027.0,0.0028,0xe6...bd96,https://bscscan.com/tx/0xeec354e27062953190c0b1bd0400edcf56ec7306f47bdb273aaa469390ba2e05
2023-04-01 00:48:59,True,2.814e-10,8.859e-13,31000000000.0,0.2746,0xef...40fa,https://bscscan.com/tx/0x298144994b560bb5eb7ae7ddd48a33849f9a4197e02380809cf3aede009a661e
2023-04-01 00:48:35,True,2.814e-10,8.859e-13,9921443596.0,0.0879,0x25...3d67,https://bscscan.com/tx/0xb8614c72182f752b33e7f6b2949f4d54d3b2b63557d84c4afea2f14204b64b67
2023-04-01 00:47:50,True,2.8e-10,8.859e-13,18000000000.0,0.1594,0x19...f3e6,https://bscscan.com/tx/0x248dde4f021b6b1f1548d118426b31c11a2b92664a41a8d7b9c37f180ca638eb
2023-04-01 00:45:35,True,2.8e-10,8.859e-13,14389353071.0,0.1274,0x00...3f28,https://bscscan.com/tx/0x99648bdf380a94cd82d0c9cf5efaacf4c853407d964495845a1477aca08ce221
2023-04-01 00:45:14,True,2.8e-10,8.858e-13,352477399611.0,3.12234,0x60...a04b,https://bscscan.com/tx/0xc38e472cdbdeb097484f6e160c2084adc053e63dea5d451a68b8c94d0bf70928
2023-04-01 00:44:53,True,2.8e-10,8.857e-13,4302920826.0,0.0381,0xa0...c133,https://bscscan.com/tx/0xcff0386cca7b1a02febf0a8c60cc50c8de1c56e204d29b81a3680ade318931f6
2023-04-01 00:43:27,False,2.786e-10,8.813e-13,10682060101.0,0.0941,0xbc...772d,https://bscscan.com/tx/0xe7d75aee5dada522075f488780aa94598794b490dd6da4d51fce44f336b28ef4
2023-04-01 00:42:51,True,2.814e-10,8.857e-13,9611970419.0,0.0851,0x96...78d1,https://bscscan.com/tx/0x4e337bf7c289307c9309a16b4cf4aba2d1faa122edc0423bfa5f7615215f8f4d
2023-04-01 00:42:45,True,2.814e-10,8.857e-13,50000000000.0,0.4428,0x39...00f0,https://bscscan.com/tx/0xdb2640ead90c31dcca9385d290903669a22ebd322a55927231fe3be88c8b0757
2023-04-01 00:42:39,True,2.814e-10,8.857e-13,25101928248.0,0.2223,0x4c...d3e1,https://bscscan.com/tx/0x7e502b4cc98212adfd1e219eb51a2f06d7157d3d360174565828e2499f6afc02
2023-04-01 00:42:33,True,2.814e-10,8.857e-13,13566319441.0,0.1201,0x25...3d67,https://bscscan.com/tx/0xf731e5fb1ab9a6c6c006ba3d40b1ae7fe70b9a182834e494d4823fb16c849139
2023-04-01 00:42:06,True,2.8e-10,8.857e-13,27467628682.0,0.2432,0x25...3d67,https://bscscan.com/tx/0x9db3f1a34fa924109eec2de5ef327d9e63d6872487e705d697f4e016d322773d
2023-04-01 00:41:45,True,2.8e-10,8.856e-13,33374339016.0,0.2955,0x67...70f5,https://bscscan.com/tx/0x15469eef663b8679269c57ad2b8e3da0dbb0615086f2ba768ae777abc115dbb8
2023-04-01 00:41:27,True,2.814e-10,8.856e-13,35531419428.0,0.3146,0x6a...1164,https://bscscan.com/tx/0xe0efd4f0d8c1e23b7eeaf8d143c2f53a10efdbb30f8664fc234f3909d2e6daae
2023-04-01 00:41:12,True,2.8e-10,8.856e-13,36000000000.0,0.3188,0x19...f3e6,https://bscscan.com/tx/0xf7d33815a79064fb5dc658cd4a3b1e4fb147f87879b1709e3d3c2ea55cf3d801
2023-04-01 00:40:39,True,2.813e-10,8.856e-13,15148960413.0,0.1341,0x48...45f7,https://bscscan.com/tx/0x71e2a2b6f47ad085ffbcbb35bf807ee89fdaa37ad94a7013b818ea23be34c6d0
2023-04-01 00:39:03,True,2.813e-10,8.856e-13,677468800.0,0.006,0xf7...ebc6,https://bscscan.com/tx/0xe956554cdd378c8fac0d33f736424c9962ef79c512675484250b93991b031afb
2023-04-01 00:38:24,True,2.799e-10,8.856e-13,55488577726.0,0.4914,0x38...af9f,https://bscscan.com/tx/0x58b2656ea5e62b59b4b91fde60d9bc7b9e3cc5553e2f4098ed41d88e080f5230
2023-04-01 00:38:09,False,2.785e-10,8.812e-13,38533858100.0,0.3395,0x72...f1ca,https://bscscan.com/tx/0x15e9e60aba662be5a3f4023860f36583702fb540b7d41bb71349e7959bae208d
2023-04-01 00:37:27,True,2.813e-10,8.856e-13,1524318076.0,0.0135,0x82...5697,https://bscscan.com/tx/0x4120b863f20ce053d7da9682e7eb94b80b5e03150d07d4632e205cf27a5f6ea4
2023-04-01 00:37:27,True,2.813e-10,8.856e-13,12420411102.0,0.11,0xed...c749,https://bscscan.com/tx/0x5af5097d635d13d2b31547becb666c0e15fc4ca4ff9b5dd86c530d6fbd1024a2
2023-04-01 00:37:15,True,2.813e-10,8.856e-13,95978402334.0,0.85,0xb5...3edb,https://bscscan.com/tx/0x639eafd1b7ba83300ba2fe3c4ec48f530493e70cade6db10f79da44db774bbab
2023-04-01 00:36:33,False,2.799e-10,8.811e-13,22566164761.0,0.1988,0x63...48fe,https://bscscan.com/tx/0x724d35685604ce158c0dd0496db45402c50a599f9f21d6deb7f777a4c0ed648c
2023-04-01 00:36:18,True,2.799e-10,8.856e-13,5000000000.0,0.0442,0xf1...3362,https://bscscan.com/tx/0x7c5436bf95e2fc865f0aaaeb98885df3d4f8fa02e7d7a35512d088420a48893d
2023-04-01 00:35:36,True,2.813e-10,8.856e-13,4077156528.0,0.0361,0x17...fc23,https://bscscan.com/tx/0x514b202dba17be635356d7584c6eb3887e210a25d5c98fe612f7a7b5f519e638
2023-04-01 00:34:53,True,2.799e-10,8.855e-13,7340080009.0,0.065,0x1e...cc5d,https://bscscan.com/tx/0x66d42a16769007fe8986e3e36eda611e05f72151da4755d6c052990c558ba770
2023-04-01 00:34:28,True,2.798e-10,8.855e-13,122000000000.0,1.0804,0xb2...fa60,https://bscscan.com/tx/0x3b431b7f2a46a1545334f36a1a3c379b0d7a2f43bfd0a8cbdb6bb7968ea5f240
2023-04-01 00:33:58,False,2.798e-10,8.811e-13,24347881026.0,0.2145,0xed...adbd,https://bscscan.com/tx/0x2af0f9fa559e99ecbfa3704bf14400a546d37a86fb216fb6fc690025a462dd9e
2023-04-01 00:32:49,False,2.799e-10,8.812e-13,498356233570.0,4.39171,0x32...e4f4,https://bscscan.com/tx/0x54d334f6c302741b3087bc16cf439763d4b0cbeffb9583789a02a12fe6eec7ac
2023-04-01 00:32:34,True,2.814e-10,8.857e-13,24837355336.0,0.22,0x00...ab24,https://bscscan.com/tx/0x5cac72204e59c0b3a858b48271c5fcaa9eca29791b19fbf5bd545228ea91396f
2023-04-01 00:32:25,False,2.786e-10,8.814e-13,343586904799.0,3.0284,0x68...f9fc,https://bscscan.com/tx/0x39ceb1ebb4ce74ce50a73df1e568187fbeae1bcda017817edce28c5b9b347a34
2023-04-01 00:32:04,True,2.814e-10,8.858e-13,90000000000.0,0.7973,0x97...4812,https://bscscan.com/tx/0x6e59b9b0deeeed4ce715c9ae388327038538e8f5c04785ae4397a8e5bb3a90cc
2023-04-01 00:31:37,False,2.786e-10,8.814e-13,7399800000.0,0.0652,0xa0...e29b,https://bscscan.com/tx/0xb3961b70b6a9eed86600193cdc801de1cdd8b80557419d726a686320aeb49d4f
2023-04-01 00:31:13,False,2.8e-10,8.814e-13,26411593147.0,0.2328,0x43...0d22,https://bscscan.com/tx/0x1eaa00f2da72dca3ec84b5ff2cd5ce7249fd41258e8655603f5ff46f16203b46
2023-04-01 00:30:58,True,2.8e-10,8.858e-13,68709070416.0,0.6086,0xf7...9f4a,https://bscscan.com/tx/0x501c819cfe284813ba22e90668c6fd6dba910e5fd79af5605b3e1e8ab6cc4748
2023-04-01 00:30:40,True,2.8e-10,8.858e-13,21721085094.0,0.1924,0xd7...6d54,https://bscscan.com/tx/0xdf5b395f4c50d1bb1593b9d1eae86db14a44df1973f6d7d012c53c241b47f253
2023-04-01 00:30:04,False,2.8e-10,8.814e-13,2192844340.0,0.0193,0x71...7a82,https://bscscan.com/tx/0x174fcdd3e7e1a3af202a54816d331e6eca417f69009fe1fbf2616bb9cc0b79e1
2023-04-01 00:29:16,False,2.8e-10,8.814e-13,25245100633.0,0.2225,0x5c...3e34,https://bscscan.com/tx/0xd633d129da68128924aeea6b2e4ed5bf7726810e00632e95c9b8c47d32eccfec
2023-04-01 00:29:10,True,2.814e-10,8.858e-13,6178000000.0,0.0547,0xf0...566e,https://bscscan.com/tx/0x32ac3f9e245cbcf140c5aa85fe534fb218f55a6daec854c04e4694ff0a95c4e4
2023-04-01 00:26:52,True,2.814e-10,8.858e-13,108757038531.0,0.9634,0x89...ef9a,https://bscscan.com/tx/0x60267ea58806f3e21d712adee5b2c4f8da9d4ddbfc50b12d64b051111a70d70d
2023-04-01 00:26:10,False,2.8e-10,8.814e-13,180042607730.0,1.58693,0xe9...d993,https://bscscan.com/tx/0xd438765e7a2720fc969f84b3473d23392d840a963680669f19fd86f181faaadc
2023-04-01 00:26:04,True,2.814e-10,8.858e-13,137026377203.0,1.21385,0x32...c615,https://bscscan.com/tx/0x835638eee7f86776c099c1ce349917f26863370addd1bf3b735204ff3999662d
2023-04-01 00:25:43,True,2.814e-10,8.857e-13,427211291392.0,3.78394,0x27...fdd2,https://bscscan.com/tx/0x94efb2f1d9fc0249b76d3e2d59e40754862881bd1123916b615b503fe608a725
2023-04-01 00:25:16,True,2.813e-10,8.856e-13,7000599444.0,0.062,0x8f...0dbc,https://bscscan.com/tx/0x620366c853c2e1bdc6362a9cb6f809af3c3b1d202c569ab67bc23e9e321b5ebb
2023-04-01 00:23:25,True,2.813e-10,8.856e-13,32745051822.0,0.29,0x96...6c78,https://bscscan.com/tx/0x2e01d495fdae72afcb42e82c90e9a7ea6c0e0cb164c974a550c9b5e0e972fb1b
2023-04-01 00:22:34,False,2.799e-10,8.812e-13,32213001811.0,0.2838,0x69...c479,https://bscscan.com/tx/0xb48c8688c55b92c37e3472fd4446b6b3fff12cae18a6eff5104b45d9dbc3a987
2023-04-01 00:22:16,False,2.784e-10,8.812e-13,10676605747.0,0.094,0x24...557e,https://bscscan.com/tx/0x11cdb6af8c7f7e525417d684a113da45cc233e9c11478d8afffc21021dcc9022
2023-04-01 00:21:07,True,2.812e-10,8.856e-13,16936949885.0,0.15,0xbc...cfaf,https://bscscan.com/tx/0xe37b9562d3c9f18c05f90d322ebe664f1c7099acb82e8c4eae9d9138775ab5f4
2023-04-01 00:20:52,True,2.798e-10,8.856e-13,6402089970.0,0.0567,0xf3...b19b,https://bscscan.com/tx/0x7890dff28ebedccf38b72a53c542a2c39f474e12aabd9434fc7c9ff8a7351adc
2023-04-01 00:20:22,True,2.798e-10,8.856e-13,5414429819.0,0.0479,0x71...7a82,https://bscscan.com/tx/0x449b850d40a39eba4965aef278117de69698b65ecd3d16b12c61aa60ba236b26
2023-04-01 00:19:13,True,2.811e-10,8.856e-13,78.0522,6.912e-11,0x71...7a82,https://bscscan.com/tx/0x34a1fc36609777e84fda36feb8cade92beb8147e31bce7157358b1ddd6c402bc
2023-04-01 00:19:01,True,2.797e-10,8.856e-13,7869487449.0,0.0696,0x04...363c,https://bscscan.com/tx/0xe1c8044a42805dd0787241901f4b05ec1d8ca9c17d4df8ceec41e85c6ffe74f2
2023-04-01 00:18:43,False,2.783e-10,8.812e-13,1194770240.0,0.0105,0x77...cfb6,https://bscscan.com/tx/0xd6c5b2fde1fc8c1741fb20729a0189cd6a611638720f29024fbc5c2276f7a1e8
2023-04-01 00:18:07,True,2.809e-10,8.856e-13,16937237827.0,0.15,0x9a...7244,https://bscscan.com/tx/0x3fe89c3f3929fc5d32309082cfad22a9cf05c774aa662da11a8c9447e5183dce
2023-04-01 00:15:37,True,2.794e-10,8.856e-13,4073684791.0,0.036,0x0f...7078,https://bscscan.com/tx/0xc5064dfa93e52b1c2ae2442453218052c238b5a43cbc811540250dbf0e993c9f
2023-04-01 00:15:28,True,2.794e-10,8.856e-13,1328167885.0,0.0117,0x58...6831,https://bscscan.com/tx/0x4fae0a284b50d8b1ed1db2799eed33b7a10ee962d6e42c167c2e2501d9724ff3
2023-04-01 00:14:19,True,2.809e-10,8.856e-13,395204882.0,0.0035,0x1d...083f,https://bscscan.com/tx/0xa1463372d9f9782df4b27fc41e8784627f232593ca57564b858deaa5859c659b
2023-04-01 00:13:25,False,2.78e-10,8.812e-13,90000000000.0,0.793,0x18...fb7a,https://bscscan.com/tx/0x63675d9a1163110272a682dc6ed1c7409769a485818c3ed458e78eeca867dcef
2023-04-01 00:12:31,True,2.807e-10,8.856e-13,18161339960.0,0.1608,0x20...18bc,https://bscscan.com/tx/0x3ac39596500dbc64af397858d1c0c92dbd010cbd486ce55810f556b23a03e14e
2023-04-01 00:12:07,False,2.793e-10,8.812e-13,2700162522.0,0.0237,0x1f...7c18,https://bscscan.com/tx/0xb95a4b8525189097974e4f0bf8f7f7f0017d535c3c8d4b83f12b2988dcc48a0e
2023-04-01 00:11:16,False,2.793e-10,8.812e-13,180000000000.0,1.58627,0x18...fb7a,https://bscscan.com/tx/0x8f58736216deb87073da59bf91e05ec02cea7ca0d8ea83d9e3cbf6568a020e77
2023-04-01 00:09:10,True,2.807e-10,8.857e-13,221332971.0,0.0019,0xd4...2fe9,https://bscscan.com/tx/0xcf19c57bb8f7f32420818d138ef7b78057d316c89485b902dc5c0ef86c2c7219
2023-04-01 00:08:07,True,2.793e-10,8.857e-13,34054969954.0,0.3016,0x87...e88f,https://bscscan.com/tx/0x7f9deb84e9a5c2b1a309543f8f41b719707241b1179c3c66b83a9f1982ecb032
2023-04-01 00:06:22,True,2.793e-10,8.857e-13,11290410108.0,0.1,0xd0...0b03,https://bscscan.com/tx/0x22bf5f788a3f0ef13273ba83ff4b8d3b95e2dc914167c6498f0467195b716d48
2023-04-01 00:06:13,True,2.793e-10,8.857e-13,2732288431.0,0.0242,0x10...8e2f,https://bscscan.com/tx/0x03957f6cc0d5a065762e37962c615c1671a80ce003dc4ff5913c22dac5832090
2023-04-01 00:05:26,True,2.793e-10,8.857e-13,1025893375.0,0.009,0x85...214a,https://bscscan.com/tx/0x3439aea8a25a47f51253a76fe86792327e9da50645f33303dbd7c14be1f74e0a
2023-04-01 00:04:57,True,2.807e-10,8.856e-13,34533733234.0,0.3058,0xd7...595c,https://bscscan.com/tx/0xb17e56abb8851480318b826f36162d2ba1b036013a2ce780faa8aaf4d57608be
2023-04-01 00:04:52,False,2.793e-10,8.812e-13,11957718544.0,0.1053,0x94...0c64,https://bscscan.com/tx/0x18213af99c3772727751e75d845a373a91292df8c3322acebf9f0adebdc059aa
2023-04-01 00:03:56,True,2.808e-10,8.856e-13,19674681390.0,0.1742,0x5e...f69d,https://bscscan.com/tx/0x1222a0458dd9735e6c50d94d2a238b4ffde48d7148b51bf652c7d91f649c4465
2023-04-01 00:03:56,True,2.808e-10,8.856e-13,6509501299.0,0.0576,0x1d...083f,https://bscscan.com/tx/0x8571def834a5ad0cbf80c5da30547d3311acdb8112ebccb0ad8683fc3f0434b1
2023-04-01 00:03:56,True,2.808e-10,8.856e-13,11441075668.0,0.1013,0x0f...e84c,https://bscscan.com/tx/0x237fe35700ba50ff4f550dff4f11d81f988e7f09555c7a70fbeab6971447a7d4
2023-04-01 00:03:02,False,2.794e-10,8.812e-13,15371493282.0,0.1354,0xf7...6bc1,https://bscscan.com/tx/0xf456fe52e3c9c2df958f04f90fabb051a65f81fdd4ddf9654c3ab590509033de
2023-04-01 00:02:50,True,2.808e-10,8.856e-13,5633062127.0,0.0498,0x4d...44c6,https://bscscan.com/tx/0x9b1f07877589e62efbff93900d50de6cc89d37d9c0ed87d96c6ee68c24a82ec7
2023-04-01 00:02:17,False,2.78e-10,8.812e-13,24669937235.0,0.2174,0xbc...fe89,https://bscscan.com/tx/0x9c885e3341c4e1eb9a3d7c943955afa50e5b95fe7905d7a132d6b49925d99714
2023-04-01 00:01:53,True,2.794e-10,8.856e-13,1072607415.0,0.0095,0x2c...4f67,https://bscscan.com/tx/0xa9f44d57e1e23b5973a2d2cc7b07de1926f27fbbd9fcba64f0d4c7c69fa42782
2023-04-01 00:00:44,True,2.792e-10,8.856e-13,1241967170.0,0.011,0x50...0632,https://bscscan.com/tx/0x3074febb190f08339ba9acfcb0536951506b0a2403fbd3c50f5cfd02e2eb373d
2023-04-01 00:00:26,False,2.78e-10,8.812e-13,89497457556.0,0.7887,0x75...5cb3,https://bscscan.com/tx/0x0f23499f588e912f4ad70a0c1141807f3f35bfadcc7395e57260e16677d92416
2023-04-01 00:00:17,True,2.794e-10,8.857e-13,6858000000.0,0.0607,0xe4...f84c,https://bscscan.com/tx/0x7d7f6df91f709b188dc72952d3092a76f26a507a6f0b7fa814f8729db6dec50e
2023-04-01 00:00:02,False,2.78e-10,8.813e-13,22608000442.0,0.1992,0x97...7343,https://bscscan.com/tx/0x51c7b00acc9fc17e85c6bc2b1668dd6b3adfcf9d1c7fb760b83732d4cd60a7c3
2023-03-31 23:58:44,True,2.808e-10,8.857e-13,7169191128.0,0.0635,0x26...b353,https://bscscan.com/tx/0xcfe017151ceaef3d81de38a85d6dc8a18daad480b0f419873492a7d8683e748f
2023-03-31 23:57:32,False,2.78e-10,8.813e-13,3519000000.0,0.031,0x3f...5225,https://bscscan.com/tx/0xf7bef9fc795299e510b1b349c1894093937dff93bfe1d1421057075f65db992a
2023-03-31 23:57:05,True,2.808e-10,8.857e-13,1763310945.0,0.0156,0x5f...eac2,https://bscscan.com/tx/0xa5d4548587e3d281841920d89f246658f639125bff3648df03387cc893492df8
2023-03-31 23:54:20,True,2.807e-10,8.857e-13,4667186633.0,0.0413,0x6e...0ac1,https://bscscan.com/tx/0x18eca79a3ebf16c433c40d81e0958ecb8dc8d3916ae8cb512b5cd8d76a0d1663
2023-03-31 23:53:05,False,2.794e-10,8.813e-13,174077161737.0,1.53422,0x7d...939e,https://bscscan.com/tx/0x585b0a46b50b0e0c1b4ef5d2cd07d337654947ba690233755c23c420732d0394
2023-03-31 23:52:41,False,2.794e-10,8.813e-13,1217450193.0,0.0107,0x74...f4ed,https://bscscan.com/tx/0x1cd433e0edd7bc535db70f8777256eeb713e6f5a32253facb24d4a158400a5c0
2023-03-31 23:52:38,False,2.794e-10,8.813e-13,22748771133.0,0.2005,0xae...877e,https://bscscan.com/tx/0xb55eb95d3e704d4533622b9a3151b85fd06aef13bc0c1757a05d725ec4a2ced6
2023-03-31 23:51:32,True,2.808e-10,8.858e-13,3273821213.0,0.029,0x44...a382,https://bscscan.com/tx/0x6825505ae71e1d465853dd8dd2df12638efb4704449f5fbf1a1ecb0853541226
2023-03-31 23:51:23,True,2.808e-10,8.858e-13,6700000000.0,0.0593,0x5e...535e,https://bscscan.com/tx/0xd09df76808a937eb94587f429dbfc63027b1dafab52492d8cbab51319b2b7278
2023-03-31 23:49:47,True,2.808e-10,8.857e-13,376833251072.0,3.33773,0x04...5543,https://bscscan.com/tx/0x109dac3581d22126c9c364b696faca163ab7d329fdf904a663f3c048170c2af5
2023-03-31 23:48:53,True,2.807e-10,8.856e-13,4050576406.0,0.0358,0x2a...9c9a,https://bscscan.com/tx/0x6f28e924b7f3eeb8fe2d597cbfca05b51459f13b1c480f6bf5c2d7308190cc0f
2023-03-31 23:48:41,True,2.807e-10,8.856e-13,9831490001.0,0.087,0x9a...8bb7,https://bscscan.com/tx/0xe76964570b1b97e4eb6eb4578ed3077a39f16775145536eaa3f81b73f96228b7
2023-03-31 23:47:02,True,2.807e-10,8.856e-13,73394097393.0,0.65,0xfc...7af2,https://bscscan.com/tx/0x8f545eeb43c78c808cf3c1469fd6519dedd071cc1e431e689f2518c5f0e32d16
2023-03-31 23:46:53,True,2.793e-10,8.856e-13,5080950001.0,0.045,0x33...fcf1,https://bscscan.com/tx/0x608cd2b971bddd31510c8454048e8f93264f49eb53cf7ee969d31af24749a15d
2023-03-31 23:46:50,False,2.779e-10,8.812e-13,109438037886.0,0.9643,0x52...8287,https://bscscan.com/tx/0xebf24b4ad749240d366108b1ad8e139ec25518147df0449fbabf97f470142450
2023-03-31 23:45:17,True,2.793e-10,8.856e-13,7052876477.0,0.0624,0x14...b398,https://bscscan.com/tx/0xab2914263f194de96af9c55b6b01e2251c30e988e5728b1221d81236117e9079
2023-03-31 23:43:29,False,2.779e-10,8.812e-13,167246105591.0,1.47389,0xe5...c459,https://bscscan.com/tx/0x380caf979ba767cc44920449caf193957193a17d363a30a5274699a8d8e12fe9
2023-03-31 23:43:14,True,2.793e-10,8.857e-13,3951562782.0,0.035,0x0d...4ae6,https://bscscan.com/tx/0x7a2660ef941a6728616513baff3c778fb756427def9da1fb07c91311fd25decc
2023-03-31 23:41:56,False,2.78e-10,8.813e-13,294717794846.0,2.59754,0xc3...a934,https://bscscan.com/tx/0x639648f86c589416ee7b92aca2c2cc9fba586f0e5d507c454d6300a6f5786817
2023-03-31 23:41:44,True,2.794e-10,8.858e-13,5122784226.0,0.0453,0x21...5e12,https://bscscan.com/tx/0x57873c6da883a07ca23ec99c1410e1a1d380e98be6c8453b577bdff1a0fa97b1
2023-03-31 23:41:08,True,2.808e-10,8.858e-13,1198640000.0,0.0106,0xc5...8c51,https://bscscan.com/tx/0xc3496a7e1c137ca89e63fcc378edd74a4b9d5b22b7f8854ec5485182a0c03270
2023-03-31 23:39:35,True,2.808e-10,8.858e-13,9732220258.0,0.0862,0x63...3367,https://bscscan.com/tx/0x76edabfc45d3e249b62c4d8af20728ee201f7e6553d03497294d5a14767ca732
2023-03-31 23:38:38,True,2.807e-10,8.857e-13,338688088473.0,3.0,0x63...3367,https://bscscan.com/tx/0x10cd757a28cdbc626112c0f42bfb90dec0ec4ba4bb2e50880af0008e497bc90f
2023-03-31 23:37:29,True,2.793e-10,8.856e-13,1385014252.0,0.0122,0x64...9280,https://bscscan.com/tx/0x87965052656bb19d1a201a300ac596c85434cb4428b7154f418a9e22eba9f8de
2023-03-31 23:37:17,True,2.793e-10,8.856e-13,10210548552.0,0.0904,0xa8...097b,https://bscscan.com/tx/0x9a5a8f685c1a5064b53d067584023fd494f768a2aaf175dc9acbc5b7e0ba5c20
2023-03-31 23:36:26,True,2.793e-10,8.856e-13,20183433557.0,0.1787,0xa0...4dd6,https://bscscan.com/tx/0xbac3b7ae7b7173e72896657918dea15b2b7d22ada4ad61f1d632d62f52808656
2023-03-31 23:35:47,False,2.779e-10,8.812e-13,34025656913.0,0.2998,0xe2...5e75,https://bscscan.com/tx/0x5fab453e7824d8c7903400a5c3ad3dbbc6f90493ad244264fc9a78ea4c38390a
2023-03-31 23:35:29,False,2.779e-10,8.812e-13,4853657909.0,0.0427,0x69...4b89,https://bscscan.com/tx/0x712d34f82c9676bf636cf4be89700c2cbb8b9ce45aa6f3b95616c0ed2c93a8d0
2023-03-31 23:35:17,False,2.779e-10,8.812e-13,908584998.0,0.008,0xee...1771,https://bscscan.com/tx/0x37854c3b5f35511b95882ded7d369cbf232964e92ac3dfd1fb149a6ea6b20dc4
2023-03-31 23:35:05,False,2.778e-10,8.812e-13,8939205651.0,0.0787,0xe2...242d,https://bscscan.com/tx/0x8da304d23453418aecdeb70d9b74d91cee3e461abb5b1a2e5cf27759abaec1a9
2023-03-31 23:34:56,True,2.793e-10,8.857e-13,1129043115.0,0.01,0x5b...affc,https://bscscan.com/tx/0x1982d41720a0e71b0cd36b45b19c2b44ecbfaaf2625f4e55f4951d2035b4058a
2023-03-31 23:34:11,True,2.807e-10,8.857e-13,6369142894.0,0.0564,0x72...1a24,https://bscscan.com/tx/0x550f8762ee1f30a3f171d287d01f9473b69736f7f056e071c2821fa697cd4fa3
2023-03-31 23:33:59,True,2.807e-10,8.857e-13,5000000.0,4.428e-06,0x8f...dc68,https://bscscan.com/tx/0x692df5a372107f6872191fa57a59e8032cc24563b3043769d04b465bea58a37b
2023-03-31 23:32:47,False,2.794e-10,8.812e-13,23675006212.0,0.2086,0xd0...c1bf,https://bscscan.com/tx/0xc98abf636bc12cc4956b2a4c82f855898d17091d9965e0397a3d509eb170878b
2023-03-31 23:32:41,True,2.808e-10,8.857e-13,1000000000.0,0.0088,0x8f...dc68,https://bscscan.com/tx/0xc5f6a9f5c72e10c0946e8bd026532216878313ce871519aa99b54c9f9c5dd950
2023-03-31 23:32:29,True,2.794e-10,8.857e-13,3000000000.0,0.0265,0xa8...1e5e,https://bscscan.com/tx/0x1a73937fd1a8fa57f8c3235f5a5aa39624c5f5fe9a1c3f11bf2cb281ceee8208
2023-03-31 23:32:11,True,2.794e-10,8.857e-13,1120000000.0,0.0099,0x53...5198,https://bscscan.com/tx/0x2272586638f2090962bf93695ad8bbad3d9942257a320b83d23a3177739cbe9a
2023-03-31 23:31:59,False,2.795e-10,8.814e-13,719743118037.0,6.3441,0x04...5543,https://bscscan.com/tx/0xeafd61224652c0f0e7bd980c92c23fd503d3580af0436c1a9e4c4dfb774da98d
2023-03-31 23:31:44,True,2.795e-10,8.86e-13,14611246709.0,0.1294,0xd9...5721,https://bscscan.com/tx/0xf2fdbfddf94350ab67d5f1b3c3f8336d6f294908d635e57a8c5fc0ddc6dc74ad
2023-03-31 23:29:29,True,2.795e-10,8.86e-13,99943000.0,8.855e-05,0xf4...ba78,https://bscscan.com/tx/0x50c078c0984fcb303e7a05349c42c50ca53c2fb2abb82a6ed779aa8f86283f1f
2023-03-31 23:29:17,True,2.795e-10,8.86e-13,1000000000.0,0.0088,0x8f...dc68,https://bscscan.com/tx/0x063fb8d51c8b9bd1c25e183d8838722c2ead68d02457d022053085997649c8ba
2023-03-31 23:28:53,True,2.792e-10,8.85e-13,4440351953512.0,39.3,0x37...6bae,https://bscscan.com/tx/0x8fb6a7bd5dccb486aab78ba9f4ff9f3e52229473639f62b35569facd436bff80
2023-03-31 23:28:35,False,2.775e-10,8.797e-13,37635753331.0,0.331,0x79...c7ef,https://bscscan.com/tx/0x5eab1db7483c1c2333d974d568708d348faf165cf5dcc39d4fef2f7ee70cc209
2023-03-31 23:28:23,True,2.786e-10,8.831e-13,4469992111304.0,39.4786,0x37...6bae,https://bscscan.com/tx/0x156e1ca78d1752f7589847770bd5986d481d0a7de218b3a7ca3e73dca19fedf2
2023-03-31 23:28:14,True,2.783e-10,8.822e-13,2000200000.0,0.0176,0x8f...dc68,https://bscscan.com/tx/0x59850c7664a78206b97d9bfa0b091e724ea53cfa0e273a9b742e5972cf502e3f
2023-03-31 23:27:41,True,2.797e-10,8.822e-13,5488800000.0,0.0484,0xf4...ba78,https://bscscan.com/tx/0x0a85a315ffb9ac018fe37f72b1fe526f66d4ecda3d2ec0073341300981f85798
2023-03-31 23:26:17,True,2.783e-10,8.822e-13,1600000000.0,0.0141,0x94...458b,https://bscscan.com/tx/0x630daee6f82ef216ed26995be2c08ee755ceb897bf91aba756c968aabeaec728
2023-03-31 23:25:41,True,2.797e-10,8.822e-13,166127229064.0,1.46559,0x75...3afa,https://bscscan.com/tx/0x22ba46ba55235c72c4f5770af1f0a6aa623f3723f19799d280c5e2ca73cf22b0
2023-03-31 23:24:03,True,2.783e-10,8.821e-13,64614080051.0,0.57,0xac...3954,https://bscscan.com/tx/0x59187d0864358236d8e6f20e31a8979fcf27e14cd64ca178c19a9259388031ab
2023-03-31 23:23:54,True,2.797e-10,8.821e-13,110542490152.0,0.9751,0xf2...fb6c,https://bscscan.com/tx/0xc4419515019223aa8fc24fa11bbb714d71f66de7502f743bce29594397481eda
2023-03-31 23:23:39,True,2.797e-10,8.821e-13,1133658185.0,0.01,0x45...911f,https://bscscan.com/tx/0xd2722305f877f4fbb9c05ff62a281f7963a4b85dc433677549b9932c59e3f56a
2023-03-31 23:23:39,True,2.797e-10,8.82e-13,6968430001.0,0.0614,0x8b...89f5,https://bscscan.com/tx/0xd7636ab1c044062ac64027ca666878233213211038c50a0963a362d433dd8ee9
2023-03-31 23:23:24,True,2.796e-10,8.82e-13,64866170479.0,0.5721,0xbd...aca0,https://bscscan.com/tx/0x90d6883de3852eb07ef5ffa25311905c914f91ab45b2f608bb98c2c109325eca
2023-03-31 23:22:36,True,2.782e-10,8.82e-13,3245305969.0,0.0286,0x45...9e7a,https://bscscan.com/tx/0x606cd705e2e3fcb1b4a78a3980d7728716b12ca09bd9d5148a251cdac819e321
2023-03-31 23:20:57,False,2.783e-10,8.776e-13,97667867890.0,0.8572,0xd4...e5f7,https://bscscan.com/tx/0xc721b33fa5b6b2333a6af06614e0bf26c5229e7800bcb88e0b6da362dfcda60a
2023-03-31 23:20:48,False,2.783e-10,8.777e-13,1935628686.0,0.0169,0x27...af36,https://bscscan.com/tx/0x2b33cdb59bcb7d55a549818935a5cafc590a65f6f4e1f6552af01d9b9cc74a1f
2023-03-31 23:20:45,False,2.783e-10,8.777e-13,5400000000.0,0.0474,0xaf...4298,https://bscscan.com/tx/0x5d4104b8290cfb605914ba615ee6e109f1ae6e5159bf766aa7f4fd168b2903c6
2023-03-31 23:20:03,False,2.783e-10,8.777e-13,1179000000.0,0.0103,0x9e...4dad,https://bscscan.com/tx/0x6d91b19e2fcfc734ca8e1ee6357eee749b329d62a28839260a2aee2c25c5e4df
2023-03-31 23:19:00,True,2.796e-10,8.82e-13,79356432324.0,0.7,0x45...648f,https://bscscan.com/tx/0x05739a78c27cf6697bbf6ba7c18c68999ec0b9e2db90410d300450fc71ac43a8
2023-03-31 23:15:15,False,2.769e-10,8.776e-13,6750000000.0,0.0592,0x50...27cf,https://bscscan.com/tx/0x544770ccd6aef5a699bbbb504e3ce0d0a12cd35e92a5bfd5510199f1d9f6711f
2023-03-31 23:15:12,False,2.769e-10,8.776e-13,13454732409.0,0.118,0x88...28d9,https://bscscan.com/tx/0x25f632b551281807d20069de1ec5971d92c42fed711cc64b2ce6fcd2af0342e5
2023-03-31 23:15:09,True,2.783e-10,8.82e-13,2550945546.0,0.0225,0xf5...481e,https://bscscan.com/tx/0xb2b16828198f287b9cdb1378b400050fc8dcce8adcdf877c6e82b3511b084e3f
2023-03-31 23:14:15,True,2.783e-10,8.82e-13,4702480001.0,0.0414,0x07...5b5d,https://bscscan.com/tx/0x54ef3122d7da236fbc033a09f9492c0218623109ce4eedff0cad915f5a444e2b
2023-03-31 23:13:12,True,2.783e-10,8.82e-13,3172150154.0,0.0279,0x2f...7f34,https://bscscan.com/tx/0x27b7779965f8c27d42398d5fe7ed616e5c310cce1031d8f3f6d881458e5fe53f
2023-03-31 23:13:06,False,2.769e-10,8.776e-13,32123584832.0,0.2819,0x79...c562,https://bscscan.com/tx/0x33e97b2e95d422ef657408eb42b18636cd0fa5f97214dc56a10a9ad0ceae6657
2023-03-31 23:12:51,False,2.783e-10,8.777e-13,77712396533.0,0.682,0x57...a9fc,https://bscscan.com/tx/0x2e182bfda676d6a836b8394e65d70aa27050a6ed21c2e1b95ca25b9cd6333abf
2023-03-31 23:12:33,True,2.797e-10,8.821e-13,5668108070.0,0.05,0xfb...ea6d,https://bscscan.com/tx/0xbbbe58798f23f08da3422cbe36ce1d3706adfb66be76f975e3e5a64fceb98c35
2023-03-31 23:12:27,False,2.769e-10,8.777e-13,10800000000.0,0.0947,0xc7...cb26,https://bscscan.com/tx/0x94683e92c77df200f2c84bd71443018b4c823b7fbca14c2990db7188fddeb96b
2023-03-31 23:12:24,True,2.783e-10,8.821e-13,5898400001.0,0.052,0xa4...7026,https://bscscan.com/tx/0xdc440afe1dfc29a6653619204b94f6436aa5b85dfbb0850eda493685b1406204
2023-03-31 23:10:09,True,2.783e-10,8.821e-13,34149885190.0,0.3012,0x48...2756,https://bscscan.com/tx/0x05586136ce66e1fa240fae316d25548fbfd7fa9fbf2cd567b103064228c371ea
2023-03-31 23:09:51,True,2.783e-10,8.821e-13,702856325.0,0.0062,0xbd...49e8,https://bscscan.com/tx/0xea9fed0833398ab235497395e90d65eb62dec4631b109f1d63c1e7debbecff4e
2023-03-31 23:09:42,True,2.783e-10,8.821e-13,1666491431.0,0.0147,0xb6...0727,https://bscscan.com/tx/0x9bef102eda86ca14bd9a77a45925bebc45aadabe8a0fedebf7e486e038654949
2023-03-31 23:09:09,True,2.796e-10,8.821e-13,5212908373.0,0.0459,0x8b...4085,https://bscscan.com/tx/0xf5418473fe1a29b859f1326560dc14cd5daa559e6fad58dd459de098c8e44c34
2023-03-31 23:08:45,False,2.769e-10,8.777e-13,36803241913.0,0.323,0x7d...6bd0,https://bscscan.com/tx/0x943debb0115d144213fb7d3ea6bfa43d90bf65443b92ecaa39f5926e7063ed12
2023-03-31 23:08:18,True,2.782e-10,8.821e-13,108412836635.0,0.9563,0x45...8cce,https://bscscan.com/tx/0xd48e4ce920c18a2777a67f543a42dbc7ee11d76267a3b30dbd657e89abe921bf
2023-03-31 23:07:51,False,2.768e-10,8.776e-13,7516166580.0,0.0659,0xe7...dedb,https://bscscan.com/tx/0x2f930a196d96ba85fc2d2b03eb14aafc587db74d5b74ebba04525ee28cc25fda
2023-03-31 23:06:39,False,2.767e-10,8.776e-13,52169441548.0,0.4578,0xe2...51bc,https://bscscan.com/tx/0xeda6efa8cfc6e8fd4874e6aa3d24662eb2a54ba50aa1d241328eeae2f72de11c
2023-03-31 23:06:33,False,2.767e-10,8.777e-13,38700000000.0,0.3396,0xcd...b082,https://bscscan.com/tx/0x4d828876b1970ca48025fe2a53a5c6bc72dc919948d276b8b1d3bb86e51afefe
2023-03-31 23:06:27,False,2.782e-10,8.777e-13,14236889703.0,0.1249,0x1a...2873,https://bscscan.com/tx/0xb695531441e079fd586c89ff45835bcc11a39561eb88b5b20f3460585bc05761
2023-03-31 23:06:15,True,2.796e-10,8.821e-13,3352454819.0,0.0295,0xdf...d67e,https://bscscan.com/tx/0xb459229ec235e544a99ae1c441bcebd7d7562ec3acb7442afc08f660f2469ac7
2023-03-31 23:06:09,True,2.796e-10,8.821e-13,65184336378.0,0.575,0x59...0584,https://bscscan.com/tx/0x93aad9bf20d9fb961a41ea51d1c123a14541d8f645fb7aae5c1d64c18cb55add
2023-03-31 23:05:20,False,2.768e-10,8.777e-13,33750000000.0,0.2962,0x93...93b7,https://bscscan.com/tx/0x145071635d2f9b1a65cc56106a0c77be74acc41658494a940083a8a790013bc2
2023-03-31 23:04:42,True,2.796e-10,8.821e-13,1133640336.0,0.01,0xaf...6df0,https://bscscan.com/tx/0xc1f21b5d54f0768df0f1263cb039d2458b3edd2e3e003c66765d8a56aaf8c264
2023-03-31 23:04:02,False,2.767e-10,8.777e-13,36865335111.0,0.3235,0xbb...f4df,https://bscscan.com/tx/0xc9c23c640d4aa1c08d55c6ccbc117fe1cb45b5c0d8f074837f9567606301aa8e
2023-03-31 23:03:59,True,2.796e-10,8.821e-13,11336237613.0,0.1,0x74...1ac2,https://bscscan.com/tx/0xecd655558ef02113897b2a6ad23a4a1f07f57cb17ffd31b8fb20bcf308b596bb
2023-03-31 23:03:56,True,2.796e-10,8.821e-13,340088078.0,0.003,0x90...1c03,https://bscscan.com/tx/0x217cf6578d88c7d3765fe0b694f1efefaede3b9505558f5e2d68aa8b9222ea33
2023-03-31 23:03:05,False,2.782e-10,8.777e-13,146019116544.0,1.28168,0xb9...1ece,https://bscscan.com/tx/0xcdbffb85231bbd0e4a068a215cbd30cac33f16303b86ff0dd1f761d510f4a9fe
2023-03-31 23:00:26,True,2.782e-10,8.821e-13,1434720229.0,0.0126,0xec...2b4c,https://bscscan.com/tx/0x9bf136b7187cecc46ca90eb4b7f491f718a1061a30e20fad06fec22ec6bff173
