datetime,buy_order,price_USD,price_native,amount_token,total_native,maker,etherscan_url
2023-03-27 21:56:24,True,2.122e-10,6.917e-13,1000000000.0,0.0069,0xc1...14c6,https://bscscan.com/tx/0x10fe687ac147528d893eb426a4e35048c9f5f19791edca4be428f3f74966840c
2023-03-27 21:56:21,True,2.133e-10,6.917e-13,303589185420.0,2.1,0xef...ee94,https://bscscan.com/tx/0x61b9f86fa1173a5c2ae92ce5ddf02ce1b74c7874a5939d0c91db0c554499a59e
2023-03-27 21:55:39,True,2.123e-10,6.916e-13,1000000000.0,0.0069,0xc1...14c6,https://bscscan.com/tx/0x0f51545b475140e416fa2b1fbe829abad264dbf25c73581a19f119531531b799
2023-03-27 21:55:09,True,2.134e-10,6.916e-13,10000000000.0,0.0691,0xc1...14c6,https://bscscan.com/tx/0x4917812e93ccedf34b941637a2bcd7a36cd1406c5361fffccb159b26bcd879e7
2023-03-27 21:54:36,True,2.134e-10,6.916e-13,10000000000.0,0.0691,0xc1...14c6,https://bscscan.com/tx/0x40fd55485063b35f632f1e2a8239555e6b28646892ba391027b5e93e837230eb
2023-03-27 21:50:00,False,2.124e-10,6.882e-13,4222772466.0,0.029,0x13...7c84,https://bscscan.com/tx/0xdc0ac142442906f8f9342b78695ec1d8fdd00cef9d11e074a2248b05a936aeb1
2023-03-27 21:49:12,True,2.134e-10,6.916e-13,3784831427.0,0.0261,0x14...67e1,https://bscscan.com/tx/0x369a976b0d3f82e76735011e545ec880368f27953804260b29865d5c895ffced
2023-03-27 21:48:39,True,2.134e-10,6.916e-13,10000000000.0,0.0691,0xc1...14c6,https://bscscan.com/tx/0x4f32b8dc2f57fe32f90812ff31297b6b83846e1d344eef92f7d277a72a543fb3
2023-03-27 21:48:39,False,2.124e-10,6.882e-13,139133151647.0,0.9575,0x76...cf7f,https://bscscan.com/tx/0xceb70e79901b9213749f027c85ed793e5f2e5c43a21097a1abc3326a60384b50
2023-03-27 21:48:00,True,2.134e-10,6.917e-13,10000000000.0,0.0691,0xc1...14c6,https://bscscan.com/tx/0x76884f91a48b909d24a2a57f6de20b5d09d399494563d6722a2acd2b23c9cc78
2023-03-27 21:47:45,True,2.134e-10,6.917e-13,19566269155.0,0.1353,0x51...d740,https://bscscan.com/tx/0x42f0c52f0a4ee10dfc8dff979b92f72c458f48c2372d5608c4e232b60c4e84de
2023-03-27 21:47:24,True,2.134e-10,6.917e-13,10000000000.0,0.0691,0xc1...14c6,https://bscscan.com/tx/0xc3ca1fae81c62f157ad5295775bfb49162928307f7b798a22aa00a72e2ee00ca
2023-03-27 21:46:45,True,2.123e-10,6.916e-13,10000000000.0,0.0691,0xc1...14c6,https://bscscan.com/tx/0xdb20683b6545f87bd96c4559838cccb727411407b6de35f6ad948729f46a77a0
2023-03-27 21:46:12,True,2.122e-10,6.916e-13,10000000000.0,0.0691,0xc1...14c6,https://bscscan.com/tx/0x8746a58e1376858e52d5fbdb04baeef78dd97ed0556dbc0e3f09cc9b1979c6cc
2023-03-27 21:45:57,True,2.123e-10,6.916e-13,13495304333.0,0.0933,0x7f...82e2,https://bscscan.com/tx/0xcfb14ce8a220066713ae5efc9367b7284c7429d4a0a5441ae6c30fb2f36f45a6
2023-03-27 21:45:36,True,2.123e-10,6.916e-13,10000000000.0,0.0691,0xc1...14c6,https://bscscan.com/tx/0xa675c41718f406d74bb60a11ab862c4a57aa97396d52785a3fa4239e0acc6d0e
2023-03-27 21:45:33,False,2.112e-10,6.882e-13,8398651387.0,0.0578,0x0e...18de,https://bscscan.com/tx/0x80e2c07278f456c0fa61bae208f806f133d6923666a731b0a9b4081e120711a6
2023-03-27 21:44:45,True,2.123e-10,6.916e-13,10000000000.0,0.0691,0xc1...14c6,https://bscscan.com/tx/0x5a0821f6a6f7238dd46da46c7da34dd6044cc5212f65c2b492db2de915b9fabd
2023-03-27 21:43:42,True,2.135e-10,6.916e-13,5177721347.0,0.0358,0x37...a0d2,https://bscscan.com/tx/0x9ce6eba94e0670f0e163f97bc2690312032c318e7a1b0f0baff032f403dee712
2023-03-27 21:39:30,False,2.125e-10,6.882e-13,13500000000.0,0.0929,0x1f...4f4f,https://bscscan.com/tx/0xe79d24cf42fcea59e673d0d5a59e218f68c4822bfd4d61bf3d19184a65ba4348
2023-03-27 21:39:12,False,2.125e-10,6.882e-13,9000000000.0,0.0619,0x71...52d2,https://bscscan.com/tx/0x8aef6a9d7cdd71687e99e920a86289a331feb8892204f6dabe34e7173ba37d29
2023-03-27 21:38:12,True,2.136e-10,6.916e-13,35853333359.0,0.2479,0x3d...d34e,https://bscscan.com/tx/0x02c25c9b696a771985f0dab99ced0aef0bdcb31cdd557f1726798d0a78b83682
2023-03-27 21:38:09,True,2.136e-10,6.916e-13,4337262167.0,0.03,0x43...b0c5,https://bscscan.com/tx/0x34d7d0cda8e749edb5aec58a7e47940cac3689089718c20a0f5bfbaaa8612751
2023-03-27 21:38:03,True,2.136e-10,6.916e-13,86297200000.0,0.5968,0x1f...4f4f,https://bscscan.com/tx/0x6587b13d0289db1fa58b486571cf4284c2ccee2bc8a19258473ef9e2426ee82b
2023-03-27 21:37:12,True,2.125e-10,6.916e-13,4453400368.0,0.0308,0x8a...798d,https://bscscan.com/tx/0x5888f8955c6cf3521b66447236aa3a5e35ba60b73ebf3ae067d093e25eea3fcc
2023-03-27 21:36:33,False,2.125e-10,6.882e-13,36097495480.0,0.2484,0xf4...ade7,https://bscscan.com/tx/0x87c249b32df6f6b8c1839dbebaf182d101f892a5a2196ca21ca6b6be4b4f5633
2023-03-27 21:34:54,False,2.125e-10,6.884e-13,1630888773476.0,11.2278,0x06...52c6,https://bscscan.com/tx/0x4bc1ec8b6e5726d7ad2991349e8a14f114179660fbafcd8d4500798c6004ee1d
2023-03-27 21:33:15,False,2.118e-10,6.886e-13,12408315045.0,0.0854,0x19...8f51,https://bscscan.com/tx/0x0cd56f0d1778a296969f2e544880baeea7b7195046490cfa7b725d8b34f6eb37
2023-03-27 21:31:39,True,2.14e-10,6.921e-13,7223930767.0,0.05,0x11...e075,https://bscscan.com/tx/0x92db6cd398233516fe8049945b75e20d1ae66d77cc4216768a3580d8342d5de8
2023-03-27 21:29:45,False,2.13e-10,6.886e-13,57654981014.0,0.397,0x7f...47d0,https://bscscan.com/tx/0x5f9615fdf8df1420fd93c22210c9e6fa995f42f2348a86be7f4838f2e1699d9e
2023-03-27 21:26:27,True,2.138e-10,6.921e-13,21580300001.0,0.1493,0xaf...0a48,https://bscscan.com/tx/0x640d988204a5ff0eaacc3b9409036f02c1c45899b2ec7749bf251259b36570f3
2023-03-27 21:20:57,True,2.133e-10,6.921e-13,1000000000.0,0.0069,0xe5...f865,https://bscscan.com/tx/0x9d177c6b9f5de68322658e5caf88631b5e677cb41c8085bf09aa57fb2ef80865
2023-03-27 21:20:03,True,2.121e-10,6.921e-13,11720523179.0,0.0811,0x92...a343,https://bscscan.com/tx/0x997ef04faf0b278db9627158adab8054c3edf8380618f2b843348efdb6085070
2023-03-27 21:17:33,True,2.121e-10,6.921e-13,17680900000.0,0.1223,0x9c...ebdb,https://bscscan.com/tx/0x9aa947e197c525cef8a9f6370be74944bf6e2cc298d1a2cd5a94a1bb74778ca6
2023-03-27 21:11:57,True,2.131e-10,6.921e-13,4912270000.0,0.034,0xfc...67a5,https://bscscan.com/tx/0x635422b3a8aebd701ee573e5af7bf43e5b6caebdd7ee91ebf64ec181110ead06
2023-03-27 21:10:30,False,2.11e-10,6.887e-13,159072135130.0,1.09555,0x75...5cb3,https://bscscan.com/tx/0xca8d3f5f1a43037ecad885caa7c18d7c3697085dc6eb91f1f5cb78d2b195a36f
2023-03-27 21:08:30,False,2.11e-10,6.887e-13,85500000000.0,0.5888,0x15...26b2,https://bscscan.com/tx/0xf184ead05627dfa1a126fb762bfa54e979eec49f966d263bdd8acf70a077382b
2023-03-27 21:07:03,False,2.122e-10,6.887e-13,131289370072.0,0.9042,0xde...ca90,https://bscscan.com/tx/0x5ca95aa7c2d6d12a8277cfb8191bbb19f7d24139f051a2aef833bbec26e8b9ff
2023-03-27 21:05:21,True,2.097e-10,6.837e-13,58649296498446.0,401.006,0xb9...f731,https://bscscan.com/tx/0x8867e48e256e2f46f8326693bfceec79ef98437d7efb877650661b44235df21f
2023-03-27 21:04:51,False,2.119e-10,6.874e-13,105000000000000.0,721.786,0xee...ecb0,https://bscscan.com/tx/0xf497b55b732206eaa5425cd20e77efbf318fb33250f9178383dc5aa94b0766e1
2023-03-27 21:03:24,True,2.168e-10,7.067e-13,9763620000.0,0.069,0xe9...8385,https://bscscan.com/tx/0xf73d1c7cea3e7703389a2f1d0bb93e1aba2456fd162b211c9a3b579299f857a2
2023-03-27 21:00:00,True,2.179e-10,7.065e-13,718944082279.0,5.08,0x28...c22f,https://bscscan.com/tx/0x88e4d9a09f3d217efcfc1bc90d1659c3eb40b69ff449e17ac853cff9d405d311
2023-03-27 20:59:48,True,2.167e-10,7.064e-13,111435000000.0,0.7872,0xcf...6bc1,https://bscscan.com/tx/0x8611b9c86df57087cf28dbd4dddc1a65a8f1126f31f622f70f1578dfe26c12da
2023-03-27 20:59:48,False,2.156e-10,7.029e-13,26806278890.0,0.1884,0x03...3f35,https://bscscan.com/tx/0xdc2e5a1410b8af5176bf6ceeb39e0ef1dba96f83e52141b3a1ed0a648428f8ca
2023-03-27 20:59:17,True,2.178e-10,7.064e-13,3850000000.0,0.0272,0x6d...1939,https://bscscan.com/tx/0x24f08f2ae0b6e145e073cbce2abd61031bcc665a579a306b88c709448036f19c
2023-03-27 20:59:02,True,2.178e-10,7.064e-13,3538807592.0,0.025,0x25...e07a,https://bscscan.com/tx/0xf159e12e2ab21136a52e133dcf1646811468944ed591ba84e7819f1b1c78a632
2023-03-27 20:56:14,False,2.167e-10,7.029e-13,90000000000.0,0.6326,0xb6...8fba,https://bscscan.com/tx/0x33f226c889d6430e97abbfe66af5bc1095306d45c43cf66b830cc23274335750
2023-03-27 20:53:35,False,2.167e-10,7.029e-13,150853148860.0,1.06046,0xf0...c7ff,https://bscscan.com/tx/0xb030ce5e5f58babf9b58dc4b0ea3ba4cd3ce9ef869151976f4865672c63372f9
2023-03-27 20:53:23,False,2.156e-10,7.03e-13,42300000000.0,0.2973,0x59...2ff2,https://bscscan.com/tx/0x9a22c949981c4cfa97c5668b84bb435a2472eef54f0fee58cfb623dee953d2fd
2023-03-27 20:52:29,True,2.178e-10,7.065e-13,21796477315.0,0.154,0xf4...8fef,https://bscscan.com/tx/0xec300b296923c8e00dd0fdbdbedc9a31dc51c0fc974bad9027fa6290f190cd53
2023-03-27 20:52:08,False,2.157e-10,7.03e-13,4773803054.0,0.0335,0x65...b186,https://bscscan.com/tx/0x725b17374977bbbdf3e0618e08f50dc3f1cd4131ebc0e4b6f90609d8044a6e38
2023-03-27 20:51:14,False,2.156e-10,7.03e-13,15300000000.0,0.1075,0x4e...abb7,https://bscscan.com/tx/0x7172ee2e477ac04a24ef15d444d28590c639ec0727240e712def8b6e0544be37
2023-03-27 20:51:05,False,2.167e-10,7.03e-13,115953178910.0,0.8151,0x1d...94ba,https://bscscan.com/tx/0xbf9bec214467d833160473b031d6e41570c99796db46e6c4ec7da4b8b02ebd39
2023-03-27 20:48:44,True,2.178e-10,7.065e-13,4998231508.0,0.0353,0x25...37b6,https://bscscan.com/tx/0x1f30e267c32232121ef51cf1cdc53a9fa482764d08d8b47924c8d67d9a78d72c
2023-03-27 20:48:05,True,2.167e-10,7.065e-13,45836215799.0,0.3238,0xc1...7adb,https://bscscan.com/tx/0x31eb8545529e7e93a6c4636a98cf86d7f7531809f01aae83edaca921b98ff726
2023-03-27 20:47:05,False,2.156e-10,7.03e-13,54068865908.0,0.3801,0x14...3de5,https://bscscan.com/tx/0xd48208e157f9a474d07b20da1266e6938101ce09b61d1cc7175e58f1e53e0779
2023-03-27 20:47:05,False,2.156e-10,7.03e-13,8721394514.0,0.0613,0x0d...eceb,https://bscscan.com/tx/0xb43a2ef4b63148d2d4e762e9e9726e1c5c0214e7a0713c1980eb453041d2a9bd
2023-03-27 20:46:29,True,2.167e-10,7.065e-13,28550927056.0,0.2017,0x15...4042,https://bscscan.com/tx/0x4e1e05367f1f5d5a41428dbb1b1f5998866319008c5a7ce4cb0e55706cef2f1b
2023-03-27 20:44:44,False,2.157e-10,7.03e-13,131177640944.0,0.9222,0xdb...5f62,https://bscscan.com/tx/0xff701ff340af58b9d79c09001e692fbe1f7b6af0afd62e8a497a256cad219164
2023-03-27 20:43:53,False,2.157e-10,7.03e-13,90000000000.0,0.6327,0x5a...33fc,https://bscscan.com/tx/0x07ce2ebc4ac293b0dce120b20c06bf2e72632597932b8d5678394558dedc0cab
2023-03-27 20:41:56,True,2.168e-10,7.066e-13,18000000000.0,0.1271,0x4a...0cf5,https://bscscan.com/tx/0x8c621a8876bddfcece2b5e16e18d1029dbcfc8ae2c6b1b467f1a1f4c8ed92d86
2023-03-27 20:41:38,False,2.168e-10,7.031e-13,58777919174.0,0.4132,0xb4...814c,https://bscscan.com/tx/0x25a8069c4c19fd814ab5a6ea7fd5fe0073131922aab3e26a602616b207be02ab
2023-03-27 20:40:29,False,2.156e-10,7.032e-13,985999389163.0,6.93427,0xf4...176c,https://bscscan.com/tx/0xe68f4a9cd61d53b455dc3dedf916951e534a05ddd99a9dfd4e94244abda9fe4e
2023-03-27 20:35:17,True,2.182e-10,7.069e-13,7513740978.0,0.0531,0x4e...27f9,https://bscscan.com/tx/0x323fd86b8b8dbea80914f90cb5dde5e14f50b5fbe3c14149c18f335c6b46c76f
2023-03-27 20:34:35,True,2.171e-10,7.069e-13,5800000000.0,0.041,0x02...cc30,https://bscscan.com/tx/0x433afc47ff3c2e7b58d8855bf694db6f1407dae91fd2d9fc6acf96650ac18881
2023-03-27 20:34:08,False,2.162e-10,7.034e-13,81988932781.0,0.5767,0x68...ca68,https://bscscan.com/tx/0xdef1444efcdb50af22cade6ba994556c1f8ea706e90741f84550ee77efdef148
2023-03-27 20:34:05,False,2.162e-10,7.034e-13,5390626074.0,0.0379,0x73...2b04,https://bscscan.com/tx/0x4bc4f0ef97c4126b65fce0e0eda9ad82f23c5a34cb97e130cfcea520d221603f
2023-03-27 20:33:29,False,2.163e-10,7.034e-13,21078771613.0,0.1482,0x1b...c2a5,https://bscscan.com/tx/0x82b16bc1977a397b1cf1a2558defa895cf0ff8180758720a9866e432fb93f84a
2023-03-27 20:33:20,True,2.186e-10,7.069e-13,73045901.0,5.164e-05,0x32...a97d,https://bscscan.com/tx/0x2a00ce350a429ff1e4351d2e003add88997d3a81a6875ac28bd09c73952ffdb9
2023-03-27 20:31:47,False,2.176e-10,7.034e-13,18457121768.0,0.1298,0x3d...f824,https://bscscan.com/tx/0x90b24283d0c00698c6b86ded8ab691e3a9cb9664b3fd89a42507739647041376
2023-03-27 20:28:47,False,2.168e-10,7.034e-13,4780867926.0,0.0336,0x0c...0739,https://bscscan.com/tx/0xb5bbac5f0ed38c0a558bec3935d2f76a71adec438b12a410e10273c905d3ddd5
2023-03-27 20:27:38,False,2.18e-10,7.034e-13,900000000.0,0.0063,0xe0...8bf7,https://bscscan.com/tx/0xf615750d9ce2817a247f33cee12916e396debde953164afc2d18b6a3c56b1fbb
2023-03-27 20:27:08,False,2.169e-10,7.034e-13,155607609684.0,1.09468,0x4c...3b03,https://bscscan.com/tx/0x72ca0f8084aad1c7ff522e48649f27f437a5c712be32f4996acb67e8ec48f266
2023-03-27 20:27:05,True,2.18e-10,7.07e-13,2372479096.0,0.0167,0x0d...26f8,https://bscscan.com/tx/0xcfbaf2c56ab167d23bb4ea8f391b4992672e35d1c08d2443b7f19956e0583b8a
2023-03-27 20:24:14,False,2.169e-10,7.035e-13,45110395834.0,0.3173,0x85...34b9,https://bscscan.com/tx/0x89f9d7a4375b796d2d69e669d1b5eb83ef708e998e65d63a3dfed72d897779c5
2023-03-27 20:23:32,True,2.191e-10,7.07e-13,11500000000.0,0.0813,0x78...769b,https://bscscan.com/tx/0xf3dc3426f2343d6956208fa6ae7ca7569bbeb928bbfea19cd981a44317360fbe
2023-03-27 20:21:44,False,2.18e-10,7.035e-13,10592484831.0,0.0745,0x3c...4927,https://bscscan.com/tx/0xaf20652534402fbbde0f58b0a197a426a6ce94f043d1d3c4dd48a1dbf0af22cb
2023-03-27 20:17:05,False,2.172e-10,7.035e-13,22500000000.0,0.1582,0x79...acc5,https://bscscan.com/tx/0x3376c4d2494a11b1e83320a047364a1b8af5b466c38503951cb949c1d6567cc6
2023-03-27 20:14:11,True,2.17e-10,7.07e-13,2551858794.0,0.018,0x3d...5c2f,https://bscscan.com/tx/0x3a98e9262ea7156e26e461ca6980f996aa711b992d8349d77fa27898d8fba234
2023-03-27 20:10:50,True,2.169e-10,7.07e-13,8406422814.0,0.0594,0xf0...8ed4,https://bscscan.com/tx/0x7ae86853e26ffdb54cd410017a63b5762575cc7212d3f331079739b811b0071c
2023-03-27 20:08:47,True,2.179e-10,7.07e-13,5816952974.0,0.0411,0x95...cd34,https://bscscan.com/tx/0x50c9e98bf315233aba2406b3a09734486204a971010fd8c972ed1acb1c30d3ec
2023-03-27 20:07:29,False,2.168e-10,7.035e-13,16544117647.0,0.1163,0x31...e02d,https://bscscan.com/tx/0x2d2f904c1e326a1f7afd6a29877ed84e2e7cbf82ab5342e84b749b3b8f2a5e0b
2023-03-27 20:07:23,False,2.168e-10,7.035e-13,15087083971.0,0.1061,0x65...9208,https://bscscan.com/tx/0x772536bdb48ab837dffbec2cf799853cb75accb3f2c6e507c16f8df761a9b31d
2023-03-27 20:06:47,False,2.157e-10,7.035e-13,27266589476.0,0.1918,0x08...d4d3,https://bscscan.com/tx/0x029d9ff142586cf6cc92033dccee47fcc9dd0fc5120a85b385c3a5d1da58e628
2023-03-27 20:04:20,True,2.167e-10,7.07e-13,2604069999.0,0.0184,0xda...6985,https://bscscan.com/tx/0x6ef165baad4a12f1c78f09b439edfae4533e89315db0d37a37bea4e0fb3862bf
2023-03-27 20:04:14,False,2.157e-10,7.035e-13,1968198565.0,0.0138,0xb1...7da7,https://bscscan.com/tx/0xfb193ee068b512fa4166b5c845b474df299541ee1e8d8644f70e7e9bbc00818e
2023-03-27 20:02:53,False,2.168e-10,7.035e-13,3362581568.0,0.0236,0xae...cddb,https://bscscan.com/tx/0x6724abb14313f5c0142b63d77a04228671568c03004ecbb054e97dc855335757
2023-03-27 20:01:29,False,2.168e-10,7.035e-13,189913911344.0,1.33618,0x33...3d30,https://bscscan.com/tx/0x85286ad9c6a5d74bff5c584d5fa782353b74e2f4bcde7098733181bdb0924c7f
2023-03-27 20:01:05,True,2.178e-10,7.071e-13,100000000.0,7.071e-05,0x55...0764,https://bscscan.com/tx/0x29ac9c1e5b6f223fd31331dc33374108404dec03111750ac6eb8186cd8705993
2023-03-27 20:00:56,False,2.167e-10,7.036e-13,39505165523.0,0.2779,0x78...0e00,https://bscscan.com/tx/0xfb081bed7845d2016bd8894d6f4e3b4f5c1ae33ee379602d6a164d76be77de72
2023-03-27 20:00:43,False,2.157e-10,7.036e-13,46152802799.0,0.3247,0x6d...1939,https://bscscan.com/tx/0x285953666fef249bb91022a544b22dc8456bac2a3713ad99d5009ff0b81b057d
2023-03-27 19:59:00,True,2.181e-10,7.071e-13,10000000.0,7.071e-06,0x0a...d5a0,https://bscscan.com/tx/0x89df5fbacc973fcfb2d5056d3194fa5a425c36a9809eca5229548613f77c84e3
2023-03-27 19:57:50,False,2.172e-10,7.036e-13,1756455226.0,0.0123,0xcf...2d4f,https://bscscan.com/tx/0xf78d7a6d46a35c3dbb19a89fa2557345b6b71e37adc29258a8166f02c824d475
2023-03-27 19:57:26,False,2.173e-10,7.036e-13,24948264035.0,0.1755,0xbe...dc1c,https://bscscan.com/tx/0x6054d6c86fba83a50d3f07563b8e822407201e0a9afea63130f1f6ec4e82b722
2023-03-27 19:56:23,True,2.184e-10,7.071e-13,2429874770.0,0.0171,0xb1...7da7,https://bscscan.com/tx/0x669d596fe57cf080c35fefb8cfa48ba2f823d22db15b9d79e18e7af0068aa20d
2023-03-27 19:56:02,True,2.174e-10,7.071e-13,4631490918.0,0.0327,0xbd...3739,https://bscscan.com/tx/0x84aa39cdeeef1d74f12b5f7eb9e42e96efefd208c2775390dbec5845807d76fa
2023-03-27 19:55:11,True,2.185e-10,7.071e-13,6736750544.0,0.0476,0x01...3584,https://bscscan.com/tx/0x4840de7d378ce0d673963ecac6871cf01d12d2c40a974708d2a9069ab70c498c
2023-03-27 19:53:32,True,2.184e-10,7.071e-13,70706130144.0,0.5,0x4e...abb7,https://bscscan.com/tx/0xd8bf0268a530b0feb002c5bd682e6560cf99830bfc7d39a380be4f1c142802ee
2023-03-27 19:52:59,False,2.173e-10,7.036e-13,7200000000.0,0.0506,0xae...462d,https://bscscan.com/tx/0xd62c0dab5ca14f2105a04a1801533a5854edb1d646bc706de2813a49ede9ac1c
2023-03-27 19:49:14,False,2.168e-10,7.036e-13,71420931461.0,0.5025,0x93...4b59,https://bscscan.com/tx/0x35071f22cda19475f38df3dd8225984bf862fead634df6ea73c2d1d96c530fd5
2023-03-27 19:47:35,True,2.189e-10,7.071e-13,816688588.0,0.0057,0xcb...73e3,https://bscscan.com/tx/0xd6af81de4c31540c95b5a4efb564f64a8d1338d54e39a598ce5cc1b1b12e4aa6
2023-03-27 19:45:47,True,2.191e-10,7.071e-13,1000000000.0,0.007,0x55...0764,https://bscscan.com/tx/0xaf55b3a1432125a7e0010e365a59497b573b7588867d64eb03dd0a79706a53c5
2023-03-27 19:45:41,True,2.191e-10,7.071e-13,64854239654.0,0.4586,0x3d...f9dc,https://bscscan.com/tx/0x5da9dbf3fb6e9cf21e66934a2b243e89b87ef713c4f6d62b8b0005f879bba17b
2023-03-27 19:45:38,True,2.191e-10,7.071e-13,3344444444.0,0.0236,0xfc...e63b,https://bscscan.com/tx/0x5169f224592be243be1bf7c9af7717e1a6442fefd8d3a81324c65550ee78282e
2023-03-27 19:44:53,True,2.19e-10,7.071e-13,4007596082.0,0.0283,0x29...e5bf,https://bscscan.com/tx/0xa5fe70080132c84dcf29b649dfbe0283e5eeeb26d3d6a2c0e5e0b4046cd9a684
2023-03-27 19:43:08,False,2.174e-10,7.036e-13,19800000000.0,0.1393,0x41...f96a,https://bscscan.com/tx/0xcfa77f439997071ddd4f358a716e1783ef2b73c525f8fbf3290a94370af1a9c7
2023-03-27 19:42:41,True,2.185e-10,7.071e-13,100000000.0,7.071e-05,0xd1...adc9,https://bscscan.com/tx/0xb2d39b92455e6b87986db2f8071a505c9cf4d4fd557fd780c88d31995943d0d7
2023-03-27 19:41:50,True,2.196e-10,7.071e-13,22800125402.0,0.1612,0x3c...8366,https://bscscan.com/tx/0x49033eeed233bf60bd31c90650ebadb1d4380f2e6dd36b7c6cef4d36d8420063
2023-03-27 19:39:41,False,2.185e-10,7.036e-13,3905711747.0,0.0274,0x78...d2d7,https://bscscan.com/tx/0x9db1dbb039069da981e8d1ce8dd67d8a87f4394b6e924039b66b216b5eb548b9
2023-03-27 19:37:20,True,2.201e-10,7.071e-13,4147808185.0,0.0293,0x7f...74de,https://bscscan.com/tx/0xbc5cb4c41fbc602b1ea241deffccd29c7d87c6cb17f569f58e6d3b5b6e0f3182
2023-03-27 19:36:59,False,2.19e-10,7.036e-13,21380691131.0,0.1504,0x7a...5ca2,https://bscscan.com/tx/0xd6ecea25337bda29a1c9df2171499b3dca305c2a4c39c0d1a0e203fb5906dffd
2023-03-27 19:36:41,True,2.189e-10,7.071e-13,29188972603.0,0.2064,0x8d...4ad1,https://bscscan.com/tx/0xcb389532d56a0138738fc8251abb437ebf05d9aa122c1f54b36fbafeafaaa44f
2023-03-27 19:36:05,True,2.201e-10,7.071e-13,282829768.0,0.002,0xa4...5f27,https://bscscan.com/tx/0x7bb3e7d0e6bea0c4d69c3d4b6ac6718affa9aeab221ffc4b5649ec3121b10d03
2023-03-27 19:32:08,False,2.18e-10,7.036e-13,11975094421.0,0.0842,0xa4...21b2,https://bscscan.com/tx/0xe633495e6312c9f2ac9fa56acb304187c55aab67f8b57491ed44646cb5d7ef32
2023-03-27 19:29:41,False,2.191e-10,7.036e-13,68717593161.0,0.4835,0x10...a2a0,https://bscscan.com/tx/0xf06eca1252b9798c1721363cf3babfa1fa4b17970df69a12cf5624d64df3ff72
2023-03-27 19:28:50,True,2.202e-10,7.071e-13,2199710633.0,0.0155,0x40...1ffe,https://bscscan.com/tx/0x94efa2de2d989d59b95abfec6f8cd2bb1bb1e5580b82d102cb049de8751847f5
2023-03-27 19:27:02,False,2.194e-10,7.036e-13,9909044708.0,0.0697,0x65...9208,https://bscscan.com/tx/0xc51d89e5afa39cf4a23f5412327ef8cfb116408d3f42653dae75e09310b87537
2023-03-27 19:26:11,False,2.187e-10,7.036e-13,26315131675.0,0.1851,0xae...b2cd,https://bscscan.com/tx/0xed25a2d39eaeafce9a3c72f7f0f2a9249ea723b80190c49525cdb0cabd1d5168
2023-03-27 19:22:26,True,2.209e-10,7.071e-13,16509335314.0,0.1167,0xf4...48ed,https://bscscan.com/tx/0xd4580c0824308874356c064797faca6b8415bb321a125b32ef6a458d73531408
2023-03-27 19:20:32,False,2.188e-10,7.036e-13,3986793785.0,0.028,0x35...bf10,https://bscscan.com/tx/0x454a3f53fe316801fd5248327e499ec6b52183b8b18d038c99960f31d20bc232
2023-03-27 19:19:20,False,2.199e-10,7.036e-13,58500000001.0,0.4116,0x8b...5a8c,https://bscscan.com/tx/0x4a351dd6d8781e5b830b3db986da815cbcf6cd540bad7bcfdb3e9a322eed554b
2023-03-27 19:19:14,False,2.199e-10,7.036e-13,31120084338.0,0.2189,0x3e...0e5e,https://bscscan.com/tx/0x273a4a53f848ade4ef960e3bb9ca421feffe548a441f9e44a5a5ff0f882fa29d
2023-03-27 19:18:41,False,2.2e-10,7.036e-13,1947729931.0,0.0137,0x4f...f4eb,https://bscscan.com/tx/0xd90a201005d4416ef15856cf3cc1c54e4d4f154f2d92955bea391fd673d93281
2023-03-27 19:16:11,True,2.209e-10,7.071e-13,2799424328.0,0.0198,0x25...384f,https://bscscan.com/tx/0x709cd405139a9def1e98bb971bf9d0a4b7aa20c560331b671a28a18d525a9654
2023-03-27 19:14:44,False,2.19e-10,7.036e-13,38370150000.0,0.27,0x6d...dc57,https://bscscan.com/tx/0xfaeed5b1e5fd85a299761f29443e40e14eb0161b61ae9dc552f88ab6b24b6591
2023-03-27 19:12:20,False,2.203e-10,7.036e-13,60665739974.0,0.4269,0xdb...a24d,https://bscscan.com/tx/0xa2c7e7b023b037af9ce9699c61a11fab3aa12392b1d245560d5705f8f42779e9
2023-03-27 19:10:05,False,2.202e-10,7.036e-13,7518211789.0,0.0529,0x8e...11f9,https://bscscan.com/tx/0x4425f1d99ba10ae4fd408d5ba1adacc3f2dc79e4345afcbf803890b65e488aaf
2023-03-27 19:10:05,False,2.202e-10,7.037e-13,7518211789.0,0.0529,0x8e...11f9,https://bscscan.com/tx/0x4425f1d99ba10ae4fd408d5ba1adacc3f2dc79e4345afcbf803890b65e488aaf
2023-03-27 19:07:35,False,2.205e-10,7.037e-13,19559031897.0,0.1376,0xcd...6437,https://bscscan.com/tx/0x7ab03180dbd02a860ba1cd073ec84c0c4d9ed777d7beaa4ea5fefa8bd15f88e5
2023-03-27 19:07:20,False,2.194e-10,7.037e-13,77363453584.0,0.5444,0x70...5642,https://bscscan.com/tx/0x1ee8a8fa96bd897d778a3a62372a311fd35f1551868c3183a4f7b1f95892197e
2023-03-27 19:06:40,False,2.194e-10,7.037e-13,15058451234.0,0.1059,0xdb...baa2,https://bscscan.com/tx/0xfe49ae6844f060dfd7d407b5229ccd066e1c4f73a3265afcdec68713dd167d08
2023-03-27 19:04:58,False,2.194e-10,7.037e-13,36424378530.0,0.2563,0x10...ea00,https://bscscan.com/tx/0xe86119388d4ea3d5a91d7d32d689eeb519eaf0a1777e5d3c26e1c37ea560db2c
2023-03-27 19:01:22,False,2.2e-10,7.037e-13,36110346397.0,0.2541,0x85...34b9,https://bscscan.com/tx/0xb7da017a60e19673ff7ebad93118fef3b1c8655b314b594d397dac8bcd4cece1
2023-03-27 19:00:23,True,2.211e-10,7.072e-13,14657921830.0,0.1036,0x08...654f,https://bscscan.com/tx/0x53d0eee3cda2971f955742aaec3df4da76eeb8e6b3040ea999203fdd0ba8f904
2023-03-27 19:00:05,False,2.2e-10,7.037e-13,92805632827.0,0.6531,0xba...c7bd,https://bscscan.com/tx/0x0e680ad2454faab8e7240503d1d57e2b8e988e50e962f525b7d2928003c4dd49
2023-03-27 18:59:12,False,2.199e-10,7.037e-13,18099900000.0,0.1273,0xd8...0dc7,https://bscscan.com/tx/0x76617c3961541d81512d1c8da50ea8c66023e8a0a97998de7dec2b8fb18c665c
2023-03-27 18:57:39,True,2.2e-10,7.073e-13,9500000000.0,0.0672,0x0d...c7ef,https://bscscan.com/tx/0x8315614f15efab09897f4e9d764c930ded6e48ed3472be99ba1e5160041d21a6
2023-03-27 18:57:33,True,2.2e-10,7.073e-13,21206986761.0,0.15,0x47...061f,https://bscscan.com/tx/0x11bbd0dd55f8d6b3648d74427ce5a392efb47c3cc915bc2aa1baf23c2bf40ba0
2023-03-27 18:56:51,False,2.2e-10,7.037e-13,51300000000.0,0.361,0x37...8d58,https://bscscan.com/tx/0x152cb82b545dad930ceb14184bf4f1a454132b51f7ba5696229d63c41e29895a
2023-03-27 18:55:06,True,2.2e-10,7.073e-13,4525809994.0,0.032,0x29...1986,https://bscscan.com/tx/0xaae0c38bcecd3ebb940fa24a648f1718de8d738199c451e4766e63f1256c52a6
2023-03-27 18:52:00,False,2.19e-10,7.037e-13,4501260000.0,0.0316,0xaf...5019,https://bscscan.com/tx/0x01a7d4c900237c3ab9c5450732c08a4bb163a76cb8ff77c1408ca5660c40bae9
2023-03-27 18:51:18,False,2.201e-10,7.038e-13,603217852862.0,4.24597,0x6b...b8c5,https://bscscan.com/tx/0x410ec1c3f5df2320af2f38716ac664dccf492d7bc430fb74e114d20a7e4adb19
2023-03-27 18:51:00,True,2.213e-10,7.075e-13,11985303572.0,0.0848,0x08...654f,https://bscscan.com/tx/0x0a65aab02406c919ffa6f55284ff2064b19ce76b732c9e7ac6f9b98d8658c0d3
2023-03-27 18:50:33,False,2.202e-10,7.04e-13,517846067233.0,3.64593,0x89...3c57,https://bscscan.com/tx/0x0a02d6ff950bb20c34b3993853cb97902cd3b0192f55a7c3314f30b195b7f486
2023-03-27 18:49:51,True,2.201e-10,7.076e-13,47048561002.0,0.3329,0x7c...8d5e,https://bscscan.com/tx/0x26fed2d9e11e84b52ddfc95b7f98ee33ba7fb9912e9a5a1a047da6cc8c91ae51
2023-03-27 18:49:15,False,2.201e-10,7.041e-13,9000087724.0,0.0633,0x48...132d,https://bscscan.com/tx/0x598fcf1b451e69a41542dc8f6aec9baec98df4206dee799c08a5af9c4cfee976
2023-03-27 18:48:12,True,2.201e-10,7.076e-13,6147065445.0,0.0435,0xca...5e23,https://bscscan.com/tx/0x220f24d8d584f25ed003b24db83f8cfc1ce806dffb255c7a6895a58e8730ccf2
2023-03-27 18:43:06,True,2.213e-10,7.076e-13,9275631257.0,0.0656,0x82...fe0a,https://bscscan.com/tx/0x13409be9da0bd4d49497d4bd3f957dcb5c19032b7ff8301ef82ff40b20e4fdd6
2023-03-27 18:43:00,False,2.202e-10,7.041e-13,31502552906.0,0.2218,0x4a...f0eb,https://bscscan.com/tx/0x48ee73c8b5a7b8eb9c453d5457b4aa64ad492df79b4947b0e508ee79ab9753af
2023-03-27 18:42:48,True,2.213e-10,7.076e-13,23256854554.0,0.1645,0xb9...fae9,https://bscscan.com/tx/0xdc8d71d28a30b77ad36a9ddea83c137ef61a17ada417b35d33025995bd2108d4
2023-03-27 18:41:24,False,2.201e-10,7.041e-13,37694481620.0,0.2654,0xf1...517d,https://bscscan.com/tx/0x281533483729b4acdd058154cd2a691ad5cd839db1fe8f8da26a1afaba430bfa
2023-03-27 18:41:18,False,2.201e-10,7.041e-13,90000000001.0,0.6337,0x1f...4f4f,https://bscscan.com/tx/0x7e2edb5d089bab3fb8bb96205e7049b63fa1970286949326a0bc7cb1e437ea20
2023-03-27 18:38:06,False,2.21e-10,7.041e-13,21405342209.0,0.1507,0xf1...f1f2,https://bscscan.com/tx/0xd24a46471d9c6a455cb15566370901b286c774761153419a38b56505fcec3595
2023-03-27 18:37:24,True,2.21e-10,7.077e-13,2029747443.0,0.0143,0xf0...c1fc,https://bscscan.com/tx/0xfeca334bdd8959b20a65cc34e74cb5f29e45ce79c00eb756161ff95716898be8
2023-03-27 18:37:06,False,2.21e-10,7.041e-13,2837942034.0,0.0199,0xdd...464b,https://bscscan.com/tx/0x7fa223a590f8d2b24b7155c15df8f1ee2fe694cafa902116ed4280fa3b1c6f47
2023-03-27 18:35:24,False,2.21e-10,7.041e-13,135000000000.0,0.9506,0xa6...512d,https://bscscan.com/tx/0x93624843fa53765726ca0d3ca2efc53478c1ff14eb660b80294c89bec43043c8
2023-03-27 18:35:00,False,2.2e-10,7.042e-13,452283147346.0,3.18534,0xb8...68ab,https://bscscan.com/tx/0xde39c72c6a67b3e906f75d688f0e889a947a36d31d3bd12aabb59eb0e202bdc0
2023-03-27 18:34:45,True,2.222e-10,7.078e-13,2235391921.0,0.0158,0xce...3cad,https://bscscan.com/tx/0x6e53cf1fbac7725999fa3db8c6eb8007ad6e5556d019fbca507cb7b3c4ba2d38
2023-03-27 18:34:18,False,2.212e-10,7.043e-13,76013205513.0,0.5354,0xa5...9a27,https://bscscan.com/tx/0xc90dde31bb35adb30ba29750114af1d1108a5fe028e94dc5832632dbafedea5c
2023-03-27 18:31:21,False,2.2e-10,7.043e-13,66513495845.0,0.4685,0xe3...071c,https://bscscan.com/tx/0xec1522c375a45a627892b938ccfe855ed3321a0050949ff4509731e8cea3a217
2023-03-27 18:30:27,True,2.219e-10,7.079e-13,21188703697.0,0.15,0xdb...d54e,https://bscscan.com/tx/0x618101cb32bff5febb1ee35e38da141f9de3a3dbae6d531d7cef8d78c82dc559
2023-03-27 18:27:57,False,2.204e-10,7.043e-13,18426070590.0,0.1297,0x7a...9fd8,https://bscscan.com/tx/0x963888a38757e2a46e5fa1d7b23fdd54a95e65b07289c69560af2a05e075764c
2023-03-27 18:26:45,False,2.207e-10,7.043e-13,40882716156.0,0.2879,0x17...1437,https://bscscan.com/tx/0x69e40ef5e3cafb5f0db0418021b4d98dbb3ac777461394d2ba9686cd1a183c1b
2023-03-27 18:26:24,False,2.207e-10,7.044e-13,201721077364.0,1.42099,0x5e...23c3,https://bscscan.com/tx/0xb2b77d4c984810d776563f27ba67bf8e9385f78e3f3b73f8f420185d490bcb3b
2023-03-27 18:24:51,True,2.221e-10,7.08e-13,2824852613.0,0.02,0xd3...1b48,https://bscscan.com/tx/0xac4a7b1a34b465c9b96a818bb445be571920439cf299ab6bc01eda9cb27cbbfb
2023-03-27 18:24:51,False,2.211e-10,7.044e-13,2142727710.0,0.015,0x8e...9ae2,https://bscscan.com/tx/0x509850915255ece04a5b045e76f761e295f62a08efcb27a6bcc23da4ad4a9f50
2023-03-27 18:23:33,True,2.222e-10,7.08e-13,650000000.0,0.0046,0x39...b677,https://bscscan.com/tx/0xcd4c2a75ff78244d399de705a0b54ca75a2f11f6a3ddcf364708975b5363de3c
2023-03-27 18:23:00,True,2.222e-10,7.08e-13,7062142250.0,0.05,0x4e...abb7,https://bscscan.com/tx/0x93171cbbb176d2d477b6bd678de1cd5148203ed6dee894f968ab5a1296d41499
2023-03-27 18:20:21,False,2.207e-10,7.044e-13,227040602310.0,1.5995,0xef...b34b,https://bscscan.com/tx/0xe9e7e1a6513f42c5fc35d7314bd0f8b02d6dc9383ee2e6b6643d2c8156f4a6d6
2023-03-27 18:19:31,False,2.218e-10,7.045e-13,7567699465.0,0.0533,0x39...d37b,https://bscscan.com/tx/0x9280f7329519dd6e5f1af3202169e67850800d6778d15cc64214c727875c0e30
2023-03-27 18:18:05,False,2.206e-10,7.045e-13,54923408421.0,0.3869,0xd7...6530,https://bscscan.com/tx/0x0627c42a1b09ffbab050b72a3495258dc90363bcd59fb2e512b27bfa2644be28
2023-03-27 18:17:32,True,2.228e-10,7.08e-13,1000000000.0,0.007,0x8c...dda3,https://bscscan.com/tx/0x21931ffecdbf00af72abfe98afcae594a853f6801e69a57d72bfa3e1d4f27f32
2023-03-27 18:17:04,True,2.217e-10,7.08e-13,5000000000.0,0.0354,0xbb...dd30,https://bscscan.com/tx/0xcd7b47e6373256e48422e2cbb71f284fa2ba398bb27348ee762d706ede4bece4
2023-03-27 18:16:58,True,2.217e-10,7.08e-13,15575609256.0,0.1102,0x15...4042,https://bscscan.com/tx/0xc4ece6845714888006e3219465ae5fb4146b078aefd3843a113b577a05d9bb44
2023-03-27 18:16:10,True,2.228e-10,7.08e-13,3333333333.0,0.0236,0x5c...3f8f,https://bscscan.com/tx/0xbadfeffc9fe7a134a40f828f9d518927d83eca2d76038c0e43445f70d66ad5e4
2023-03-27 18:15:49,False,2.217e-10,7.045e-13,133360423556.0,0.9396,0x90...16bf,https://bscscan.com/tx/0x39b37f93d3a21de919d27c5bfec327de504d67ecce2156523fa842c724181363
2023-03-27 18:14:07,True,2.231e-10,7.081e-13,4575730348.0,0.0324,0xe6...f9a4,https://bscscan.com/tx/0x01d12f6f57aac662b05413d525027e7b77515a712ff1aafad6e08d4f4dbd3e37
2023-03-27 18:12:58,False,2.221e-10,7.045e-13,7441557040.0,0.0524,0x17...42f7,https://bscscan.com/tx/0x045a77e5e757c84769cc924a4f372e8b603645764b83ce987b3592a361b1a1d0
2023-03-27 18:11:40,True,2.235e-10,7.081e-13,1847129608.0,0.013,0xca...5e23,https://bscscan.com/tx/0xe97a8fc12c7e142b71dd5526c1961053bf494a19ffb51cdea98410a9d640ec3f
2023-03-27 18:11:10,False,2.224e-10,7.046e-13,93823408685.0,0.661,0x96...46e5,https://bscscan.com/tx/0xf12c051f10de52f355cf5736e24d50505dade6311b28ab015bf82f5dda6983ef
2023-03-27 18:10:10,True,2.223e-10,7.081e-13,833264484.0,0.0059,0x15...4042,https://bscscan.com/tx/0xd7281b0b0c5d20ea774f43313d20081e57582c546884e954de9fda9db22e7a24
2023-03-27 18:07:31,True,2.223e-10,7.081e-13,7739068213.0,0.0548,0x41...b2a2,https://bscscan.com/tx/0x70c8c2c88e27c9e3d2f2444ce2adf956688fb44861ced7febfae62631182d96c
2023-03-27 18:07:10,False,2.223e-10,7.046e-13,97571687036.0,0.6875,0x4f...4d5b,https://bscscan.com/tx/0x18a6f3cf2862adc96bc82ee8ed66a1a4a6532972a66121fcc13e2d0f4b258325
2023-03-27 18:07:01,False,2.212e-10,7.046e-13,7631808982.0,0.0537,0xc4...79fd,https://bscscan.com/tx/0xa7264e3835f1f406cbacd6c5607def3d0d186378a917f5ff6ca70d9ecef2eccd
2023-03-27 18:06:31,False,2.22e-10,7.046e-13,5242451974.0,0.0369,0x0c...259a,https://bscscan.com/tx/0xa635171a074142a4fcc30def91b4d5eb9796ad45bacbcd2810799f4729bd8e1f
2023-03-27 18:06:31,True,2.232e-10,7.081e-13,36000100000.0,0.2549,0x7e...e6bb,https://bscscan.com/tx/0x6e9002eb71d051ddfe7aea62decd8b00138101bd82e5b414b6057041a4fc6ca2
2023-03-27 18:06:28,True,2.231e-10,7.081e-13,409541605920.0,2.9,0x50...050c,https://bscscan.com/tx/0x37b2eca51c886783cccb108d8c270632f0b6ebe8414456a27a4b9cab0b9da536
2023-03-27 18:05:04,True,2.227e-10,7.08e-13,84741900000.0,0.6,0x69...f5af,https://bscscan.com/tx/0x0d5276268578951df50847dd71a12b8d4eb3cf6834050bc37db79b2636214345
2023-03-27 18:01:13,True,2.227e-10,7.08e-13,4485178544.0,0.0317,0x71...8bfd,https://bscscan.com/tx/0x41ff80ebc4270bae759659f651e32f459eae515842548a191f9f9fb8f4b9c566
2023-03-27 17:59:58,False,2.216e-10,7.044e-13,2700000000.0,0.019,0x87...ea58,https://bscscan.com/tx/0xcf109dd555839979b3d998b839c1ed0bcad69e321d1b2403ac558452f80dfb85
2023-03-27 17:59:40,False,2.205e-10,7.044e-13,72350427533.0,0.5097,0xbf...57f4,https://bscscan.com/tx/0x7f408d8eb43700b1b23fb6227dc5ab1aeffc93c89041ba627aea28ed17e682f2
2023-03-27 17:59:07,True,2.217e-10,7.08e-13,2241144437.0,0.0158,0x7e...80d4,https://bscscan.com/tx/0x3431905dea53f35ef704d4a524ed5f92c5fb17223c56db719cb2087b195d8035
2023-03-27 17:57:49,False,2.22e-10,7.045e-13,113960068427.0,0.8028,0xcb...0e0f,https://bscscan.com/tx/0x1505d15c75f8e30b1fb115d37144dc9d27bfbf864890f9db779838e4dc1df270
2023-03-27 17:56:43,False,2.22e-10,7.045e-13,42300000000.0,0.298,0x87...ea58,https://bscscan.com/tx/0x4594faec9d6e93dccf4c3badcb87d7b00503c553390b8f76e9f2321baf35c6c1
2023-03-27 17:56:40,False,2.22e-10,7.045e-13,8796081101.0,0.0619,0x07...7629,https://bscscan.com/tx/0x7361df4d8cd773864e8e1c250b0ef7d4fcd120ab390a04048f151d69fdc0692a
2023-03-27 17:55:52,False,2.22e-10,7.045e-13,25946598042.0,0.1828,0x88...3ae9,https://bscscan.com/tx/0x87d736574d88947310437132928c530f9b87a9881ec40c2df173ef5e4c1c97fc
2023-03-27 17:55:19,False,2.209e-10,7.045e-13,90185790070.0,0.6354,0x1f...4f4f,https://bscscan.com/tx/0xa2a04081d2975472f80262a44e375d4fa030728352ad055f9f224d77955dc14e
2023-03-27 17:54:07,True,2.22e-10,7.081e-13,2118264458.0,0.015,0xa4...5f27,https://bscscan.com/tx/0x0c1b62828d43bcfa9ce91cc1702a91f7de3dc768f384972257c9848b32e3e5d4
2023-03-27 17:51:40,False,2.217e-10,7.046e-13,190662139049.0,1.34344,0x9c...e6c2,https://bscscan.com/tx/0x8d85ccfd52acb4162b6702df7120d5d13accd27a8fdc98115ad7e20e4411f7a1
2023-03-27 17:50:46,True,2.229e-10,7.081e-13,2400501744.0,0.017,0xe6...6a8a,https://bscscan.com/tx/0x2e450d332ba61fdd752128f3aca1ea41c882da719cc562b0b0a8852bef643866
2023-03-27 17:50:16,True,2.218e-10,7.081e-13,14120649731.0,0.1,0x33...cd2b,https://bscscan.com/tx/0x639f651b3ada9d8e5c8a120dcac17c6efb6a6748becb34b60e9d54d01d813b63
2023-03-27 17:50:04,False,2.218e-10,7.046e-13,35866174650.0,0.2527,0x0c...372d,https://bscscan.com/tx/0x1d3125738bcf0ba2f3d692624e38676c341c3d158fab8d22fab562c185494847
2023-03-27 17:49:31,False,2.217e-10,7.046e-13,3899482551.0,0.0274,0x36...e529,https://bscscan.com/tx/0x5b9e4854be96a621b6afe4ace43b5feaa0eedd290ceb0722b96d1806b61d9793
2023-03-27 17:49:07,False,2.217e-10,7.046e-13,4500000000.0,0.0317,0x85...7aef,https://bscscan.com/tx/0xf867368ad78e832e3ad818a849e6e7191d9d07dae1ecdd1017964c0519c1a579
2023-03-27 17:46:46,False,2.217e-10,7.046e-13,28087382012.0,0.1979,0x6f...6cd8,https://bscscan.com/tx/0x913d2cbbe5692a2293ea319f0d0ee17cce4558538f9c8fc033f82e63c322ff3e
2023-03-27 17:46:01,False,2.217e-10,7.046e-13,180247691677.0,1.2702,0x1f...4f4f,https://bscscan.com/tx/0xd95051d390c26fca925477cb13f5ec21ba9ee68400c94a5e0603cf243ef600b6
2023-03-27 17:45:16,False,2.217e-10,7.047e-13,26472071045.0,0.1865,0x87...e649,https://bscscan.com/tx/0xb47359823edafe248256d0892d2912c47bcd63aae865514a5865e1d752db4374
2023-03-27 17:44:37,True,2.215e-10,7.082e-13,73419820277.0,0.52,0xa3...de1f,https://bscscan.com/tx/0xe53f992eaccfdc9c89485d5c04dfd37ea6708cd86d74ae484c522eeba5806691
2023-03-27 17:43:19,False,2.215e-10,7.047e-13,1821672971.0,0.0128,0x7a...f2eb,https://bscscan.com/tx/0x33e4794c50c89618902da2d5096b36a87e5310f925505ffc86c86f775f974876
2023-03-27 17:42:49,True,2.226e-10,7.082e-13,1500000000.0,0.0106,0xc9...ffd8,https://bscscan.com/tx/0x1cc51de1da5910d923d64bb4cc453ac63f1a088df7014625ac9508ae6fd2194f
2023-03-27 17:42:49,True,2.226e-10,7.082e-13,6208882143.0,0.0439,0x6e...3108,https://bscscan.com/tx/0xe5ff626d22d202d570ef2b61f0ffcee97a431a2b9e59563a54b49534ed03d8ba
2023-03-27 17:37:40,True,2.228e-10,7.082e-13,3529867713.0,0.025,0xe1...ef56,https://bscscan.com/tx/0x32df39ce37605f95de410641d71901c04dd1555a8b265ce66d5e209f6e0fac74
2023-03-27 17:37:31,True,2.217e-10,7.082e-13,75522399471.0,0.5348,0xbc...cd1b,https://bscscan.com/tx/0x893970b39a703cc9fff9557c94511b1af7a17686b498ff8eeb572deb65cef71b
2023-03-27 17:37:06,False,2.206e-10,7.046e-13,19621364371.0,0.1382,0x88...f0e6,https://bscscan.com/tx/0x4f6ece513168eb3434a38b861d699457e40e80ec8a93637b242fabe386e6cad2
2023-03-27 17:36:38,True,2.229e-10,7.082e-13,2117975257.0,0.015,0xa4...5f27,https://bscscan.com/tx/0x7c92e88b816cb9abf424582ce7dff11b40b119c216c28b95fdf7f0f0b588307a
2023-03-27 17:35:11,True,2.229e-10,7.082e-13,400000000.0,0.0028,0x81...beaf,https://bscscan.com/tx/0x69b038c5a8c6495ffd2a0bb4dee7bdd24797e2d2a2b12d2e147543a7a5ea93bf
2023-03-27 17:34:23,True,2.241e-10,7.08e-13,1370037133927.0,9.7,0x0e...543a,https://bscscan.com/tx/0xfdd9bad2efde434c568dcf44df39839d32c3a46fc0ea14bba922a5df17a260f2
2023-03-27 17:34:02,False,2.23e-10,7.042e-13,12212684070.0,0.086,0x23...ae30,https://bscscan.com/tx/0xe63a70ef38b6231ab6cb6e04e4a20079d068ac279a217b0177ca933d5267aec4
2023-03-27 17:33:53,False,2.229e-10,7.042e-13,6550260133.0,0.0461,0x81...3708,https://bscscan.com/tx/0x6917b7b4ea615b551e58324bb15d5a40b001b185f014bfc5d734bfebde9bfa22
2023-03-27 17:33:35,True,2.241e-10,7.078e-13,12055026415.0,0.0853,0xa6...5f19,https://bscscan.com/tx/0x51846f51d4f64bf7a4450b56f7690a2f7d44f01e6acc528ae1808407f19db2a1
2023-03-27 17:30:08,True,2.234e-10,7.077e-13,25000000000.0,0.1769,0x99...1e88,https://bscscan.com/tx/0x31b8377073d7573e1d06eb3e76490572c002f29f24fcbb873c075280fcd23aa2
2023-03-27 17:25:50,False,2.224e-10,7.042e-13,47105176612.0,0.3317,0x55...7d73,https://bscscan.com/tx/0x6a8b5cb2e2382d9c11e9a7c2674a1e1dde8af09b9af3df8ce0738ae211bcec70
2023-03-27 17:25:32,True,2.246e-10,7.078e-13,7064089624.0,0.05,0xa3...9d39,https://bscscan.com/tx/0x20ce0da8af72e2d3848f3388a2422399bfeb76afc9f2837765221bd91b5968e3
2023-03-27 17:24:50,False,2.234e-10,7.042e-13,86489870863.0,0.6091,0xa9...e6d5,https://bscscan.com/tx/0xd96058f15cfa11045bd4bd0a16b6daf6b8f3451a1689bb4506f36b7e8062ff6d
2023-03-27 17:24:32,True,2.234e-10,7.078e-13,54639430163.0,0.3867,0xa1...ca2f,https://bscscan.com/tx/0xe1cee643ddb672cce4336c5a4e503b2ba4e37825b447cd75fe881698f280b50d
2023-03-27 17:22:02,False,2.223e-10,7.043e-13,146345907798.0,1.03072,0x9f...719b,https://bscscan.com/tx/0xa451daaaea24a311db6fdeb0e7885bb8f13acad8e9cce7e58404e9d91417f9c5
2023-03-27 17:21:35,True,2.234e-10,7.078e-13,1695252656.0,0.012,0xcb...13e7,https://bscscan.com/tx/0x37a16f5933bd052e8f2d3caab89046b9abf9b9b54497738d6ee11758fb4fb4db
2023-03-27 17:21:02,False,2.234e-10,7.043e-13,76142251357.0,0.5363,0xb1...6bfa,https://bscscan.com/tx/0x3cc6d28d9fe4a9d112791aa19093cf58fc1c1e2d098ddc9707da31b22bdfbf87
2023-03-27 17:14:16,False,2.21e-10,7.043e-13,36900000000.0,0.2599,0xd8...45ba,https://bscscan.com/tx/0xb8c071d7de5cd54152b335678ebd450d31ec590aef41c8fe302ae18e5248404f
2023-03-27 17:10:19,True,2.236e-10,7.078e-13,17722423744.0,0.1254,0x61...f2f5,https://bscscan.com/tx/0x45ae950e6c724dc0fa9b6a71f316bed6ba1846ac93ebef2b23761be80f8d41ca
2023-03-27 17:10:13,True,2.236e-10,7.078e-13,80216722222.0,0.5678,0x49...6e4f,https://bscscan.com/tx/0xdd1b4920ff9d04f4760b65e940acda62b8bfabb7f3a534ac1c5882da750d15f1
2023-03-27 17:08:01,False,2.227e-10,7.043e-13,38686713093.0,0.2724,0xe9...4a68,https://bscscan.com/tx/0x049435e960040033dba9b48346e18f325389c7e23d738e26be62b484851de018
2023-03-27 17:04:04,False,2.225e-10,7.043e-13,166603134626.0,1.1735,0xca...a1ac,https://bscscan.com/tx/0x4598a3968e63b14095ac907847b32dfdcf8124b2d2f95f43f816536514a7b529
2023-03-27 17:03:40,True,2.248e-10,7.079e-13,152563208627.0,1.08,0xa7...ecf8,https://bscscan.com/tx/0x74d0ad765050ae4c87a85b3fd44198e4869b690edb514cb17b8df6a5ee135441
2023-03-27 17:03:11,True,2.245e-10,7.078e-13,5340302482.0,0.0378,0x9b...e705,https://bscscan.com/tx/0xdf7a521fcff79412cc246299630f83bf4ecacb5caddd72f18589d3ae2419f197
2023-03-27 17:01:39,True,2.239e-10,7.078e-13,12667011146.0,0.0896,0x48...957e,https://bscscan.com/tx/0x185b77080e9b58a8f8d1a6716e8ff7cd17963bdeee49234574eeb8d9ade6e15c
2023-03-27 17:01:03,True,2.249e-10,7.078e-13,1000000000.0,0.007,0xfd...38be,https://bscscan.com/tx/0x0a82c7946b9596a8712ab7a9260fc52a2dda5b1e1efe850eb49db2bf5f7bec44
2023-03-27 17:00:18,True,2.267e-10,7.078e-13,11000000000.0,0.0778,0xdf...027a,https://bscscan.com/tx/0x0c89091e6c791f3a3a0063f949c99858aa290e492e670bcf79b63854964e7f3d
2023-03-27 16:59:36,False,2.251e-10,7.043e-13,4298523218.0,0.0302,0xe9...4a68,https://bscscan.com/tx/0xe981af999f1444559d30af6598e39bc917b45704378bcfbd617ac4d2dd7825ba
2023-03-27 16:56:39,True,2.312e-10,7.078e-13,1500000000.0,0.0106,0xfd...38be,https://bscscan.com/tx/0x517640ff653819ab4239b778a4ae9901041a6af1f91663cb93b87184d5de5dd3
2023-03-27 16:55:21,False,2.289e-10,7.043e-13,64070320.0,4.512e-05,0x83...c369,https://bscscan.com/tx/0xff28dd2c83626ca280ece44cab13034da6655853b99cd4ade484763a3ea630a1
2023-03-27 16:55:21,False,2.289e-10,7.043e-13,50400000000.0,0.3549,0x16...f3c7,https://bscscan.com/tx/0xb686434c332e91a397c676b44271fea9431d5c7132b1ea718c77d591885c62f6
2023-03-27 16:54:24,False,2.289e-10,7.043e-13,14542773641.0,0.1024,0x18...8f77,https://bscscan.com/tx/0x65fb7481beb356286913e4974fbb95be57cb3db8ea305e7f6483622dd84372e1
2023-03-27 16:53:48,False,2.29e-10,7.043e-13,1247591213.0,0.0087,0x18...8f77,https://bscscan.com/tx/0xd111d4f9d88946275505b08d217545694eb6d50c57bc2ab01cf19039435fd479
2023-03-27 16:52:12,False,2.302e-10,7.043e-13,1527653295.0,0.0107,0x88...6d2c,https://bscscan.com/tx/0xc24e1cf3b6aba68973257717f4917f1073cce733fe6792ef890eba8e863d6fa2
2023-03-27 16:51:15,False,2.291e-10,7.043e-13,64919366553.0,0.4572,0x57...b0b4,https://bscscan.com/tx/0x13c64a0626b0b9b3157af576da4113335fcab8b8257c18989adf6d546d9ad704
2023-03-27 16:50:15,True,2.302e-10,7.079e-13,11300862857.0,0.08,0xae...9bd7,https://bscscan.com/tx/0x72d72e2411d94c6a4dd849c0556e9e1856c7c55bcc3f90dc68dfd9ba48604de5
2023-03-27 16:49:27,False,2.291e-10,7.043e-13,18423507775.0,0.1297,0x58...86dd,https://bscscan.com/tx/0x0d513761a2915c8f5eae95cf2708e0c5b6cd2187f07c930dc66f83d7a77eb9c1
2023-03-27 16:49:15,True,2.303e-10,7.079e-13,5000000000.0,0.0354,0x96...be0f,https://bscscan.com/tx/0xae2b6c7e26d6a46ef9d64258d3873d69150ec65ccec433357e40150bbbc26586
2023-03-27 16:46:39,True,2.315e-10,7.079e-13,706301641.0,0.005,0x72...bde3,https://bscscan.com/tx/0x44ea80a6b483385df2123c36f25ed58e48e614845f53ea67ca068376f9f4b5ea
2023-03-27 16:45:06,True,2.302e-10,7.079e-13,7264163716.0,0.0514,0xc8...cf1c,https://bscscan.com/tx/0x3db6b21987343aa5d61abdf5242597d2a3347eef00a36216cae4e40af26bf73a
2023-03-27 16:44:33,False,2.302e-10,7.043e-13,20368275243.0,0.1434,0xf4...9772,https://bscscan.com/tx/0x644363348c15b211e65520f27c3648545e44e014ef5cc54f9d288369d9e381ae
2023-03-27 16:41:21,True,2.313e-10,7.079e-13,2000000000.0,0.0141,0x0c...946c,https://bscscan.com/tx/0xc187c9302d57434647fdd372d5fa3f78b8c060fd7c1ed9d9b4865ec54d413eb0
2023-03-27 16:40:23,False,2.29e-10,7.044e-13,261022180087.0,1.8387,0xad...b7d2,https://bscscan.com/tx/0x174ef26daa47e59d1dcdd506cbe66c29c1e199fc0a724118cea231a685a2af15
2023-03-27 16:38:29,False,2.29e-10,7.044e-13,3006097346.0,0.0211,0x54...63f7,https://bscscan.com/tx/0xecea8755beba3c71937f2a30e938d93a7a70e75caaaffc81b9b6f44a68367bf0
2023-03-27 16:37:23,True,2.313e-10,7.079e-13,3654857763.0,0.0258,0xac...63c7,https://bscscan.com/tx/0x317fbdc825d5ca1f625cb7501305b42c07c5252088d40430152eee33f5815e38
2023-03-27 16:36:27,False,2.291e-10,7.044e-13,215838706156.0,1.52057,0x6e...9ef1,https://bscscan.com/tx/0xa522dd0e971102278715fcc8732bb9fda38bba056c191df28257874631fdd014
2023-03-27 16:34:53,True,2.314e-10,7.08e-13,14123066382.0,0.1,0x41...e8da,https://bscscan.com/tx/0x32298af24bb71a56c4afbca0e951c5a6650b678cd00ea8dc28a02321331e666f
2023-03-27 16:34:08,False,2.302e-10,7.045e-13,4943379435.0,0.0348,0xd8...12c4,https://bscscan.com/tx/0x0dd1924dc231e2d8839764db1f46fcdb808b677ff4453bd6ee43fde0a85632cb
2023-03-27 16:34:05,False,2.302e-10,7.045e-13,42136890420.0,0.2968,0xce...430a,https://bscscan.com/tx/0x82a3e5311ec0fca249a3139a904d22b0812b2b436770921549487f7905f9b691
2023-03-27 16:33:00,False,2.291e-10,7.045e-13,8438340006.0,0.0594,0x3e...7011,https://bscscan.com/tx/0x1663567a34dfb2a99e463ae9f3d5c3b86566fc2d6ba5e28a2ef7b230d038e636
2023-03-27 16:31:50,False,2.304e-10,7.045e-13,4986870761.0,0.0351,0xd0...6da8,https://bscscan.com/tx/0x84228d2e9aa5322503ca00ec923adab167d43986424ebbc6133010dcd678c739
2023-03-27 16:31:35,True,2.304e-10,7.08e-13,18867501921.0,0.1336,0x5f...8d4c,https://bscscan.com/tx/0x15573ad7e78442c50acf59166b7ede77e2e70939cb39f9eca97b51d97a83cf03
2023-03-27 16:30:14,True,2.304e-10,7.08e-13,8554261629.0,0.0605,0x6b...f437,https://bscscan.com/tx/0x495d0ab207f00579a2c9a5aa3162d1489e2efa2f080047e6d13a7107c2aa2e69
2023-03-27 16:30:05,True,2.315e-10,7.08e-13,7202693456.0,0.051,0xe1...3270,https://bscscan.com/tx/0x9652632c74f97bbd4e682a69d06ab9891b01b539701b44b3c7b0ac751452564b
2023-03-27 16:29:20,True,2.304e-10,7.08e-13,139198970437.0,0.9855,0x7c...d1a8,https://bscscan.com/tx/0x970b11b00b7cc21b632fd5f33bb01edd101c59fd805ab6976ac857cbc631c5b0
2023-03-27 16:28:08,False,2.303e-10,7.044e-13,8732430647.0,0.0615,0x3a...4a84,https://bscscan.com/tx/0x4b8c2a0f98813fdd2fec0cd18c45f7881e5bbfe5873cef27c8d3ddb361be4157
2023-03-27 16:23:26,False,2.297e-10,7.044e-13,38288681408.0,0.2697,0x92...2e4e,https://bscscan.com/tx/0x3f2624920a50d52248437b8292569ca53f774feb98e1e7f8b40cefea12aa49da
2023-03-27 16:23:20,True,2.309e-10,7.08e-13,92502064477.0,0.6549,0x15...4042,https://bscscan.com/tx/0xba147799c10e2be39d75a438b4ddac5395260198e67fc56d5500a30abe652aa4
2023-03-27 16:21:53,True,2.311e-10,7.08e-13,9315340523.0,0.0659,0xe3...53c5,https://bscscan.com/tx/0xe75ec346e10d2aa2c571c907a06f5546702b51c4096ee4bd3b8d8e994f0de4c4
2023-03-27 16:20:26,True,2.323e-10,7.08e-13,35310657967.0,0.25,0xeb...2e5e,https://bscscan.com/tx/0xb4d4d82f0131156ec57b1de0c89061b626796f8eacaa2bbdd27ce009abec1f65
2023-03-27 16:19:26,True,2.323e-10,7.079e-13,2966120151.0,0.021,0xd8...3d20,https://bscscan.com/tx/0xc5253c57e598b745025de8698d89b894ae0c5b5e9f1ff17966aeb69da7fd716e
2023-03-27 16:17:26,True,2.313e-10,7.079e-13,1182499959.0,0.0083,0xff...2c13,https://bscscan.com/tx/0x6ff9c059766528ed48ed23903c92a242fe2c44e2a878576a608f90538a142acc
2023-03-27 16:16:38,False,2.303e-10,7.044e-13,4500000000.0,0.0317,0x51...6f8c,https://bscscan.com/tx/0x07111d1f1f2325bca689472978cef808df9b6aaf702caa19681f30ca3e7abea0
2023-03-27 16:15:50,True,2.326e-10,7.079e-13,20000000000.0,0.1416,0x8f...3e12,https://bscscan.com/tx/0x70790efbe5d8683513020087516fbfe7b865fc74959381460ee92d48af39dfbb
2023-03-27 16:15:17,False,2.314e-10,7.044e-13,10174414996.0,0.0716,0x8b...284d,https://bscscan.com/tx/0x510b5784353c6e739b9716be5d573c970404e91fca32f890887c837a93ab43e9
2023-03-27 16:13:20,True,2.315e-10,7.079e-13,8800740000.0,0.0623,0xe7...95d8,https://bscscan.com/tx/0xba2f163fdb4948c710c5b56f78541b834d8929c86967a3e274d251624fa72f0a
2023-03-27 16:12:26,False,2.315e-10,7.044e-13,2433945418.0,0.0171,0xfe...758b,https://bscscan.com/tx/0xcc54bed19b8282cbe74514a58e908ef46afe3be95d8a63c54422a2a66cecc5b0
2023-03-27 16:10:17,False,2.315e-10,7.044e-13,12215367359.0,0.086,0xb7...c666,https://bscscan.com/tx/0xd598b9ae834baf4942f6a6af1d1dbce8c0dce6c16afe20bf748e3c79bd04fe05
2023-03-27 16:06:17,True,2.316e-10,7.079e-13,214808036961.0,1.52076,0x77...f65e,https://bscscan.com/tx/0xb288b4e93827d79073c9429b05b49b4a1a00088a8706e99aa1addcea5115b7b3
2023-03-27 16:05:05,True,2.327e-10,7.079e-13,7300000000.0,0.0516,0x66...8236,https://bscscan.com/tx/0x459341a910eafe5e160058cd1a4720c3348e109b52b09cb61fe7ec1c743bae10
2023-03-27 16:03:53,True,2.316e-10,7.079e-13,847546476.0,0.006,0xa4...5f27,https://bscscan.com/tx/0xf09a673023e685b92d126962144484d34063bc198dd5f82f49ed68b3bfa06779
2023-03-27 16:02:11,False,2.304e-10,7.043e-13,18000010555.0,0.1267,0xa7...3fa5,https://bscscan.com/tx/0x16227b781113da65a1d06d54d84520d9fe5d893a12034200aec0d529f663233c
2023-03-27 16:00:38,True,2.316e-10,7.079e-13,42628918979.0,0.3017,0x6c...cfc6,https://bscscan.com/tx/0x24fdfb2ee19c67d284447898d79e8aa89b2e900bb7b8385f04949c41d5e06d8a
2023-03-27 15:57:50,True,2.316e-10,7.079e-13,4379042556.0,0.031,0xf3...b6ec,https://bscscan.com/tx/0xd075e598b8afc09b0484963c36e9074178ab1a7df1d2b20ce21d06c1028641c6
2023-03-27 15:55:38,False,2.316e-10,7.043e-13,12406007896.0,0.0873,0xb6...f311,https://bscscan.com/tx/0x45f74ab7b39016d92b071642b01e2e6cfb53fbfab74843109faa95eb2068c770
2023-03-27 15:55:14,False,2.316e-10,7.043e-13,8529931511.0,0.06,0xba...8866,https://bscscan.com/tx/0x01a20d94b4451222d1aa3176c3566c76e4a23c013b826a1c95cc59811ebcbbdd
2023-03-27 15:54:05,True,2.327e-10,7.079e-13,1271324861.0,0.009,0x61...252c,https://bscscan.com/tx/0x9a91294576464aee759792c99d91d1941ff1832d28a36a2ef667ba888cf7a5a0
2023-03-27 15:50:17,False,2.304e-10,7.043e-13,2700000000.0,0.019,0x21...72aa,https://bscscan.com/tx/0x0c1b7f9717934169a0af4a8ed268d255f14a0d212400d0e9058aa586bb75a3f3
2023-03-27 15:47:38,False,2.315e-10,7.043e-13,29062680037.0,0.2047,0x31...0d5b,https://bscscan.com/tx/0x205ae3b8c18723fb670ad50c48503e0b76296b32e5ac80e6496e762b52fc5646
2023-03-27 15:46:20,True,2.314e-10,7.079e-13,1617615974.0,0.0114,0x01...77d8,https://bscscan.com/tx/0x51a0a014693d645333495b5a3ada9f5fe6385b1d9a7ca3be31268c23d62a99d6
2023-03-27 15:41:23,False,2.307e-10,7.044e-13,271013819091.0,1.90913,0xe8...9733,https://bscscan.com/tx/0x658ab171a0d6dda318c3251e2550c06cf5b5108343a00afc07d290e50fc883b4
2023-03-27 15:41:23,False,2.307e-10,7.044e-13,24163842774.0,0.1702,0xca...0752,https://bscscan.com/tx/0xed1921cefca6ae152751ef1a363de5036c0ea2a17e51740b0a6cbea0891de832
2023-03-27 15:40:23,True,2.319e-10,7.08e-13,423714776.0,0.003,0x74...8da4,https://bscscan.com/tx/0x873e4afa62aee07c8914734816c76742aff0806c68733115ba5ab31087107f6c
2023-03-27 15:39:32,True,2.33e-10,7.08e-13,282476561.0,0.002,0xa4...7b13,https://bscscan.com/tx/0xd1f94ab177387369f8cd3f79407e0ecbf8f7d03d08803d472381a0ec2a08b2a0
2023-03-27 15:38:56,True,2.33e-10,7.079e-13,270313141072.0,1.91377,0x73...b813,https://bscscan.com/tx/0xafa69140324c670200cd39eb6b670af1b52d6dc36c974b1d49f9d002bd61cdce
2023-03-27 15:38:38,False,2.307e-10,7.044e-13,89632279347.0,0.6313,0x23...01d7,https://bscscan.com/tx/0x0347129b88f3dd72bd1bdcaca9706db75276873dcaba7bc861076c6e1a7f3af0
2023-03-27 15:37:02,True,2.33e-10,7.079e-13,22730002.0,1.609e-05,0x74...8da4,https://bscscan.com/tx/0xa2956a1565fd6fa19dcd61ac4ec97f11622105f62ccfca8e0ba176cb2d640abf
2023-03-27 15:36:44,True,2.33e-10,7.079e-13,489047077.0,0.0034,0xef...a1b4,https://bscscan.com/tx/0xa65349b680d0d66ce144e88878098a31d571c81c32206419a2e8e12c68f5f0f2
2023-03-27 15:35:50,False,2.307e-10,7.044e-13,195213643948.0,1.37521,0x15...2eb6,https://bscscan.com/tx/0xf68ec73933a42db51ea352d59c6e2c617419709715040b41f1973b01a487b3c8
2023-03-27 15:34:14,True,2.319e-10,7.08e-13,3855724959.0,0.0273,0x47...c92f,https://bscscan.com/tx/0x26abc65bca57c20a7bc0133d2c6c00a1ce84ae1a53265a4e62f3b2f9eb0b5349
2023-03-27 15:32:53,True,2.331e-10,7.08e-13,1038501199.0,0.0073,0xdf...6819,https://bscscan.com/tx/0xa7b88f28725d6a472af05b47eeb0b5231b34aa26ef17c57777d015ceee7b6de0
2023-03-27 15:32:23,False,2.307e-10,7.044e-13,16469974536.0,0.116,0x70...90ac,https://bscscan.com/tx/0x903142ceeaa8b93d12e073e09c53b799a04818a89cfbf9458ef79bad7d6f86c0
2023-03-27 15:31:05,False,2.307e-10,7.045e-13,49455286418.0,0.3484,0x11...fcc6,https://bscscan.com/tx/0x7ddf0b1f4562bdbd6cb23d7475b3b54699d234f7f05f58025be68aaa07cf78f3
2023-03-27 15:31:02,False,2.308e-10,7.045e-13,16381731925.0,0.1154,0x53...5729,https://bscscan.com/tx/0xd07623e9e5a81bbf495848214e2cfc55c682603a25a3e3045a68c77f98205c66
2023-03-27 15:30:44,True,2.331e-10,7.08e-13,14080941710.0,0.0997,0x7a...63cc,https://bscscan.com/tx/0x2aebffe271e2d314a815511745b385acc5d46b4c25e12fc6a0d0b90953ea6425
2023-03-27 15:30:14,False,2.319e-10,7.045e-13,75684858203.0,0.5332,0x74...0256,https://bscscan.com/tx/0x75616098d541f13a49d75f89da20a50fab90551afb3f5419bcc12bd14e27c074
2023-03-27 15:28:44,False,2.308e-10,7.045e-13,4807077309.0,0.0338,0x58...cd08,https://bscscan.com/tx/0xaa9bd718def4d5823ba763e46af52b6aa8f79cf6d78342908b5ae06463e7a39c
2023-03-27 15:28:32,False,2.319e-10,7.045e-13,216838103360.0,1.52778,0x4e...8271,https://bscscan.com/tx/0x4a658b6ae1cd70365112afe4da3a71aeb86004a5b978ab1549ddf4691aa7a85c
2023-03-27 15:26:29,False,2.32e-10,7.046e-13,49753903369.0,0.3505,0xe5...0615,https://bscscan.com/tx/0x025b9fa429381a3c2486ac039d6d7d0039b1d8748477208fdc5d886e188fd6a6
2023-03-27 15:25:50,False,2.308e-10,7.046e-13,469717971352.0,3.31006,0x74...c38d,https://bscscan.com/tx/0x113b297c9099099228df529e8436c32ec3f922c844729c0cc8366de2e2f9093f
2023-03-27 15:23:23,True,2.332e-10,7.082e-13,3000000000.0,0.0212,0xbc...707f,https://bscscan.com/tx/0x6628a43b984cb8ef194f5c3742aa72803eaf17568dac926e82abcb70be1ccd06
2023-03-27 15:20:36,False,2.321e-10,7.047e-13,9568718563.0,0.0674,0xd8...3d20,https://bscscan.com/tx/0xb836be03875939ce9859ac873d40f64ebec4771f499ed97b92e356fb1b0c827e
2023-03-27 15:18:33,False,2.308e-10,7.047e-13,900000000.0,0.0063,0xbc...6f15,https://bscscan.com/tx/0x93d95224a1b0f2be23589fae9d918888ee39fbb926ce01c061a09474bbc18d8d
2023-03-27 15:18:24,True,2.32e-10,7.082e-13,20743348331.0,0.1469,0x59...f971,https://bscscan.com/tx/0x951c0916159aafdbc269da68988a8445052af38bb8042697e6db91eb843dbfdd
2023-03-27 15:17:39,False,2.308e-10,7.047e-13,14400000000.0,0.1014,0x88...f5da,https://bscscan.com/tx/0x497101f29bca15556c74636976296eb62a3155415cde4a54bb691b664e2d2a52
2023-03-27 15:15:53,False,2.32e-10,7.047e-13,31500964154.0,0.222,0x9c...1693,https://bscscan.com/tx/0x4cd6e2e39708ecda7cd3f6caf0acd53a0cf20debf1a91b61a562908ecdfe809e
2023-03-27 15:13:19,True,2.332e-10,7.082e-13,100100867859.0,0.709,0x49...5951,https://bscscan.com/tx/0xd570b848f0a9afffa4559c2caee9d7b654e661b1177ef7f5150e4f1994e24160
2023-03-27 15:13:07,True,2.332e-10,7.082e-13,1835453882.0,0.013,0x06...1b75,https://bscscan.com/tx/0xeb92a80285dffa00ddf3965ef71506a32cbbb908e08964271ef739b2a2eb2544
2023-03-27 15:11:01,True,2.332e-10,7.082e-13,9970000000.0,0.0706,0xdc...3da1,https://bscscan.com/tx/0x30c4072a7f9c9683737e3c82dc68f6a97255439cc1bbf08dc0b7e74136119ef2
2023-03-27 15:10:49,False,2.32e-10,7.047e-13,73895245176.0,0.5207,0xf8...384f,https://bscscan.com/tx/0x82b319f3f3cdab2c33e825b18da56af1741c183de0d4bde0d81ea93c89a33044
2023-03-27 15:08:40,False,2.321e-10,7.047e-13,15745896078.0,0.1109,0xa7...3fa5,https://bscscan.com/tx/0x9a10f9f96ee44fc74c263ba4cefd210589bf820958ffa7b5995200345473bfd0
2023-03-27 15:08:04,False,2.309e-10,7.047e-13,45000000000.0,0.3171,0xdd...dd7d,https://bscscan.com/tx/0x26374b666e0c412f9569dee0c2b084d296905f0393d69f53696ebae480a9c0ea
2023-03-27 15:06:49,False,2.32e-10,7.047e-13,1830114440.0,0.0129,0x42...37ad,https://bscscan.com/tx/0xbb2848435bcfc4aa29d2303535222f9eb6c76a761ce38dd0fad0181745a91f21
2023-03-27 15:06:07,True,2.332e-10,7.083e-13,6481618810.0,0.0459,0x4d...5f5b,https://bscscan.com/tx/0xe9d07896d06cda85d643439c254ddc9086cb480abb8772dc5531703e2546ddd3
2023-03-27 15:05:36,False,2.32e-10,7.047e-13,720000000.0,0.005,0xd6...f4aa,https://bscscan.com/tx/0x252d4d9a15c07ad881ffdfe9a0df8e7b52d97d80b95fab42efbd66d537726458
2023-03-27 15:01:18,False,2.32e-10,7.047e-13,9000123006.0,0.0634,0xa7...27f2,https://bscscan.com/tx/0x2739e464f4f062691d2068bcc2fa617dd9a50f33e7d18d1258f1c6fd799ce65a
2023-03-27 15:01:03,True,2.332e-10,7.083e-13,3289200000.0,0.0233,0xdf...6cd4,https://bscscan.com/tx/0x09363c135579ed001efc67831ba35ce8bb10bfbe6618d6033dae7a53772d3e25
2023-03-27 15:00:30,False,2.308e-10,7.047e-13,9000091609.0,0.0634,0x48...132d,https://bscscan.com/tx/0xeb08f6ce006e3963ff045294c2f1e9777a1a886e4688bb1402059df78f5ce58a
2023-03-27 15:00:24,False,2.308e-10,7.047e-13,9644646055.0,0.0679,0x4d...9c29,https://bscscan.com/tx/0x506780007238691005722ea3619a051f5bac1d0102b752796f83e83e934ec8c3
2023-03-27 14:58:24,False,2.321e-10,7.048e-13,109434066746.0,0.7712,0xb2...78da,https://bscscan.com/tx/0xabc4795e9d92186dfa5cc1ee670202b7e2dd374c7ee1f891ee477e503866839f
2023-03-27 14:55:09,False,2.32e-10,7.048e-13,385958844040.0,2.72055,0x44...b3db,https://bscscan.com/tx/0xa78657f0a7f3036dd24b4ae9abe358614bdf3c3f734747dc766950a365d5d2cf
2023-03-27 14:55:00,True,2.332e-10,7.084e-13,4234437479.0,0.03,0xda...484f,https://bscscan.com/tx/0xdda925b6168e5b0110c522393e0cc38371f9466570b853c31bdbcba0afd88a4b
2023-03-27 14:52:24,False,2.32e-10,7.049e-13,28758769345.0,0.2027,0xcb...d1ac,https://bscscan.com/tx/0x9c48b36c597290f62657419e39d2bb73bb8aa15d1420a1276b474a7df191abb1
2023-03-27 14:51:09,False,2.309e-10,7.049e-13,5686612853.0,0.04,0xba...8866,https://bscscan.com/tx/0x66eb417730028025bb069a69785dff4bc311141f292fa4198f5265f74d40cfdd
2023-03-27 14:50:39,False,2.321e-10,7.049e-13,213485998887.0,1.50504,0x56...ed68,https://bscscan.com/tx/0x22a9a27f54399a940743fd262618443d7761728401f39b6964fa29d632c05e49
2023-03-27 14:49:06,True,2.321e-10,7.085e-13,35262743238.0,0.2498,0xfd...8ec7,https://bscscan.com/tx/0x3add5585ddaebbba5d7b9381101c59f6ed6118ab4fb017f1373ce5f662bbebad
2023-03-27 14:45:48,False,2.322e-10,7.05e-13,13345374617.0,0.094,0x74...438f,https://bscscan.com/tx/0x010852e6977980ed9a86cfce88d29ad01797a6f8f48749fedd1c2f9e88fea298
2023-03-27 14:43:36,False,2.322e-10,7.05e-13,13500000000.0,0.0951,0xb3...12b4,https://bscscan.com/tx/0x8415281123d1bb80c1990864ae7815d7c941c21449f143edc6152e551e927d74
2023-03-27 14:42:30,False,2.31e-10,7.05e-13,16200000000.0,0.1142,0x3f...693b,https://bscscan.com/tx/0xe19398e01c4afef246fa78f3a688e9eefb64270fd89c9eb4373cde559dfc6b39
2023-03-27 14:42:00,False,2.31e-10,7.05e-13,315000000000.0,2.22096,0xbf...2cad,https://bscscan.com/tx/0xfaa0fea03d375739624f122781b0b0fcbab4ec5c877ec7acf216404e00ab9b88
2023-03-27 14:41:51,False,2.31e-10,7.051e-13,71113471827.0,0.5014,0x7f...157e,https://bscscan.com/tx/0x281b5021d8c86d3c6e8b2579ab22b263b55dfd7473390790dbe470ed4e3a76bf
2023-03-27 14:40:36,True,2.322e-10,7.086e-13,29209624299.0,0.207,0x2a...189e,https://bscscan.com/tx/0x6aed028031ef6089c2b6f430dadd715e7a76c153e89939c28704593aef33178c
2023-03-27 14:40:06,False,2.31e-10,7.051e-13,27815994425.0,0.1961,0x51...a71f,https://bscscan.com/tx/0x4877baafcc24b9faf94f039abf88f279eee61f8f4ae35edef13ba803b2f20c64
2023-03-27 14:39:48,True,2.334e-10,7.086e-13,14110891853.0,0.1,0x83...4a22,https://bscscan.com/tx/0x4f2d5f229b1b01688ba102c2da3c59dd536307a4edc6e915fff601809e9a4dfa
2023-03-27 14:39:45,True,2.333e-10,7.086e-13,79262170935.0,0.5617,0xaf...25ab,https://bscscan.com/tx/0x3d12536decd93e7d97903f6c85375df86290f4028cafcb1968a64c4b74a1cef5
2023-03-27 14:39:42,False,2.322e-10,7.051e-13,5932054663.0,0.0418,0x24...784c,https://bscscan.com/tx/0xf0d5e5e6dc8502e9deba098aefaaca848b4404694f9d79f69385392523cb7a46
2023-03-27 14:39:12,True,2.322e-10,7.086e-13,40000000000.0,0.2834,0x63...5c99,https://bscscan.com/tx/0xd406785de2710656eb68727f82d6a7a5a7636a98158d460a914a43418220ccae
2023-03-27 14:38:42,False,2.31e-10,7.051e-13,112358471719.0,0.7922,0x8c...d228,https://bscscan.com/tx/0x655cf2cf5f001b8a10d56dfa48084944fa10db67eba31967266372a2a729dbbb
2023-03-27 14:38:42,True,2.322e-10,7.086e-13,27268975850.0,0.1932,0x78...48f3,https://bscscan.com/tx/0x3b37f41ce542ab2b588eb84c242d7a79a39d9900aff56665ec283e767ff17206
2023-03-27 14:35:54,False,2.321e-10,7.051e-13,16586103808.0,0.1169,0xa1...ca2f,https://bscscan.com/tx/0xbb504dfab2fa38a3a8f51b59196cabf33978d04c4725399728d3a1808c41a296
2023-03-27 14:34:18,False,2.311e-10,7.051e-13,14670253508.0,0.1034,0xb7...43ce,https://bscscan.com/tx/0x1df8e0f0e68da25f70468185392e8e1c9f430feaf52e99804c4a5565b870d5ea
2023-03-27 14:30:21,False,2.315e-10,7.051e-13,135295223785.0,0.954,0x22...492b,https://bscscan.com/tx/0x51ed15fb224221827028af6b0403ae342a4da643818a81b94088a7624998d57f
2023-03-27 14:30:06,True,2.326e-10,7.087e-13,5100000000.0,0.0361,0xf4...0888,https://bscscan.com/tx/0xffbd0d93b2e50b343c9ae317d817a678bf934b64f08d1bcb42ab6b89db6fc822
2023-03-27 14:29:48,False,2.315e-10,7.051e-13,14500585078.0,0.1022,0x58...6b0f,https://bscscan.com/tx/0xd9463e4c4b3fd4ea678b70d938d4fcdb41a625f2a40dba374a26d94d6d5763fc
2023-03-27 14:29:48,False,2.315e-10,7.051e-13,7072876161.0,0.0498,0x30...0016,https://bscscan.com/tx/0xd7a72a1ad17e602ee5bfc673ef76266029bf29ff61107e8cd1d2e038ed8832ea
2023-03-27 14:28:06,False,2.315e-10,7.051e-13,49176096529.0,0.3467,0x25...4402,https://bscscan.com/tx/0x9bbb88455b550b505a48834a9e5f6b53fcbb9df43a1faaf2de8ce908a17b85f7
2023-03-27 14:26:54,True,2.338e-10,7.087e-13,7416397961.0,0.0525,0x31...4401,https://bscscan.com/tx/0x9e7b2f959610e1353680f61c56629982fa8a06764e06e42775793f9c9afe103f
2023-03-27 14:26:24,False,2.326e-10,7.052e-13,77780259054.0,0.5485,0xc0...5057,https://bscscan.com/tx/0x1b7f75a20004132cba8b4dacb31f45151100ba93faa8b3111c5d7ab1c9ae7d16
2023-03-27 14:23:54,True,2.326e-10,7.087e-13,6124280000.0,0.0434,0x7f...4654,https://bscscan.com/tx/0x3888e82a94d9324447d674c86f7dcff5b59664cdf7a53d0fe872b236f59a0cd8
2023-03-27 14:23:45,False,2.326e-10,7.052e-13,4833370557.0,0.034,0xfb...e2bf,https://bscscan.com/tx/0x0569a20d3b03ad3c19243980b645eb69e46f9ebe08266bf3e5e08188ce7a7c2f
2023-03-27 14:23:21,True,2.338e-10,7.087e-13,2800088403.0,0.0198,0x28...79ba,https://bscscan.com/tx/0xa66b4ce67f4fcf311df9ee4dcb030c050860fcc75934f9bd1e9be5b075aeb899
2023-03-27 14:21:24,True,2.337e-10,7.087e-13,21371637711.0,0.1514,0x02...13b5,https://bscscan.com/tx/0x60c9d7050a82da998ab823916c10ce0f6843258a4d46fd434de4a0bec6ff9b03
2023-03-27 14:17:48,False,2.325e-10,7.052e-13,12776496703.0,0.0901,0xbc...e4f9,https://bscscan.com/tx/0xac3de66e99b3c8a7828925fce2502441ee36bcf67ef3669efb6848bd2cc6a4a0
2023-03-27 14:15:57,False,2.313e-10,7.052e-13,14232364897.0,0.1003,0xc0...3c27,https://bscscan.com/tx/0x0edf4a20a4fb5eb3047b92f10bf7cc2d4f99c87f2a17163ec5f34cbe4a8f08e4
2023-03-27 14:14:48,False,2.325e-10,7.052e-13,90000000000.0,0.6347,0xe4...e68c,https://bscscan.com/tx/0xcfd5266b1ee66cc2749a72cb8e7cf9c758db0d23e407ba32aab7c8c79ee8a111
2023-03-27 14:13:00,True,2.337e-10,7.087e-13,428292847210.0,3.03538,0x0d...ae94,https://bscscan.com/tx/0xb4cd66e80928d4a3776ff6ebf84d1c9df711c6779574f1871fd8673a01b34109
2023-03-27 14:08:45,True,2.324e-10,7.086e-13,9366581465.0,0.0663,0x3e...94ee,https://bscscan.com/tx/0x971206ef3da630ff018bcc1ad552ad4f0c8a6c0c43c9aa2472fa55d83b4fac3b
2023-03-27 14:07:27,True,2.336e-10,7.086e-13,992784398.0,0.007,0x27...bc28,https://bscscan.com/tx/0x6acef5418c301e6c0d5efdee4d36acb50c4c33d44ae2c7f17aa6b26953c5dd0a
2023-03-27 14:06:00,True,2.335e-10,7.086e-13,132650979652.0,0.94,0x50...050c,https://bscscan.com/tx/0x9600a7cacfcdaa68dda5c2de4d27f180e817b8df404d0fb40179237072882538
2023-03-27 14:05:48,True,2.335e-10,7.086e-13,1128977617.0,0.008,0x64...4ef5,https://bscscan.com/tx/0x2751838edf24f01b91855b86374f5649ba0a855b3ca0e9d0ce39cf7c7a2cc342
2023-03-27 14:04:30,True,2.335e-10,7.086e-13,4062494813.0,0.0287,0x40...c5ab,https://bscscan.com/tx/0xeee6a8819f66fd5624e4c8b179bd9fe92e120d0022a0582673629f639d0b535b
2023-03-27 14:03:15,False,2.323e-10,7.05e-13,22876951283.0,0.1613,0x5e...f276,https://bscscan.com/tx/0xb80a7e29aef34a8033c06e1a882e6f7d138e45656a274a2dbf4d0e65f89b1f16
2023-03-27 14:02:18,False,2.322e-10,7.051e-13,405096608799.0,2.85648,0x52...85c4,https://bscscan.com/tx/0x0d9e1920ec125cdd2fbf31b0a38b1ad65fd7656c6c1369c1c92472197736735a
2023-03-27 14:02:18,False,2.323e-10,7.051e-13,5437560748.0,0.0383,0x1a...2971,https://bscscan.com/tx/0xcc1e80f529530dc85e861dc3eec57b5af034d266f119ada6432bc6da8caaff51
2023-03-27 14:02:15,False,2.311e-10,7.052e-13,34861421839.0,0.2458,0x1d...09e7,https://bscscan.com/tx/0xe244afe06a18bd188b121b6ebf68fd5c6bc141066523af7a786db7ce3e794a95
2023-03-27 14:02:06,False,2.311e-10,7.052e-13,3697937894.0,0.026,0x2a...72e4,https://bscscan.com/tx/0x0b6aa4c7dcb71c94ebac28aaed5769cccc17c1dfce8e159d112eea580696ae75
2023-03-27 14:01:15,False,2.323e-10,7.052e-13,3296227415.0,0.0232,0x59...b97c,https://bscscan.com/tx/0xdf16bb5be22b0da7c44e525be4510259428e07d537ead863bd5318ea56260b4f
2023-03-27 13:59:00,True,2.334e-10,7.087e-13,22667345958.0,0.1606,0xcb...b85e,https://bscscan.com/tx/0x5ab500c53ceeaed4383decd1fe84cecaddb4fd70c470e19eea0ab0ccd1dbe405
2023-03-27 13:58:12,False,2.322e-10,7.052e-13,94500000000.0,0.6664,0x63...c69b,https://bscscan.com/tx/0x36122ca7a2c35942710b37b1068df003172b530a07a6e0e12d1f67aeb9bd54b1
2023-03-27 13:56:42,False,2.322e-10,7.052e-13,25200000001.0,0.1777,0x82...9c0a,https://bscscan.com/tx/0xe1d4ba497386bb88d5c3f0213c4257b2dc3d1ac62af09928b72d39bdc4e4daa4
2023-03-27 13:56:03,True,2.334e-10,7.087e-13,6477473018.0,0.0459,0x61...0647,https://bscscan.com/tx/0xa895e8cf298b301fe002df4f83b8d6cbf4f900f076709f6fea9f11b283d75ee3
2023-03-27 13:54:33,True,2.322e-10,7.087e-13,434782608.0,0.003,0xe7...d9c7,https://bscscan.com/tx/0x0ed675317719e4533ecb446e281bd62ed9184b2044fe9e2ee453cdb44c240a15
2023-03-27 13:54:09,True,2.322e-10,7.087e-13,7054388822.0,0.05,0xb5...0e66,https://bscscan.com/tx/0xa5d0fd0c77d1210fbbdf7ef3e5a8dfd73e9bdbb9c936be8bdf637e773f523e6f
2023-03-27 13:53:27,True,2.322e-10,7.087e-13,1199772695.0,0.0085,0x81...1946,https://bscscan.com/tx/0xe3c68180ecde9fe8513ff5e9e1a09da91676074176a127a978bc66de7147bccb
2023-03-27 13:52:00,False,2.311e-10,7.053e-13,734086987843.0,5.17789,0xdf...371d,https://bscscan.com/tx/0xad51c1433f251b2540e86e0e2ec225e633a4dd4a44d430675daaa5951a0d9d60
2023-03-27 13:51:51,True,2.334e-10,7.089e-13,141047088748.0,1.0,0x50...050c,https://bscscan.com/tx/0x440c69414fce6927c0c5b90e03a549a397965bf510ae16dd6a63cad55c5dda65
2023-03-27 13:51:45,False,2.323e-10,7.054e-13,63000000000.0,0.4444,0x1c...3c2a,https://bscscan.com/tx/0x62db43ee1e6860e70f9750a36be3eff72898a3ed2fa08f9affc23d6c89b42569
2023-03-27 13:51:42,False,2.323e-10,7.054e-13,38094867445.0,0.2687,0x20...010f,https://bscscan.com/tx/0x5e98ce34d5e32d948d8676c3c6aaca428c39564840d6ed7220ae63bd40c4f2f2
2023-03-27 13:50:42,False,2.311e-10,7.054e-13,244695638569.0,1.7263,0xdf...371d,https://bscscan.com/tx/0x2cbbf2c7e2b0ab6d00bcb730c129674ca29a3eda80fad127d2090e3188236fb8
2023-03-27 13:48:03,True,2.335e-10,7.09e-13,2000000000.0,0.0141,0xbb...320e,https://bscscan.com/tx/0x376895983c3a96c1e1350a6fa7fde270df60e2809b544fc5523c6f54b5da83a8
2023-03-27 13:45:36,False,2.312e-10,7.055e-13,13028931912.0,0.0919,0x1d...087d,https://bscscan.com/tx/0x01496901cbcf5a98f6e8e2d198e4be7711661ce320f38209f19519cdcf8b5280
2023-03-27 13:45:03,True,2.335e-10,7.09e-13,21297430647.0,0.151,0x27...bc28,https://bscscan.com/tx/0x7ea257fe1809a20e4249fc56a6864462455c261061387c438fc1cb3e98e9ca08
2023-03-27 13:44:54,True,2.323e-10,7.09e-13,57459394172.0,0.4074,0x2a...ce33,https://bscscan.com/tx/0xe843733a3f3e8964cdb87f0d6056cfc3114b8944f263c64bb285233f680194e6
2023-03-27 13:42:55,True,2.335e-10,7.09e-13,8572558041.0,0.0607,0xd7...09d2,https://bscscan.com/tx/0xd165fccb0ac8ae802fe1de3f5e7af62b078f1d9f8231971430179e6e4f240cac
2023-03-27 13:42:46,True,2.335e-10,7.09e-13,90051343133.0,0.6384,0x9e...863e,https://bscscan.com/tx/0x2e0ffe4e86e17731746177bb17a8a6dc818ac89b1d7befe36255bd88b0a1a01d
2023-03-27 13:42:22,True,2.335e-10,7.09e-13,3085536435.0,0.0218,0x5b...e7d2,https://bscscan.com/tx/0x5dc9e4b233f9312d48ad3e8737830ff53fa02f8f17f561c7624b0e3fa4f00ffc
2023-03-27 13:40:40,True,2.336e-10,7.093e-13,707629443.0,0.005,0x83...087d,https://bscscan.com/tx/0x24ffd7f945c88d663aa3bd4dfc43c8f2f26c7efa347107ac3194517f2fed2445
2023-03-27 13:40:31,False,2.323e-10,7.054e-13,83865061810.0,0.5916,0x34...75cd,https://bscscan.com/tx/0x502ff846f59286d60a6e69881cdc8623a1718f4fe13d88fdb5e89c71f6cc5d53
2023-03-27 13:40:16,False,2.312e-10,7.055e-13,409170564531.0,2.88696,0x78...4d18,https://bscscan.com/tx/0x749c8c47ec982289f89efa4206a6fb94ddea93792b16946ecf51442876a97c76
2023-03-27 13:39:34,True,2.324e-10,7.091e-13,8883658190.0,0.063,0x27...af36,https://bscscan.com/tx/0xe5d8b81659dce0f87e47c8f92d05ab1a5aea0bc1f8992cefd103550b8874da3c
2023-03-27 13:37:45,False,2.313e-10,7.056e-13,56320894861.0,0.3974,0x0a...6a78,https://bscscan.com/tx/0x645984c360cad9af4a8be315f710998f196181e08c707f82e6b52e2eec340751
2023-03-27 13:32:54,True,2.325e-10,7.091e-13,4859360001.0,0.0344,0x93...5fd2,https://bscscan.com/tx/0xd8fedb02b51e6eed4e9af6f88b02b1433d83a7634dbf39be6a6362ac96df0393
2023-03-27 13:31:48,False,2.325e-10,7.056e-13,3530813935.0,0.0249,0x96...075a,https://bscscan.com/tx/0x4523a641bb5473b0672624cf8a4b607ac9b4645d402ccb7be9fab2d348ad7968
2023-03-27 13:30:30,False,2.325e-10,7.056e-13,11912575017.0,0.084,0x7d...ceb6,https://bscscan.com/tx/0x86e1657538a7dfd7fb8994e0b791c7f45e0695b7ba1c89c39737f6ec89b3186f
2023-03-27 13:26:33,True,2.325e-10,7.091e-13,2318040001.0,0.0164,0x93...5fd2,https://bscscan.com/tx/0x985023cf2464ef07207fa60b4b57228d6dceed873596ee874593ad8e5a5bc1f1
2023-03-27 13:26:15,False,2.325e-10,7.056e-13,9189370286.0,0.0648,0x8d...af4a,https://bscscan.com/tx/0xb697417130c02473f29553aafc9094c9c2eda924f9cc550ac29e6fd40e76509b
2023-03-27 13:25:57,True,2.336e-10,7.091e-13,20022963738.0,0.142,0xaa...ce14,https://bscscan.com/tx/0x221d8d6dfe0980930f668f1f8378ec47f9973bbb40140aa758844810a3473850
2023-03-27 13:25:12,True,2.325e-10,7.091e-13,6058160001.0,0.0429,0x93...5fd2,https://bscscan.com/tx/0xc92d9c66aa50c2d1c9568ba88454012f6812c9cbb76b8885f024917104d7c2fe
2023-03-27 13:23:17,True,2.323e-10,7.091e-13,8179000000.0,0.058,0xcb...a777,https://bscscan.com/tx/0xc815fe1df3cdc8569c47cd96139d89672da1d8d7a55928c1bf207290248eaf35
2023-03-27 13:22:08,False,2.311e-10,7.056e-13,37970494528.0,0.2679,0x8e...0ac4,https://bscscan.com/tx/0x2639eee9521b0b06fcffa7abaa6f8a2d7d65cebc281a2d616f2edf9e7afb745e
2023-03-27 13:20:26,False,2.311e-10,7.057e-13,465863423873.0,3.28769,0x3e...474f,https://bscscan.com/tx/0x679711505c83bca2c159895c32b3dfcb560c0497210245d6d3a2e74fb37fb322
2023-03-27 13:20:14,False,2.311e-10,7.057e-13,17595337557.0,0.1241,0x63...e569,https://bscscan.com/tx/0x6357c9424c938f6c0a02798e290ce2e04474b916e9200f97419d5cf67b5a476e
2023-03-27 13:18:17,False,2.322e-10,7.057e-13,3642325832.0,0.0257,0x9e...5c42,https://bscscan.com/tx/0x0d5c118715d0abe3b9f292dd647303a180820bbbff0f8e87ff89993da86054db
2023-03-27 13:15:50,False,2.321e-10,7.058e-13,45245458749.0,0.3193,0xed...e8c9,https://bscscan.com/tx/0xd2a05796454ac1cfb033204bc5d49dc5cf80cff43e50bfb39acaf99291867d5d
2023-03-27 13:15:26,True,2.332e-10,7.093e-13,70487600000.0,0.5,0xde...6ae5,https://bscscan.com/tx/0x115593003c3d1fb66b39bdf186a407a68f57af2d6c4eb01ff43f36f36040efe7
2023-03-27 13:15:05,True,2.332e-10,7.093e-13,2135278851.0,0.0151,0x15...b133,https://bscscan.com/tx/0x197213088e2147caeb93c2919c8b471ac5986d44207e1a90b06ca1892723d71e
2023-03-27 13:11:53,False,2.308e-10,7.057e-13,11189530030.0,0.0789,0x4a...8653,https://bscscan.com/tx/0x7a516659cc34277e404fe124494345eeb994f8a8d622564f853beb57f4400a4b
2023-03-27 13:11:35,True,2.331e-10,7.093e-13,10372583736.0,0.0735,0xbb...320e,https://bscscan.com/tx/0xb1982cae9f78a51e773d299b16cc61be850abfb7f3770694b5ab9af29d9e06d4
2023-03-27 13:09:20,True,2.331e-10,7.093e-13,3947373690.0,0.028,0x19...07b4,https://bscscan.com/tx/0x735cde4a8b7a4779d8d3b3f8b47e6b360e962e0a373938cf28104f7f1b8fcdfb
2023-03-27 13:05:05,True,2.318e-10,7.093e-13,21146761402.0,0.15,0x0c...6d8c,https://bscscan.com/tx/0x5de50b3e93be064d647293a95c3be848c84ccf3e2bb4dcea8fbabddadaebed7b
2023-03-27 13:02:53,True,2.329e-10,7.093e-13,785000000.0,0.0055,0x49...fd13,https://bscscan.com/tx/0x6a3c9102246d32692c1a6456c16860032dee00126df4ec99a9c0b06d00cd0f83
2023-03-27 13:01:05,True,2.33e-10,7.093e-13,11401591257.0,0.0808,0x0c...6d8c,https://bscscan.com/tx/0xe5ff25ac914b18954cadb5233dfeffed9ee1d58b3d11ce5bd8fe7d66052f6dd6
2023-03-27 13:00:08,True,2.33e-10,7.093e-13,8458804799.0,0.06,0xd5...4720,https://bscscan.com/tx/0xa58521a05641ebf2a31203e04a474d14e78b0c36de15d8c0f29d57431c284341
2023-03-27 12:58:23,True,2.33e-10,7.093e-13,2666348663.0,0.0189,0x3e...b433,https://bscscan.com/tx/0xec40823592a2629e8e9faed00fbdb45f4a9b07908885bcd9f32631acd22d9da2
2023-03-27 12:56:26,False,2.307e-10,7.057e-13,90993634096.0,0.6422,0xe1...134f,https://bscscan.com/tx/0xf803fe564854ea74cc3b2f501d75a8e816071851fcc8437adf637ce6984361ec
2023-03-27 12:55:59,True,2.318e-10,7.093e-13,2819499480.0,0.02,0xf0...f6cc,https://bscscan.com/tx/0x6ae702b4807f9ab26d77b8f528df26be8c2449e9d766235f3e256423927a6210
2023-03-27 12:55:14,True,2.33e-10,7.093e-13,4999999999.0,0.0354,0xdb...595e,https://bscscan.com/tx/0x305dd60e3fa42bd49b21cd90c1b027e24e1404f2f7717e25881163f2c3516d02
2023-03-27 12:52:38,False,2.307e-10,7.058e-13,14400000000.0,0.1016,0x04...dddb,https://bscscan.com/tx/0x31c4c2c812fa13a66879c4a38d77c752eacb8c2879a357d9184a5ec54475247d
2023-03-27 12:51:50,True,2.331e-10,7.093e-13,12476200001.0,0.0885,0xb8...ec23,https://bscscan.com/tx/0x9b53cd1ca18e0215cb08a5402eb7a7292fc0be3c399577c8adc4f7be523ea0d7
2023-03-27 12:50:26,False,2.319e-10,7.058e-13,59232302498.0,0.418,0xca...492d,https://bscscan.com/tx/0xade0570329bd62e763343022d1c53b783a0002b1493a427443ba26aa603d2383
2023-03-27 12:49:17,True,2.331e-10,7.093e-13,4162700000.0,0.0295,0xcb...e4e0,https://bscscan.com/tx/0xfe5f05f4e12af1477fabc945f070b3ded6b8582dfd3624ad8227f60304e5fd50
2023-03-27 12:46:26,False,2.307e-10,7.058e-13,8445776482.0,0.0596,0xd6...53c7,https://bscscan.com/tx/0x29c6c63f622946be3b2f6fd016246529173e452c0f78227ea82f0e041e9842ba
2023-03-27 12:42:53,True,2.331e-10,7.093e-13,9800000000.0,0.0695,0xdc...3da1,https://bscscan.com/tx/0xe0f02cc52e9b4c908fe72d86838c74cedfe29715a9d6837f70a2a937a00fc998
2023-03-27 12:42:11,False,2.319e-10,7.058e-13,8970685003.0,0.0633,0x15...f0ed,https://bscscan.com/tx/0x423263464b659123b59de7d5a888e257530877567653523248755c88c9c13a7a
2023-03-27 12:41:59,False,2.319e-10,7.058e-13,312300000000.0,2.20443,0x21...4690,https://bscscan.com/tx/0xc6120ff802f81b65ff5dfc50c290142d6b5d4dec4ee0e85ec44e9a6098dd7c6c
2023-03-27 12:41:38,True,2.319e-10,7.094e-13,43695569912.0,0.31,0xb3...5af7,https://bscscan.com/tx/0x39c32e1fb62783b15749e4cbb58a5f32c79403b5b628e94a7fb8fb8a2cedd8d2
2023-03-27 12:40:08,False,2.319e-10,7.059e-13,36362575627.0,0.2566,0x2f...c20d,https://bscscan.com/tx/0x15135e288fee8be70439bd8ec38ce774977b190b369ff6aea132816c9a10dabc
2023-03-27 12:38:38,True,2.331e-10,7.094e-13,18760693186.0,0.1331,0x2f...9de4,https://bscscan.com/tx/0x3726a80d35df2dbdb9f11c21c56a8720c2e67e4a54b2f926a805ed8ea3073e45
2023-03-27 12:38:05,False,2.32e-10,7.059e-13,3893508002.0,0.0274,0xf8...53fd,https://bscscan.com/tx/0xd61463d495e658a2c600869fce22f4983eb16cb0274aa0a81e7aebe7e4d9faad
2023-03-27 12:38:05,False,2.32e-10,7.059e-13,36635295611.0,0.2586,0x51...60df,https://bscscan.com/tx/0xf5855f894f098f220c2f787ec56b7233248729920733c7f09de7b4002d42f37f
2023-03-27 12:36:44,True,2.331e-10,7.094e-13,3393145097.0,0.024,0x2f...c20d,https://bscscan.com/tx/0x1a250fd73300c9d59175423ad5ea8d8967622783df8203e9f0427f23b781cd5d
2023-03-27 12:36:01,False,2.308e-10,7.059e-13,31500000000.0,0.2223,0xf0...2f38,https://bscscan.com/tx/0x6b0bdb1b619bae4fdcc47a8eaf696afed7e290298a63354b2f233821542466ad
2023-03-27 12:34:41,False,2.32e-10,7.059e-13,14946780274.0,0.1055,0xe1...cbbe,https://bscscan.com/tx/0xbb67bc87b46d9b082cf2a415789e3c879d77a96e378ff31132e30885d72d0a2e
2023-03-27 12:34:29,True,2.331e-10,7.094e-13,2818972885.0,0.02,0x00...80ed,https://bscscan.com/tx/0x3aebdf081b5f49fa3814e9707261c0e6dbf60924ce7919cb8385bfafcc6242f8
2023-03-27 12:31:17,True,2.319e-10,7.094e-13,709117000.0,0.005,0xb8...99e3,https://bscscan.com/tx/0x2d6e7fc0590a997802b2022967bfe0826ff783175b4bf5a87d0938eebd49fb83
2023-03-27 12:29:38,False,2.319e-10,7.059e-13,42516959281.0,0.3001,0x3a...a1b0,https://bscscan.com/tx/0x9141d7ea123d749e22af6973f3723524a37a201711992d99320a72ac4c659b99
2023-03-27 12:27:29,False,2.308e-10,7.059e-13,35616767674.0,0.2514,0x4b...df54,https://bscscan.com/tx/0x833823bce08383e6851ed6eb1f1bb044c345f4bba7461c16832298dfdc4b1686
2023-03-27 12:26:56,True,2.32e-10,7.095e-13,422831890.0,0.003,0x47...2cd8,https://bscscan.com/tx/0xbb42a58e12802bbd3734fea1db3385bbb4d6c4dadfc5d940a1579ffd187d5558
2023-03-27 12:26:56,True,2.32e-10,7.095e-13,8174765318.0,0.058,0xa4...3db9,https://bscscan.com/tx/0x46e786068ce13f2577a56c2cb2e810d00b5dbb16a5ec8b07a913b1a5792875a4
2023-03-27 12:26:41,False,2.308e-10,7.059e-13,33477399414.0,0.2363,0x55...2b4e,https://bscscan.com/tx/0x55f75cf773355d75f86de695832cbab5e0a4de927b08c99ff2b520256f017bed
2023-03-27 12:24:50,True,2.319e-10,7.094e-13,111256000000.0,0.7893,0xab...d6e4,https://bscscan.com/tx/0x3623b522c21bc3b8c2a5890ff407425762166c3aa22687996f759a60eca63b70
2023-03-27 12:24:41,True,2.319e-10,7.094e-13,3450000000.0,0.0244,0xcb...7728,https://bscscan.com/tx/0x9b1105b9d1bef8f3f80681aa2d1ad0538801e47b2fa83202427bc0c1734b8423
2023-03-27 12:23:26,True,2.318e-10,7.094e-13,1507265199.0,0.0106,0x43...92bf,https://bscscan.com/tx/0x6b7189ab88e925378683b78073a973c40e6dd7fccc0b332f5553d87155e839ad
2023-03-27 12:22:32,True,2.318e-10,7.094e-13,2000000000.0,0.0141,0xec...1c6e,https://bscscan.com/tx/0x993a76a5fd7cf9a0c2f2a80fbecd8f22f03beb6a3e91efeffaddfbb8f917091a
2023-03-27 12:18:02,False,2.306e-10,7.059e-13,46399383363.0,0.3275,0x49...e12b,https://bscscan.com/tx/0x69c7eabee6b2c20d3ea65460a90ed50bfdfda4d41c2e0edb90a16fd407ef60ed
2023-03-27 12:18:02,True,2.317e-10,7.094e-13,8968936967.0,0.0636,0x7d...4590,https://bscscan.com/tx/0xdced998c93036c961f5bba25dcd8a985597f68e0fc2365d4993049af68c20d00
2023-03-27 12:17:59,True,2.317e-10,7.094e-13,11130000000.0,0.0789,0xec...1c6e,https://bscscan.com/tx/0xe7198f98a15b12d1592df27f504810ff765b69773a94f304795dbae57b352b35
2023-03-27 12:17:05,True,2.329e-10,7.094e-13,48620207225.0,0.3449,0x92...0fde,https://bscscan.com/tx/0xff0bfcc4488d15c56f84bb63e5589f9dca9590e4af00eb93c28c5828921f63af
2023-03-27 12:16:56,False,2.317e-10,7.059e-13,7478178656.0,0.0527,0xd6...9d7b,https://bscscan.com/tx/0x63d233832578859b8c5de3d825e50c8efe5aa2828311e07db06c3f5e33e1a347
2023-03-27 12:16:44,False,2.317e-10,7.059e-13,39575410715.0,0.2793,0x45...dfbc,https://bscscan.com/tx/0x14801411ea7fd89e669db41a4814ba4f5dfdc00ea3e42f366a21981c0b844f7c
2023-03-27 12:12:02,False,2.305e-10,7.059e-13,20256828924.0,0.143,0x38...0bf6,https://bscscan.com/tx/0x9c1432a04105ef33512121ee8d5fa9a32c0ca5da727cc3ea4864c80daeb3580f
2023-03-27 12:11:29,True,2.317e-10,7.094e-13,16886104439.0,0.1198,0x73...2791,https://bscscan.com/tx/0x4a3a7c22c1bf2886e5e51888cea5403027329f4fe3f592adc3d737679eef6cdd
2023-03-27 12:11:02,False,2.317e-10,7.059e-13,40500000000.0,0.2859,0x9d...7142,https://bscscan.com/tx/0xe31610b67aa8fba2bd7ed1d8eba1cf7e4ee153449d956be08845e2cac752919c
2023-03-27 12:07:26,True,2.329e-10,7.094e-13,1000000000.0,0.007,0x0e...3ca5,https://bscscan.com/tx/0xe064c62a5d18ee4dafc2f2a3d9d25387ccb60bfd8e8666dca25352281ba7676b
2023-03-27 12:07:08,False,2.317e-10,7.059e-13,16556484918.0,0.1168,0x49...abde,https://bscscan.com/tx/0x8de7873dfcb4cb27db3be43785cd887767cb90a99de668a28060b9556e2235f5
2023-03-27 12:04:17,False,2.305e-10,7.059e-13,17763529689.0,0.1254,0xd5...1e49,https://bscscan.com/tx/0x20567311a8279ff6a63cab331dff20a9ed954e89159c4fd2190e9f67574cabe7
2023-03-27 12:03:08,False,2.317e-10,7.059e-13,15743227718.0,0.1111,0x94...0c64,https://bscscan.com/tx/0x4ef109e8d1e2b253ec23a7f49ef8534af47d04543fc2bbb01183234bfb2cfbe2
2023-03-27 12:01:47,True,2.328e-10,7.095e-13,40000000000.0,0.2838,0xfd...c156,https://bscscan.com/tx/0x544ef251e01bb056c0392c3a594e8dbd502845ec52440ff0c800b6fedf9cb4d9
2023-03-27 11:58:23,True,2.328e-10,7.094e-13,1441330000.0,0.0102,0x46...989c,https://bscscan.com/tx/0x126b8cb743d33490f08020e9fb787fb036dcd655265c20f55836446fa28c086f
2023-03-27 11:51:32,False,2.317e-10,7.059e-13,13661872144.0,0.0964,0x54...ec38,https://bscscan.com/tx/0x7673526cba613f316331c311915d41163caec9d62f65f266ceabafd6bf8a39a9
2023-03-27 11:50:44,False,2.317e-10,7.059e-13,56119500000.0,0.3961,0x8d...3d09,https://bscscan.com/tx/0x19a3c87d51267b75e8b19ce1dbddef1a6c157780550f932a4d1ca512e0e60125
2023-03-27 11:50:41,False,2.306e-10,7.059e-13,3600000000.0,0.0254,0x99...730a,https://bscscan.com/tx/0x1e417397f858f30a17a267c0fd1dcf7eebaa8e50345cb091ecfdbeedbd0634bd
2023-03-27 11:50:11,True,2.329e-10,7.095e-13,2000000000.0,0.0141,0x22...f9f2,https://bscscan.com/tx/0xa7b889598f4db8d98c114a86e5e9aa8e81e1246b2b5f6ea5bd3fc2d35d105197
2023-03-27 11:49:20,False,2.318e-10,7.059e-13,27506044004.0,0.1941,0x22...18da,https://bscscan.com/tx/0xc1df880c168434af959450022a670ce9827ceb8cdb2d6f07704349321f0dfd5c
2023-03-27 11:48:53,True,2.329e-10,7.095e-13,1628329812.0,0.0115,0xdb...09bd,https://bscscan.com/tx/0x67636f2cea0949a6d6b43274794832a237178cafa19d08878429542fbd4680dd
2023-03-27 11:48:32,True,2.329e-10,7.095e-13,29522564745.0,0.2094,0x00...e885,https://bscscan.com/tx/0x13f8e8e82de8adc28cccba66089c6f9c97d54176527fa7b5b8022958cd95aec8
2023-03-27 11:47:47,False,2.305e-10,7.059e-13,3013725269.0,0.0212,0x93...7f7b,https://bscscan.com/tx/0x1ac8966aeb806228171de828bdadf045fb0788469c5319ff6a91cdda3e78e58c
2023-03-27 11:47:17,True,2.329e-10,7.095e-13,20476637329.0,0.1452,0xa1...ca2f,https://bscscan.com/tx/0x1e146a07c2cc0b7e168c38e4a27541a0b735bcc44b3674dc49e9d490d510b52a
2023-03-27 11:46:23,False,2.305e-10,7.059e-13,60300000000.0,0.4257,0x78...0195,https://bscscan.com/tx/0x159394fd6d2c11f610ae9a9661e8d1eb1a67cd5bf28ed2186af8c74a9cd2c15b
2023-03-27 11:41:05,True,2.328e-10,7.095e-13,3100643082.0,0.022,0x2b...4989,https://bscscan.com/tx/0xbcafa2d4db80113cc9e42b4c24589d2c5a0959f88ca4dda4d9426ffaf831b2e1
2023-03-27 11:39:47,True,2.329e-10,7.095e-13,53067955211.0,0.3765,0xe9...4a68,https://bscscan.com/tx/0x33f644f9437db8e7513221d5eeac1242faf99153f8f61919c5266bfc9dea6db9
2023-03-27 11:37:59,False,2.317e-10,7.059e-13,9277342684.0,0.0655,0x48...132d,https://bscscan.com/tx/0xa6717de4ed2afdd03bb2ebd0cf3d1fac7ec6ed1a56d24a0526fc90af92701451
2023-03-27 11:37:17,False,2.316e-10,7.059e-13,161625934014.0,1.14108,0xa7...8b7c,https://bscscan.com/tx/0xf9b0ac57e1fc515e9a6f20659eea2a48f184ef0f39f2bd445187af6f3d6299cb
2023-03-27 11:33:56,False,2.316e-10,7.06e-13,1803118950.0,0.0127,0x15...a7c4,https://bscscan.com/tx/0x86dd4cedd43069b379aee32ebd7c62d8f07ef42c0a9117bab0ad7b9da818497e
2023-03-27 11:32:32,False,2.305e-10,7.06e-13,5636407060.0,0.0397,0x9b...b164,https://bscscan.com/tx/0x49ac9cc3013d15d85e6496e1c8182cd9883901a784e2162b27ac9d3af69c3778
2023-03-27 11:30:56,False,2.316e-10,7.06e-13,113835940690.0,0.8037,0x95...a68e,https://bscscan.com/tx/0xf73a0cecdba8f1988735f4c06fa31fe11a88b04408abcc32527386f4a392f449
2023-03-27 11:25:26,False,2.316e-10,7.061e-13,544385967894.0,3.84415,0xd3...ab25,https://bscscan.com/tx/0x8f27a66e9afda196bce6cd84871d52f70e581396d52907b1b37975bccdaa4106
2023-03-27 11:25:08,True,2.328e-10,7.097e-13,20060752919.0,0.1423,0xbf...8afd,https://bscscan.com/tx/0x3053a9091630ea1fff3ea1e18719c450a83ab68083d70351901784629f8eb93b
2023-03-27 11:19:11,False,2.314e-10,7.062e-13,7973100000.0,0.0563,0x1b...42b3,https://bscscan.com/tx/0xf50b254249d7f8e9cb5504cc0db8b176802602ada9203ed85892defe049a0723
2023-03-27 11:18:32,False,2.303e-10,7.062e-13,12279835753.0,0.0867,0xd3...76bb,https://bscscan.com/tx/0x756b8d900d99c123cfe2f04d0f13851733b0b5e58dba701fb42eaa494d112bf8
2023-03-27 11:18:08,False,2.314e-10,7.062e-13,9000000000.0,0.0635,0x1b...42b3,https://bscscan.com/tx/0xb5f348c25ca8a6b68263750d291e9d986a136af7dcee400cad787d7ae9c9d79c
2023-03-27 11:17:35,False,2.314e-10,7.062e-13,2620188090.0,0.0185,0x42...8b5d,https://bscscan.com/tx/0x683da3bc7629868ccf719d93ce430f3857a2937d516ac38e7f16a62410dc63af
2023-03-27 11:16:53,False,2.302e-10,7.062e-13,72000000000.0,0.5085,0x1b...42b3,https://bscscan.com/tx/0xf774925abeb65023b6e420b0fb99e0254b1f2547c299ba37780450586ae458c8
2023-03-27 11:14:56,True,2.325e-10,7.097e-13,4176950000.0,0.0296,0xe6...575f,https://bscscan.com/tx/0x3d35c7dec389706b44742f79267d9528304d66c8b2b949f504d271e76a5c3457
2023-03-27 11:12:44,False,2.302e-10,7.062e-13,1645018463.0,0.0116,0xb6...16a5,https://bscscan.com/tx/0xa5860f6f016fb358f2222cb7684a8075826816a73ebc8e127d12f8b843e2a07b
2023-03-27 11:10:02,False,2.313e-10,7.062e-13,6365450749.0,0.0449,0xc4...a1d6,https://bscscan.com/tx/0xc4002f9cd3d1b37a82aca380a259982fbe528f9665f2831bb2fea44606df927c
2023-03-27 11:09:35,True,2.325e-10,7.098e-13,2817694509.0,0.02,0xa5...1d70,https://bscscan.com/tx/0xaaf8a814373c4891f920168bd97232806410ef82592795db79acf56fce76d1c0
2023-03-27 11:09:14,True,2.314e-10,7.097e-13,6561520258.0,0.0465,0x21...72aa,https://bscscan.com/tx/0x9ed4186e7095e459e11be55076f2aa46b7509881a0dacf003d22a5e8f3652c43
2023-03-27 11:07:41,True,2.325e-10,7.097e-13,4367445974.0,0.031,0xa5...1d70,https://bscscan.com/tx/0xc1bf672482f4b0dc7866ca62f76596001e8bcb0328821a12efc8a49690e0ed1d
2023-03-27 11:03:23,False,2.302e-10,7.062e-13,13471977977.0,0.0951,0x8d...e874,https://bscscan.com/tx/0x7d4d49d428e61c91b923e68967e0ceac8e34dad80ad6b8995d3dddda44ce2a65
2023-03-27 11:00:17,True,2.324e-10,7.097e-13,8207477346.0,0.0582,0xe1...cabd,https://bscscan.com/tx/0xfbc7aa0e0cc922977668f2e2b34f92a2b4e6107aa80b5740235ec0f0255cb6a0
2023-03-27 10:59:38,True,2.325e-10,7.097e-13,10000000000.0,0.0709,0x50...c517,https://bscscan.com/tx/0xf2de7511cf72e8910315d13b0021e3fbee6bf06c93abdba30ad8e7ed860e9260
2023-03-27 10:58:08,False,2.314e-10,7.062e-13,19493941267.0,0.1376,0xb1...77a1,https://bscscan.com/tx/0x3a32570c45b513f076eaa7ec94310ec01e0147c66a63c1ca1150b6a54d2faf87
2023-03-27 10:57:32,False,2.313e-10,7.062e-13,7070090848.0,0.0499,0xb3...12b4,https://bscscan.com/tx/0xcf1eef08e3a0491862b3d872cc1578c0568e7d9abed46bddeef226fb5208a2a4
2023-03-27 10:54:53,True,2.313e-10,7.097e-13,91892016489.0,0.6522,0x63...f701,https://bscscan.com/tx/0x33695169efc8808c29ccc79b99688c6dc6b46065cf522bf10a91843fb70ac02b
2023-03-27 10:52:26,False,2.313e-10,7.062e-13,36277311616.0,0.2562,0x48...132d,https://bscscan.com/tx/0x43a84cb9e3872fe7afa2a0a4a3ed76fa0a15ec9df7f133a9587424c57e1813d8
2023-03-27 10:51:17,False,2.313e-10,7.062e-13,44498528910.0,0.3142,0xc6...e927,https://bscscan.com/tx/0x6991cce204afd858d120810dd041d7d8bf1a546e74f388429ee8dc43fa722369
2023-03-27 10:46:50,True,2.324e-10,7.097e-13,7000000000.0,0.0496,0xe1...134f,https://bscscan.com/tx/0x0040bdd856fb196a94da1c5f473180db8eea5117a3a2914ae4aced7b8334f7f6
2023-03-27 10:46:37,True,2.313e-10,7.097e-13,183158239555.0,1.3,0x83...36d4,https://bscscan.com/tx/0x295b9a03d0f321bd7e2fb6e374fefe92f9d437b8c1f4d2aef1979389b8016138
2023-03-27 10:44:42,False,2.301e-10,7.061e-13,17100000000.0,0.1207,0x04...bbef,https://bscscan.com/tx/0x388f8d2c2953b58c4a158bbec2dc9e92323c043f6edd2bb802d33266fe68fc3c
2023-03-27 10:41:49,True,2.311e-10,7.097e-13,52015468769.0,0.3691,0xe1...134f,https://bscscan.com/tx/0x0d00da23fac17e66da50a0239544beae51c5e542da464f032439e19ba401300f
2023-03-27 10:37:58,False,2.3e-10,7.062e-13,360000000000.0,2.54247,0xf0...e19c,https://bscscan.com/tx/0xfbad722376309b9306fc5ef4c6126b9d932fcefca0adff36e362937bb8834eca
2023-03-27 10:37:07,True,2.312e-10,7.098e-13,6565053480.0,0.0466,0xcd...e9e8,https://bscscan.com/tx/0x1004d878ec2e67efc4300c9dca302fdfcfe8dadc2569a6a72113ffd82c8bcae1
2023-03-27 10:36:37,False,2.301e-10,7.063e-13,359825202437.0,2.54163,0x75...239d,https://bscscan.com/tx/0x40fcae36983568c47361e7842e2305c72df140ae778d62f0e90612f88c5a2b0b
2023-03-27 10:34:58,True,2.312e-10,7.099e-13,509058000.0,0.0036,0x0c...2b6f,https://bscscan.com/tx/0x0bac13abaf90ac80856d116590767291b67f4e014c36e8e09496588e1b5d5603
2023-03-27 10:34:19,True,2.324e-10,7.099e-13,5000000000.0,0.0355,0xb6...b0ff,https://bscscan.com/tx/0x23fd544987ad4d477bdb7c492347d586a2c37f263a46839e36ee2e6b1d9e4cf6
2023-03-27 10:32:40,False,2.3e-10,7.064e-13,2218981117.0,0.0156,0xa8...2f5a,https://bscscan.com/tx/0x96b3b8b39fc5696e1a0af57c5670264b74a535ac0ee587eca233ff9fa6a5bc38
2023-03-27 10:31:34,False,2.311e-10,7.064e-13,4508736347.0,0.0318,0x18...cd88,https://bscscan.com/tx/0x620d5dab8d8655b423e26055f0475de9fbef2a96bb719c99b3162477fe069979
2023-03-27 10:30:07,True,2.311e-10,7.099e-13,2522568714.0,0.0179,0xf8...e0e0,https://bscscan.com/tx/0xec1e3e0a0921da0852af8f05693f415a968a7347e6cdab639bbd63977183aafd
2023-03-27 10:28:55,False,2.311e-10,7.064e-13,6729545381.0,0.0475,0x4c...c145,https://bscscan.com/tx/0x73f8f372c63de6c9ccc58d12700e28309456d708668670095062beb1618c2470
2023-03-27 10:26:28,True,2.311e-10,7.099e-13,7042731368.0,0.05,0x58...0160,https://bscscan.com/tx/0x441ea73b638227982c67d01037c51a3bafe41f989d32ac483415de8547e3742b
2023-03-27 10:25:49,True,2.322e-10,7.099e-13,2817090000.0,0.02,0xe0...0ccc,https://bscscan.com/tx/0x0022534a72cc2be6bc482f0c54a826b086de836c2c25e2e29f9bee3ef31be66e
2023-03-27 10:25:34,False,2.311e-10,7.064e-13,4680000000.0,0.033,0x53...bbb8,https://bscscan.com/tx/0xcc6bff58f3a05e00f2170e3a6fb19a85dd449cb85ff75e1992a6bf3d16b46470
2023-03-27 10:21:13,True,2.322e-10,7.099e-13,140859094840.0,1.0,0x63...f701,https://bscscan.com/tx/0xdab07042c4967b68167116121f17183e81136b722f29b5605e9b4f171e623724
2023-03-27 10:17:07,False,2.299e-10,7.063e-13,95559927488.0,0.675,0xa1...0b8b,https://bscscan.com/tx/0x927521a0a2c6fd4e9b0bb8f2121ea200ae825fa80472fb5f594557774c8e9453
2023-03-27 10:14:04,False,2.311e-10,7.063e-13,4176640319.0,0.0295,0x0f...71e5,https://bscscan.com/tx/0x8c5e5865157512034dfb47c9ce85728435c49532aaad6dfae8c04fab5f406889
2023-03-27 10:13:49,True,2.322e-10,7.099e-13,178521052657.0,1.26734,0x3c...99a5,https://bscscan.com/tx/0x4e989e6cf1d6b8711b1f90173340b47fb9b8be8420df27c08ad1a92a20622a2e
2023-03-27 10:13:13,True,2.322e-10,7.098e-13,11745040893.0,0.0833,0xa0...98d4,https://bscscan.com/tx/0xdb55fc494fec54eb28ebcdbd6c514a6899debcb907ea75481194f68a93f37cb7
2023-03-27 10:12:28,False,2.311e-10,7.063e-13,8444839631.0,0.0596,0x36...26bc,https://bscscan.com/tx/0xcc79d48af259c5bc9acb74f2fd5cf9878314e1f10f2aca2d3a375ecbab7aeb84
2023-03-27 10:10:34,False,2.311e-10,7.063e-13,2124527542.0,0.015,0xe2...dc4c,https://bscscan.com/tx/0x05d7c67c8c0d3fb281e54c9dd3b41b93166f6c70c59963dff882eba15319a3f0
2023-03-27 10:07:34,False,2.311e-10,7.063e-13,7072969647.0,0.0499,0x92...d514,https://bscscan.com/tx/0xc58f032a509f69c8d299aa1b265e4c1b9e3a7efc564e19ea5e50a17991436d5a
2023-03-27 10:07:04,True,2.322e-10,7.098e-13,20951671798.0,0.1487,0xe0...bead,https://bscscan.com/tx/0x6f8219ac608432688f7ce418fcb64f8eb545bc3e9e5e7c6de8432ad0ee1ed29b
2023-03-27 10:05:07,True,2.322e-10,7.098e-13,61280543889.0,0.435,0x5e...c679,https://bscscan.com/tx/0x840aa8d614e4b87056ee6598d5a74c06c61a4ea8336340756f345cdba34dcd07
2023-03-27 10:04:04,False,2.298e-10,7.063e-13,125275500000.0,0.8848,0xbc...73e6,https://bscscan.com/tx/0x3cc667cb847f34ce72c755c6e2259df8a6ff0f590cb0d1d955bcf6b9f1cb4518
2023-03-27 10:00:25,True,2.322e-10,7.098e-13,34910354626.0,0.2478,0x08...89ee,https://bscscan.com/tx/0x1da92bef7e15702f82f240d5667e58e5bfe178d0b0b847fc7ce9497028862864
2023-03-27 09:57:55,True,2.322e-10,7.098e-13,8853165743.0,0.0628,0x15...f0ed,https://bscscan.com/tx/0x770f237f777224cc441361de8610c58fc12b7ab43d943f0707da4179cf08e36f
2023-03-27 09:57:55,False,2.311e-10,7.063e-13,19623764711.0,0.1386,0xa4...9609,https://bscscan.com/tx/0x8ac834ac135e51dd5eb2d0fb79da8f37add27fb645b1639be3f9ffeed8f3b132
2023-03-27 09:54:16,True,2.312e-10,7.098e-13,7756183166.0,0.055,0x95...392a,https://bscscan.com/tx/0xb61f24da2d8a6a7cd181f45c9b9653c8fe27581bf2308feaddace8c66d3d8556
2023-03-27 09:54:07,True,2.312e-10,7.098e-13,112368000022.0,0.7976,0x53...4ffc,https://bscscan.com/tx/0x4e205b66877bc21cb9e69d9db4c90678254830ee873b2742881bed162b0557cb
2023-03-27 09:51:04,True,2.313e-10,7.102e-13,3410697311.0,0.0242,0xbf...2c9d,https://bscscan.com/tx/0x84c5c40ee5fbd4e279ab52acaf7bc051a78aba5770b20eca39f26cd4a0ca4ec0
2023-03-27 09:50:52,False,2.3e-10,7.063e-13,20610037992.0,0.1455,0xc7...0f45,https://bscscan.com/tx/0x5848b5d91af80eb5c7b1869386a72a56656f673ba9f87be4fd2942fc9001b022
2023-03-27 09:50:13,True,2.312e-10,7.098e-13,1000000000.0,0.0071,0x02...a64c,https://bscscan.com/tx/0x3e31ae261d4adb828caad3598650ba698989b28339e6b17c52bcacc0811be2b1
2023-03-27 09:48:34,False,2.312e-10,7.063e-13,28223625337.0,0.1993,0xa7...4d35,https://bscscan.com/tx/0xae2b68c6f25e256e7a2c3d3d5073fd25daa14409ce7fdff3e774c4d486ccad44
2023-03-27 09:47:46,False,2.312e-10,7.063e-13,15799761095.0,0.1116,0x73...d73d,https://bscscan.com/tx/0x0843c677971d85abbea10edbc1f8027f141296d4f98153bcb38d9031ca315721
2023-03-27 09:45:43,False,2.312e-10,7.063e-13,5124060765.0,0.0361,0x07...66d0,https://bscscan.com/tx/0x501c8d69735bef02d8b67eb87f7d8c963710de50d2bb17b6cff0e3ba68f107ea
2023-03-27 09:44:47,False,2.312e-10,7.063e-13,11029581418.0,0.0779,0x5c...dbc0,https://bscscan.com/tx/0x9e0c50d1d86579d6e8c4c877c73dd393a07d98815f03d2a85d46b18224e1fd5d
2023-03-27 09:44:10,True,2.324e-10,7.098e-13,8762679792.0,0.0622,0x69...8318,https://bscscan.com/tx/0x99411501634a20c51c6b492dad480aa968a00f520268911761d46ac22d0fd772
2023-03-27 09:44:02,False,2.301e-10,7.063e-13,10666353619.0,0.0753,0x4f...9ad3,https://bscscan.com/tx/0xab8a21e5e4d971d3a75fd1df3565d8181e6b61fcb094525fb52db91237329b07
2023-03-27 09:39:00,True,2.313e-10,7.098e-13,9398910000.0,0.0667,0xd1...6740,https://bscscan.com/tx/0xdb137379788e9d7f43678a9da312362a0525e6659de9f8f4f0f764593c716633
2023-03-27 09:38:51,True,2.313e-10,7.098e-13,5216054445.0,0.037,0x30...107d,https://bscscan.com/tx/0x90acb75146419771ff80922a77a61be329fef13d977f16e56e3a9727ac834644
2023-03-27 09:34:18,True,2.314e-10,7.098e-13,64417100000.0,0.4572,0x70...edf3,https://bscscan.com/tx/0x501574800220347abaf619916c05bb4f1647368d504ae02bb1287694168c32a6
2023-03-27 09:30:36,False,2.303e-10,7.063e-13,473820041685.0,3.34698,0x79...4cdb,https://bscscan.com/tx/0xef2dcf0ddb85a8fa9422109a37acde4ccc46093f63e12d8c458574b3739db017
2023-03-27 09:25:57,True,2.325e-10,7.099e-13,4814140000.0,0.0341,0x36...e529,https://bscscan.com/tx/0xd40dba46de808369a7bb60ce59f948ff333a12c485e0e1dd40b0fd190ef54078
2023-03-27 09:21:57,True,2.324e-10,7.099e-13,2816909179.0,0.02,0xcd...acbc,https://bscscan.com/tx/0x7a18848eb38961b935c2954e568873a6645a2cf3e98252169ee39f23b1bd981f
2023-03-27 09:17:42,True,2.325e-10,7.099e-13,731746741.0,0.0052,0xc3...e229,https://bscscan.com/tx/0x7a73d5081fa53cc94e6dadc946ed91d74ee3dca0feb31d4c0e022dcb2539aece
2023-03-27 09:07:57,True,2.324e-10,7.099e-13,2150916614.0,0.0152,0x47...cf43,https://bscscan.com/tx/0xd6d39489916cf3b3475f0746cd96b0659df368ced1d19806646b2d43367989b0
2023-03-27 09:06:24,True,2.313e-10,7.099e-13,4745340224.0,0.0336,0xf3...e37d,https://bscscan.com/tx/0x01be0fa7b10b9d2b1012ac3d0f7d60c305c3b8dff868e171e3c4f57ecbb54cf0
2023-03-27 08:58:00,False,2.306e-10,7.064e-13,128449549573.0,0.9074,0x8f...bc8f,https://bscscan.com/tx/0x71aa20364afbd0a13e211e514430a24d432b0f9adcaa9d22564d4070888b61ec
2023-03-27 08:50:54,False,2.306e-10,7.064e-13,38489107670.0,0.2719,0x87...09de,https://bscscan.com/tx/0xa9ecbc17635535ef583e957cdda64372226a3f08379149af4b8f2f1fe0d6eef5
2023-03-27 08:50:42,True,2.329e-10,7.1e-13,3859960000.0,0.0274,0x24...c8e4,https://bscscan.com/tx/0x67654f08fa909749b83a85a132f006812a088b99ae30b7b75122bfaf0fbd9104
2023-03-27 08:47:51,True,2.318e-10,7.1e-13,1672049999.0,0.0118,0xf9...4290,https://bscscan.com/tx/0xc6823771029145201c88522c4e183bd4c45d87e207413ba3e5655b1411af0ef1
2023-03-27 08:41:54,False,2.318e-10,7.065e-13,92566745878.0,0.654,0xc9...2c4f,https://bscscan.com/tx/0xa2d208108670ab067f75fc504f41ba89d6f0fb9a700dcbd29f92fc966e7a453f
2023-03-27 08:40:42,False,2.318e-10,7.065e-13,45000000000.0,0.3179,0x0b...7976,https://bscscan.com/tx/0x4af27f45941f303a80a3bcd12f405b9f30e71fca82d29988affa06f7e806b783
2023-03-27 08:38:36,False,2.307e-10,7.065e-13,45000000000.0,0.3179,0xd2...d408,https://bscscan.com/tx/0xaa85e402632540b6e079477e55b0d8eab8c4243c8c5a9f8983d132d7d22210ab
2023-03-27 08:37:54,True,2.318e-10,7.101e-13,121297741.0,8.613e-05,0x08...d5e6,https://bscscan.com/tx/0x6f16fca766ccb2a86fc6f469b443550ee886f9f91112a5c74cf2671866930675
2023-03-27 08:32:15,False,2.307e-10,7.065e-13,5017481041.0,0.0354,0x34...229d,https://bscscan.com/tx/0x2f1acadcfd512df99979d14647ed5e2ebf4b850abfff2b46290c499d3de483bc
2023-03-27 08:30:24,False,2.319e-10,7.065e-13,20069924099.0,0.1418,0x34...229d,https://bscscan.com/tx/0xb3d1cf4e8f4f31b32429910858d6ad9ee870493f8b49a11ec6fb909271dec646
2023-03-27 08:25:33,True,2.331e-10,7.101e-13,39761300000.0,0.2823,0xbe...79c4,https://bscscan.com/tx/0x9301adb2a44c1abfd24e80cf24dfcb3595d3b5e5c4b3c449c91a232ab1ad53c6
2023-03-27 08:24:21,True,2.33e-10,7.1e-13,50556990163.0,0.359,0xa6...5f19,https://bscscan.com/tx/0x9642f874dc09682e7a365a554150a48f2a0e0c18cf52807e108a185084883240
2023-03-27 08:21:12,False,2.318e-10,7.065e-13,20598829009.0,0.1455,0x9d...998c,https://bscscan.com/tx/0x3ec40a832bc4a3bd4a10935649cdad5e8d1a30da9ca5bc098d10d91446ef7f5d
2023-03-27 08:16:48,True,2.33e-10,7.1e-13,1200000000.0,0.0085,0xbf...68c0,https://bscscan.com/tx/0x99ba98619b7abf78a4a0cd494080b355d64cf0ca1c7791d2b26fccb1e1f36e14
2023-03-27 08:15:33,False,2.318e-10,7.065e-13,180467977562.0,1.27513,0x46...369d,https://bscscan.com/tx/0x236e72316a95f6f22eb0f666a72ed3e6ed5b04712369954c9e466107ef402b95
2023-03-27 08:13:48,False,2.319e-10,7.066e-13,22430376842.0,0.1584,0x4f...c016,https://bscscan.com/tx/0x7f206d3523c2b793da9277bdc231123af4a3411bcbe3b89d58e7bfa2fcc614a0
2023-03-27 08:04:21,True,2.321e-10,7.101e-13,3588087650.0,0.0254,0xbb...e1a9,https://bscscan.com/tx/0xd0dbeea7e7d47ea55ae481838054ec38aee08e7407271b05e50ac8c6a626d0b1
2023-03-27 08:01:45,True,2.321e-10,7.101e-13,10500000000.0,0.0745,0xef...9629,https://bscscan.com/tx/0x0a6d101e5c66580404b662fe1a67a92a0f8954fe90117997f1f2086818063ec8
2023-03-27 07:57:38,False,2.31e-10,7.066e-13,16442008051.0,0.1161,0x1b...35d2,https://bscscan.com/tx/0xef4d457b025671164298c4ca625c8a5f82025f879649673f46dd8ec54addc441
2023-03-27 07:56:14,True,2.333e-10,7.101e-13,21544792221.0,0.153,0xb6...24cb,https://bscscan.com/tx/0xdbc82b6de5038fc704c5cf246e4390e686191518455477ad0e9b5b530c0a388d
2023-03-27 07:56:02,True,2.333e-10,7.101e-13,26286667592.0,0.1866,0xd7...3fcb,https://bscscan.com/tx/0x6cf547a085681e0ad0cfb439c130768cc3c6314494ed9574fb87d329bdcdba14
2023-03-27 07:55:26,True,2.321e-10,7.101e-13,2929452036.0,0.0208,0xe3...dcba,https://bscscan.com/tx/0x12822bd38966c8a46a4553b1fe929139317b53c708bec01afcc5ac4322946fec
2023-03-27 07:48:50,True,2.322e-10,7.101e-13,4428641965.0,0.0314,0x94...feb2,https://bscscan.com/tx/0x0fcdb454fc9fb0bc7db011b92592558f684c20fce17dd3a0eabac9bb44844c40
2023-03-27 07:45:29,False,2.322e-10,7.065e-13,15327089114.0,0.1083,0x50...8040,https://bscscan.com/tx/0x7f0909c82a33b7b1f71e075656c79938be548cf432ac6a3b0991016066de7184
2023-03-27 07:41:47,True,2.338e-10,7.101e-13,14081787338.0,0.1,0x3f...eec8,https://bscscan.com/tx/0x384d80c8f36b0f6948bd5f1a73c9d448cca9d4caa998bab48f64035326668a82
2023-03-27 07:39:20,False,2.315e-10,7.065e-13,640323425.0,0.0045,0x81...63a0,https://bscscan.com/tx/0x1eae808af098860730cc1ae0f0f219ab9cea5a2462c1d535db5e7d59cd6eefde
2023-03-27 07:39:05,True,2.338e-10,7.101e-13,422454846.0,0.003,0x96...7cbf,https://bscscan.com/tx/0x65e9c76b7d03d4c202ff501afd9a5511ae1e83edd38c64806361dc9be80ae64b
2023-03-27 07:38:35,True,2.327e-10,7.101e-13,7914067036.0,0.0562,0x26...7ce2,https://bscscan.com/tx/0x727d9b68e53660f6cc0867390973e6f39a887d9535166783d4ccdb448103208c
2023-03-27 07:36:05,True,2.327e-10,7.101e-13,1536438648.0,0.0109,0x6a...8603,https://bscscan.com/tx/0x7bb71b477d8fb84f79c522e268b7e19e2f7f66ce6fbeca58d22d3d8b0c497b56
2023-03-27 07:35:59,True,2.327e-10,7.101e-13,100090287555.0,0.7107,0x69...7e33,https://bscscan.com/tx/0x16d3d032d211270cc89b7b14edda7f7764464a994a7d486a204116f7bd1dfdf5
2023-03-27 07:34:37,True,2.327e-10,7.1e-13,23580332427.0,0.1674,0x3f...eec8,https://bscscan.com/tx/0x2606f2f2ea58e377b9ce9e50287766e48de6a72a967816db6abf812e619e916a
2023-03-27 07:33:00,True,2.338e-10,7.1e-13,24027027481.0,0.1706,0x6c...3ccb,https://bscscan.com/tx/0x2e135fdf3206c4ab071b393cef6d9e0dc74465a58308691d74f645c0d492f538
2023-03-27 07:31:55,True,2.338e-10,7.1e-13,339869438.0,0.0024,0x5e...05ff,https://bscscan.com/tx/0x4f3207b80aaa2d42a9fbe29685077486b1600ac10c5a3aee1aa5a6c7c11acd24
2023-03-27 07:31:19,False,2.315e-10,7.065e-13,14400000000.0,0.1017,0xc5...392b,https://bscscan.com/tx/0x1fd6fb41a6218cbf7f126340c2accfcd5c008c658d88b33a4fca57d19f5e50c2
2023-03-27 07:30:17,True,2.327e-10,7.1e-13,3341900000.0,0.0237,0xe5...69a2,https://bscscan.com/tx/0xc38f7bb802c89ad0811ee765fe9e1dd1a24c0a24e104405f5baf8dd7863d5412
2023-03-27 07:26:59,False,2.326e-10,7.065e-13,3150000000.0,0.0222,0x4d...7194,https://bscscan.com/tx/0xfe8b6548ddca9eadd0931eaa072c21d668661a3734c56246c8e98bc423d8f7f5
2023-03-27 07:25:26,False,2.327e-10,7.065e-13,10476900000.0,0.074,0x29...d216,https://bscscan.com/tx/0x97c546b84ff89a1fa7599c506adbcb37c257b295942269758f8431ccfdbeec81
