datetime,buy_order,price_USD,price_native,amount_token,total_native,maker,etherscan_url
2023-03-19 21:04:08,True,2.639e-10,7.784e-13,3757273241.0,0.0292,0xc0...5d44,https://bscscan.com/tx/0x0adf2fa7189999d6cf48ddd9280800a0b987c97ddda3816c5c38343458651308
2023-03-19 21:01:32,True,2.637e-10,7.784e-13,39000000000.0,0.3035,0x35...1ad7,https://bscscan.com/tx/0x8668206ca9f9e724ed0246884e20b14b36af0dbd6a682eb51c117b976bfb10f6
2023-03-19 21:00:47,False,2.637e-10,7.745e-13,67500000000.0,0.5228,0x1c...3c2a,https://bscscan.com/tx/0x06495368363ed5550c05816a246702ec93f16931442fea49b57708e46213b218
2023-03-19 20:59:53,True,2.637e-10,7.784e-13,5679538295.0,0.0442,0xb0...1747,https://bscscan.com/tx/0x243577c9ed04045211d0ab2ed4632783c3463a28ff2f60041b47e1ad4749480b
2023-03-19 20:59:20,True,2.637e-10,7.784e-13,5966665775.0,0.0464,0xd7...ef14,https://bscscan.com/tx/0x51a8153ace668f2b2b6c1290e40286ff136ae37025dff44b8ff62d4a84a765a1
2023-03-19 20:58:32,False,2.623e-10,7.745e-13,43583699177.0,0.3375,0xc4...c84f,https://bscscan.com/tx/0xfcc87d1fd1c3893e32312684804032f25201f6d97e1d7708de0552d83d13c9b0
2023-03-19 20:57:44,True,2.649e-10,7.784e-13,24500000000.0,0.1907,0xde...68ff,https://bscscan.com/tx/0x6630986f0efd45214490ee63acfdd4854ed1f44918274be3280fd868bcf70cc7
2023-03-19 20:54:38,False,2.636e-10,7.745e-13,3751357178.0,0.029,0xf7...2fa4,https://bscscan.com/tx/0xa31c04c18111a850b965a5851e1eb7629313f97540fb3844a6b524ead4018690
2023-03-19 20:52:44,False,2.636e-10,7.745e-13,19638964051.0,0.1521,0x67...9d70,https://bscscan.com/tx/0x6218348f06545de82a8416defb796e10354fbdd5d06cf31f51c08404ae9272fb
2023-03-19 20:52:32,False,2.623e-10,7.745e-13,51568877721.0,0.3994,0x49...fcab,https://bscscan.com/tx/0xf467c68f90ad7a7cc55729aff4e546087c00f2e4e640c4c79f3ee0f1fd4d9f53
2023-03-19 20:51:50,False,2.634e-10,7.746e-13,1627412845.0,0.0126,0x44...6e9b,https://bscscan.com/tx/0xfdfbb69bc05a473c8a31ab68a03e3d4570d1fc52856f8171de8971d38ff7546f
2023-03-19 20:51:38,True,2.648e-10,7.784e-13,15350000000.0,0.1195,0xd3...4041,https://bscscan.com/tx/0x2b5cdb08bd3c9a30322d43b1785f42ba39a59bcd800281ae86c31ffe84927a99
2023-03-19 20:46:53,True,2.647e-10,7.784e-13,2529150494.0,0.0196,0xd9...5981,https://bscscan.com/tx/0x4c78246df76ee5e53878c66c7f10cd490fe40fe0b1dda78039423a34299628a2
2023-03-19 20:38:35,True,2.635e-10,7.784e-13,25831004695.0,0.201,0x9b...cecf,https://bscscan.com/tx/0xd102b887fb572b01f8b8d15ec697629972dd44a26ee9277e3811ae635c08bd9a
2023-03-19 20:38:14,True,2.649e-10,7.784e-13,8610403086.0,0.067,0x9b...cecf,https://bscscan.com/tx/0xaee09791b960a0b1e307e53039126d030ecc9081ea56032fc71bd05bbfe3c356
2023-03-19 20:37:32,False,2.627e-10,7.745e-13,8497320998.0,0.0658,0x47...fff8,https://bscscan.com/tx/0x2fae02738042f53ed1cb88e57a13d840fe10bc9b1883eb1469b3abc151e80806
2023-03-19 20:35:47,True,2.64e-10,7.784e-13,1657946978.0,0.0129,0x08...4f0e,https://bscscan.com/tx/0x9df73655057b0cb22c9bba7226a91e1412ccd79fb6e76e5d64225395b8328865
2023-03-19 20:35:20,False,2.64e-10,7.745e-13,8100000000.0,0.0627,0x15...94ae,https://bscscan.com/tx/0xc8841502798f5de6e8a2f004d0471030c5c41eb122aaefb0f053b58945c15287
2023-03-19 20:34:56,False,2.627e-10,7.746e-13,57210037469.0,0.4431,0xce...6c00,https://bscscan.com/tx/0xaa33b88c74c9370851f9e9fb021481936d0a9705baf0e8a3ce97b588c8f3d682
2023-03-19 20:34:14,True,2.64e-10,7.785e-13,8734736962.0,0.068,0x8f...8dd7,https://bscscan.com/tx/0x0fb3ee9d120ca055ad001bb260d8c905f6be82b1bd8fa8ea1b4aead5356af51f
2023-03-19 20:34:08,True,2.64e-10,7.784e-13,26134221031.0,0.2034,0x92...23d6,https://bscscan.com/tx/0x08e089dd54cd48b3f888849d3ef1e36be265bb9b1407b6336a53c5c00e2a4324
2023-03-19 20:34:02,False,2.627e-10,7.746e-13,18044786147.0,0.1397,0x7e...b26d,https://bscscan.com/tx/0xcf6c6512505c28c04cf70d06625c9ebda131f56750429285041378efe88d1ac5
2023-03-19 20:32:59,False,2.64e-10,7.746e-13,34233190195.0,0.2651,0xbd...3eed,https://bscscan.com/tx/0x2abb5f4ce76cad5bbe6c160de8ad81fb4447df6a8634c9931c5092cec460a5d3
2023-03-19 20:32:26,True,2.64e-10,7.785e-13,17822113820.0,0.1387,0x46...9261,https://bscscan.com/tx/0xb1569a12a91dea1fda5e7e0a3443baf5e4b6b2f7e2f0c6952dfc6d88dd9f0e3e
2023-03-19 20:31:08,True,2.653e-10,7.785e-13,5834176374.0,0.0454,0x38...9ff1,https://bscscan.com/tx/0x258b10d052505233fdbeb04479d56d717d3b6292d70ee549ac5dca01215d3f9a
2023-03-19 20:30:44,True,2.654e-10,7.784e-13,23577600000.0,0.1835,0xae...ee7e,https://bscscan.com/tx/0x50d403eaf2f3c0ab42acaeba3a18a07664c0f7755e6a8040d7266f825579c1d8
2023-03-19 20:29:35,False,2.644e-10,7.753e-13,4147491046765.0,32.1573,0x15...0013,https://bscscan.com/tx/0x20b0a25c6965e66a98955f90e63cab187af46673b520e89381b0c80ed6fbfbac
2023-03-19 20:28:38,False,2.634e-10,7.76e-13,29030751171.0,0.2253,0xe5...8b4b,https://bscscan.com/tx/0xf93dc92fd1444111f15721b15b45c48aa8b8b54a04b8eb7e0167cb2969fddd03
2023-03-19 20:28:32,True,2.647e-10,7.799e-13,2312410000.0,0.018,0xd2...27e8,https://bscscan.com/tx/0xf21afd0c42721b90604fba22d577412995ad9761da4d852553038511ee3b37b5
2023-03-19 20:27:11,True,2.661e-10,7.799e-13,10621867154.0,0.0828,0x84...e27e,https://bscscan.com/tx/0x8fc979163322137fd0d8287facdb5bf4267bc91de862e8fe7785c01238a5ce39
2023-03-19 20:27:05,True,2.661e-10,7.799e-13,2321011300.0,0.0181,0xbe...9db1,https://bscscan.com/tx/0x0857d0dd5fc0eed4cf14f8cd14c5054c3cb2dfa97be68ffedaf073b4af87d689
2023-03-19 20:26:35,True,2.648e-10,7.799e-13,500000000.0,0.0039,0x02...1353,https://bscscan.com/tx/0x7c621084bd928958544866135204c1bcfcf9006819f0afa3a11a0ee23a29b4f5
2023-03-19 20:25:44,False,2.635e-10,7.76e-13,11822104507.0,0.0917,0xae...62f4,https://bscscan.com/tx/0x6f325b1e3a2c153694d02cb4d1033c7a7d50ef746206f198b6983d0f0bfe940c
2023-03-19 20:22:05,True,2.662e-10,7.799e-13,5041283547.0,0.0393,0x51...f6a8,https://bscscan.com/tx/0x5d6b2dc8df55a90becf6915c952b97819270d1732fb990256c9114fe5359fb2e
2023-03-19 20:19:05,False,2.636e-10,7.76e-13,21675438825.0,0.1682,0xcf...fdf4,https://bscscan.com/tx/0x1a2eb3e6f3768c6f09faed6fb49cc2717e4cf8145503d362ddb6911ed48e7725
2023-03-19 20:18:56,True,2.649e-10,7.799e-13,5372767602.0,0.0419,0x94...2dc4,https://bscscan.com/tx/0xbbbdbb6168f5d36765016ec2c45cd99c8b050590c1b5a7e3105b6e3d88ba6da4
2023-03-19 20:18:32,True,2.65e-10,7.799e-13,7692431471.0,0.06,0xf5...4d86,https://bscscan.com/tx/0x5b518ef3b832760def42af8421479af3fe7de4154e189cab0164087ad0821bf1
2023-03-19 20:16:38,True,2.644e-10,7.799e-13,2059498353.0,0.016,0x0b...cebc,https://bscscan.com/tx/0x1f4ba5420ff582288e11f1788c1e71d6402fa51e78128fc58be7e11267bfbb21
2023-03-19 20:15:38,False,2.631e-10,7.76e-13,7667019937.0,0.0595,0xd5...299e,https://bscscan.com/tx/0xbacffed35ba886375f32a58ac296420ae35b90144ca71ee57396ea02d6ca82c9
2023-03-19 20:15:14,False,2.631e-10,7.761e-13,189193328825.0,1.46838,0x47...9616,https://bscscan.com/tx/0x0090a4f267ee9f8f7754b7cdcdcf0868842eb86cd02dabd24712434101459c4b
2023-03-19 20:14:53,False,2.631e-10,7.761e-13,171000000000.0,1.32729,0xe8...3747,https://bscscan.com/tx/0x9e6af60a2a0ebd5fb0135d59f6c61ae4fcdce360bb40e24a4e55ecaaab573cf0
2023-03-19 20:13:05,False,2.645e-10,7.762e-13,1434132733.0,0.0111,0x72...ead2,https://bscscan.com/tx/0x5f56d0e5080cc9fa680a3e91c8184551b653eb49c3f5a093ca095da23e10260e
2023-03-19 20:12:32,False,2.644e-10,7.762e-13,10539740749.0,0.0818,0x52...f64d,https://bscscan.com/tx/0xe7b4adf9484d0c5098aaf2daaa0edc701c4097ec55f02d4e72188b3b44f57cf0
2023-03-19 20:11:44,True,2.657e-10,7.801e-13,13012025575.0,0.1015,0x52...f64d,https://bscscan.com/tx/0x599348a31952827ebe8285fd1000f159036cb42ecaf382ee17f48db654267688
2023-03-19 20:11:26,False,2.631e-10,7.762e-13,14254860096.0,0.1106,0x52...f64d,https://bscscan.com/tx/0x54dd571082bb74861158e91e5d43e4a9b397a4d9a4f11ce44decb2be119de0bb
2023-03-19 20:09:19,False,2.643e-10,7.762e-13,246779812048.0,1.91568,0xdf...43fe,https://bscscan.com/tx/0x8fc3157b8b35a386e20207197b483e47925ee4bbe5c594bca2e7e83c2675ee3e
2023-03-19 20:09:15,False,2.644e-10,7.763e-13,4218352997.0,0.0327,0xc4...43d4,https://bscscan.com/tx/0x3da452a915312dcbeea03483b6c91f8b1496188b04b94a90f01dcc020581db9c
2023-03-19 20:06:20,False,2.628e-10,7.763e-13,16644727116.0,0.1292,0xcd...d663,https://bscscan.com/tx/0x9a75a16e86e08308746568177f6ef5d67be495b076351dda04275a3226c85bcf
2023-03-19 20:05:04,False,2.627e-10,7.763e-13,10892754101.0,0.0845,0x1d...ff48,https://bscscan.com/tx/0x1710fd0afc091e6dec875e98df1265e222b99e0016cffc6a03b279d98f7588d4
2023-03-19 20:04:18,True,2.639e-10,7.8e-13,713422587607.0,5.56536,0xf5...ac7b,https://bscscan.com/tx/0x6e181482456f4fff515224c2ab15da24d80ef9c3c5d16f599ae637b26c209ea6
2023-03-19 20:03:03,True,2.637e-10,7.799e-13,73944229394.0,0.5767,0x1e...aa89,https://bscscan.com/tx/0x3b86fa6c6e201b7368995f10dc6bf26bfe03ce9db66a25dc931950b4218fa4c5
2023-03-19 19:58:49,False,2.634e-10,7.76e-13,3670893002.0,0.0284,0x37...1aef,https://bscscan.com/tx/0x87120dbdbdc1aeb4a8f98007447d4971664d570cfa1024ff2aca327d14c6d475
2023-03-19 19:57:46,True,2.647e-10,7.799e-13,188841883089.0,1.47279,0x26...27db,https://bscscan.com/tx/0xe6c8a7df5b91190f7f19557d8668c764432b4adf3f9eccc77045f0cd9ce00b85
2023-03-19 19:57:43,True,2.647e-10,7.798e-13,4113841761.0,0.032,0xee...2d5e,https://bscscan.com/tx/0x3daec727c700788f23cd0000eb7d037dabac08eda5a9e7203c7967d2f4511b8f
2023-03-19 19:55:00,False,2.635e-10,7.759e-13,7349841483.0,0.057,0x49...cfff,https://bscscan.com/tx/0xa284e6c9ce2c844b6fe27849b6c7003ac3f398a00efc908f3636be54f8bbbfac
2023-03-19 19:54:09,True,2.636e-10,7.798e-13,74921708436.0,0.5842,0xb5...7889,https://bscscan.com/tx/0x43b4fbbe25ad0a08a7b29a5416f97613a42c5fa53c5aa7dcc0b84f32a64eba34
2023-03-19 19:53:42,True,2.636e-10,7.798e-13,8976143341.0,0.07,0x5b...2f2c,https://bscscan.com/tx/0x7fb90260762d3a7bdd250d0be535a3ef1a29a42b8ac3b1d8734448ea870bdcb8
2023-03-19 19:53:39,True,2.636e-10,7.798e-13,10148158192.0,0.0791,0xb2...3c6f,https://bscscan.com/tx/0xa2752d067eec8b9662a905cdb80064e833082b72f4130e97527a1dca73ea87a6
2023-03-19 19:53:09,True,2.634e-10,7.798e-13,3044830001.0,0.0237,0x2a...00a6,https://bscscan.com/tx/0x0bdf37ed3c587c35aaf549faf01a7ec078afa9aea8ac5fb9f304ce8282cbf289
2023-03-19 19:53:06,False,2.636e-10,7.759e-13,3789471646.0,0.0294,0xda...f5e2,https://bscscan.com/tx/0x35945cbdfae9fb84250d47e06161e7b3b49b700c61fc4343f8e3b10cd1d6b908
2023-03-19 19:53:03,False,2.636e-10,7.759e-13,7615148889.0,0.059,0xd4...b66d,https://bscscan.com/tx/0xebe3f1790c57ec896a015850e896c3dbb7caf576f60fb234a2ddfb0242d93c62
2023-03-19 19:52:00,True,2.635e-10,7.798e-13,10196075818.0,0.0795,0xa5...5153,https://bscscan.com/tx/0x42d09aa40bddfdce765684bfb4da9b17aaea98feb9787bf3a22ed43175074f38
2023-03-19 19:50:30,True,2.648e-10,7.798e-13,29635620543.0,0.2311,0x63...01a8,https://bscscan.com/tx/0x00bca458662ff2cb416efd7079928df260e6d53a49f1b16261fda53dad347995
2023-03-19 19:49:06,False,2.635e-10,7.759e-13,23188140000.0,0.1799,0x97...7ae8,https://bscscan.com/tx/0x3d84a10b37fd65a8d43abb7321288cd96642e3d70be62b1d6892345c487ae31e
2023-03-19 19:48:45,False,2.621e-10,7.759e-13,8846118300.0,0.0686,0xbd...7cc4,https://bscscan.com/tx/0xa0e36729e9a84776ff7751548b740d4e05df9b60e59af544e40280a6d8009929
2023-03-19 19:48:15,False,2.634e-10,7.759e-13,3613395886.0,0.028,0xbb...f978,https://bscscan.com/tx/0x8e2ae98f9757049daf3266b4edd340ce380b62f289cc53cc398ef853ea965417
2023-03-19 19:47:30,True,2.647e-10,7.798e-13,1368612480.0,0.0106,0xfb...bab7,https://bscscan.com/tx/0x988716bdfd0f4d0a9203f45df6973f96308907dc4e5ed424d010b582029a3410
2023-03-19 19:45:48,True,2.634e-10,7.798e-13,3846943143.0,0.03,0xd1...01ef,https://bscscan.com/tx/0xa3beed3f9e32a4dc1573d9e3802532e2df034c3498dbedc973327c62d818cf6c
2023-03-19 19:43:33,False,2.633e-10,7.759e-13,36000000000.0,0.2793,0xea...08a7,https://bscscan.com/tx/0x04e6075b7e2fcbfb139ff15414bbedcae585b0d1891d14cc7aecfdc211461b0a
2023-03-19 19:43:30,False,2.633e-10,7.76e-13,405665851055.0,3.14809,0x16...014d,https://bscscan.com/tx/0xd8d4cb1e802101cc6b937305f4fd85bd4fb7b7f25f372df0bc300ff9840dadb5
2023-03-19 19:41:30,True,2.643e-10,7.799e-13,6132474785.0,0.0478,0x15...4042,https://bscscan.com/tx/0x3f8cdccead316f21a9f0dce4c459f12317841801d7f0e689102c10d37d2cf5c0
2023-03-19 19:40:27,True,2.644e-10,7.799e-13,23516942554.0,0.1834,0x57...7f88,https://bscscan.com/tx/0xe7d9d9be5cb582388f1ad01bc0a7924560d5373c9bbe4f90d41a46f4ae1e050e
2023-03-19 19:38:27,False,2.617e-10,7.761e-13,108914801872.0,0.8453,0x6d...6408,https://bscscan.com/tx/0xe1ee6afe2d26490112850e4da6b86c1cf737a00bff22bedd8f01db6a821964d5
2023-03-19 19:38:06,True,2.631e-10,7.8e-13,4000000000.0,0.0312,0xa0...c7b6,https://bscscan.com/tx/0x0ef19995094c4ca9e5598725cb8ac5630c41f4d55b996e5662649d815d9e7d40
2023-03-19 19:37:33,True,2.643e-10,7.8e-13,3143000000.0,0.0245,0x5f...d093,https://bscscan.com/tx/0xe6abea717076fea51bfe1bee152d925919e4b2229269f59ee9ee8a8a169b3f1f
2023-03-19 19:37:21,False,2.63e-10,7.761e-13,57987162455.0,0.45,0x17...f92a,https://bscscan.com/tx/0x29f2b1e9756dab91a38ea954ae532eaf537747be0f8ebdceed982473dfdbddce
2023-03-19 19:37:18,False,2.63e-10,7.762e-13,304067195544.0,2.36018,0xc2...6880,https://bscscan.com/tx/0x2efdca5f24e806690e3e79f5b616a0fead2fabe92c7f50c0e438c21dd22210c4
2023-03-19 19:37:00,False,2.63e-10,7.762e-13,18286776693.0,0.1419,0x02...944c,https://bscscan.com/tx/0xd2db344bf117bce92e730e53918d67b6ef8df3abb63adde9a0a84c7053ed2ed8
2023-03-19 19:34:03,True,2.629e-10,7.801e-13,8354416398.0,0.0651,0x7f...d6fa,https://bscscan.com/tx/0x9e0d887babe8ee022b97df2c741cc03559c7a56f76bfb7092a8aa7cdbadc9d73
2023-03-19 19:29:45,True,2.641e-10,7.801e-13,6500000000.0,0.0507,0x0f...858c,https://bscscan.com/tx/0x85f6735013982e2149b22fc6e8be1d554ff16ea1ab1f734d7701b1f09c6ce0c6
2023-03-19 19:27:02,True,2.64e-10,7.801e-13,10000000.0,7.801e-06,0xd1...c276,https://bscscan.com/tx/0x09a5300e667e64565ae52758ef186c0146ce3639b4e4fbc28e377e44b7e06790
2023-03-19 19:26:50,False,2.612e-10,7.762e-13,29786528798.0,0.2312,0x63...f370,https://bscscan.com/tx/0xa924c97b6d638da73ba7c34a6b509616fbef556964c0ee1746b08259580bfa55
2023-03-19 19:26:38,False,2.624e-10,7.762e-13,6686750460.0,0.0519,0xf9...44ab,https://bscscan.com/tx/0xd150b742dd8fc5e1cb18c9b711918bde9a33eaf72eb647d30609f4554a8eb547
2023-03-19 19:22:05,False,2.626e-10,7.762e-13,4500000000.0,0.0349,0x02...3b24,https://bscscan.com/tx/0x36b193c61c295bc80d6f77bec536ffcbef4b5fe223f1bfb17c20b8898fd79543
2023-03-19 19:21:47,True,2.626e-10,7.801e-13,7000000000.0,0.0546,0xa0...c7b6,https://bscscan.com/tx/0x2b3640e4edd654b81cb9a09fa18a15131bcf336b293ee10f94f437eddc081800
2023-03-19 19:21:28,True,2.639e-10,7.801e-13,812795234.0,0.0063,0x2e...b789,https://bscscan.com/tx/0xadfbe7f6d05211ac9dd5d64f2aa99c534674c7f6dba4e5c02c50811c4f868162
2023-03-19 19:20:46,True,2.626e-10,7.801e-13,2569662591.0,0.02,0xf7...7ac9,https://bscscan.com/tx/0x7bcf44870ae8b8e6b063dd932dfa644a6c6faddcf4ddba61e0f85cd5099fccac
2023-03-19 19:20:16,True,2.626e-10,7.801e-13,3093702401.0,0.0241,0x64...258c,https://bscscan.com/tx/0x4ffb302d878f04b51ac250758f1ab728fc8a08d1a74957b2457ba76b656db146
2023-03-19 19:19:26,True,2.64e-10,7.801e-13,2307207912.0,0.018,0x43...1f1b,https://bscscan.com/tx/0xe7ac483dc4da08727ae8ae6168f486214c2bc5277fc51bc94819880e1ad98fee
2023-03-19 19:19:23,True,2.64e-10,7.801e-13,1180000000.0,0.0092,0x10...4b4b,https://bscscan.com/tx/0xb9f6fca775711b2e660a86c4db9c86069623672b2984fd0e7fc15ec21c234fc3
2023-03-19 19:18:37,True,2.627e-10,7.801e-13,2563568616.0,0.02,0x5f...d772,https://bscscan.com/tx/0xe77bf92b87efd3d0ffd57729eba23ec53b7f0584640274b1d2d1b1c88fe8d4e1
2023-03-19 19:18:28,True,2.64e-10,7.801e-13,846501038.0,0.0066,0x51...7d75,https://bscscan.com/tx/0xa7423063e55a111c03841ab83c7ded38869a75ac2b50191712e81c8aa89f421b
2023-03-19 19:17:35,True,2.627e-10,7.801e-13,6000000000.0,0.0468,0x6b...f437,https://bscscan.com/tx/0xc33c52c922582dedcb87df446eab3e204be11b0f661b0de5575981aa5e106c47
2023-03-19 19:16:38,False,2.629e-10,7.762e-13,1211962485.0,0.0094,0x37...5db6,https://bscscan.com/tx/0x9352d49eec625c078dd615f105efdd8e8c43a9d968ef32fc411cbb5fede7cac3
2023-03-19 19:15:27,True,2.641e-10,7.801e-13,384536552.0,0.003,0xfb...8fe5,https://bscscan.com/tx/0x1d96480c9e4fe46578c89627f3ddd393f5b32fc7f22ea11b589855553ae0491e
2023-03-19 19:14:49,False,2.628e-10,7.762e-13,36942863139.0,0.2867,0xfe...db59,https://bscscan.com/tx/0x1f11837d78e42ea9e88a0d32de4496b01b61c6ab4b168d690826049979ad056b
2023-03-19 19:14:05,True,2.641e-10,7.801e-13,50000000.0,3.9e-05,0xd1...c276,https://bscscan.com/tx/0x6127007a4db23f2bb3b87f2f04b169956b26c57de44878aa76056b3069f561ae
2023-03-19 19:12:22,True,2.628e-10,7.801e-13,1876777624.0,0.0146,0x37...6f14,https://bscscan.com/tx/0x3b94907865613bc12afe5264bfb020a7d1656dd29a5b7f411b39bf1246c73c36
2023-03-19 19:10:43,True,2.627e-10,7.801e-13,8539007747.0,0.0666,0x6b...f437,https://bscscan.com/tx/0x891a83e8e928b0dabde0b8652bd20c10ff5f20ef91ee6b4e597b086d86d920a4
2023-03-19 19:09:47,True,2.627e-10,7.801e-13,3204434970.0,0.025,0xba...953f,https://bscscan.com/tx/0x661a4b6a6bcc26c48cd3f5d18ea9b4bb17dc2e8dacfee4fc47a9aadbe13a9c31
2023-03-19 19:09:24,True,2.627e-10,7.801e-13,47426191222.0,0.37,0x5f...d772,https://bscscan.com/tx/0xf13e3770de782e3590da41aac807400c44a98db930ec4ed131d64144d459125c
2023-03-19 19:08:22,True,2.64e-10,7.801e-13,2936904767.0,0.0229,0xf6...e907,https://bscscan.com/tx/0x620aa46dbbef0addee4be2ac7cfb48b8089a521399efc5cb0e533186471aaef4
2023-03-19 19:07:22,False,2.614e-10,7.762e-13,50893845205.0,0.395,0x4f...6ca4,https://bscscan.com/tx/0xa33f0fe3c2421f4ab98d46368e708f16d76f42e3bdfa1723778a0e8a3c50dc9b
2023-03-19 19:07:22,True,2.627e-10,7.801e-13,8453112873.0,0.0659,0xc5...b960,https://bscscan.com/tx/0x8639934837efbb69ff9b9c3bf9bce9324f46b3f3dad98a891a8afbda7a9fe177
2023-03-19 19:07:06,True,2.627e-10,7.801e-13,120918298001.0,0.9433,0x90...e188,https://bscscan.com/tx/0x0f8917af022fed60be97a9015982d8d4828a3629ec61bdd4b7364b5ce6693377
2023-03-19 19:05:30,True,2.64e-10,7.801e-13,5046330000.0,0.0393,0xf8...77d7,https://bscscan.com/tx/0xc323c879f5301a976382868ab86c0b42a87719cbe82342b95a3b7adc443cdf12
2023-03-19 19:05:15,False,2.627e-10,7.762e-13,31629730599.0,0.2455,0x60...b8fa,https://bscscan.com/tx/0x4898661527b46dfa1ba8a6fbe74497bb79394f0cceaa81fc890ede098d367876
2023-03-19 19:04:30,False,2.627e-10,7.762e-13,31629730599.0,0.2455,0x60...b8fa,https://bscscan.com/tx/0x512b0e1bec25108301b6678ab6c16c1522a54a92aea093b395e23e62f8b6ac81
2023-03-19 19:03:54,False,2.613e-10,7.762e-13,4104000000.0,0.0318,0x64...1cd9,https://bscscan.com/tx/0x705c6268adf2758b4a834e92e911b8b9aa091ecae3b86346082fec875b7b210a
2023-03-19 19:03:09,False,2.612e-10,7.762e-13,21662622532.0,0.1681,0x57...7dca,https://bscscan.com/tx/0xdde8f55f7806e17e2e7a808fa8deb9e73ede046c0d6c3694663ce47783a7c044
2023-03-19 19:02:21,False,2.625e-10,7.762e-13,9819353482.0,0.0762,0xfb...4ded,https://bscscan.com/tx/0xc134b2e59ae2c050ef58baa49aacc8600c5211dd94eb01085398f84768ac11df
2023-03-19 19:01:06,True,2.638e-10,7.801e-13,1800000000.0,0.014,0x5c...44ac,https://bscscan.com/tx/0x2ba3643c821b7afc631a4594dd225c089488c0afbe303febb2e92d809e69007f
2023-03-19 18:56:21,True,2.642e-10,7.801e-13,3845394132.0,0.03,0x0a...b929,https://bscscan.com/tx/0xd40a2f25f061867d5133c10aee4501716d4357f73e9b723dfeaf16eca1f8339d
2023-03-19 18:55:30,False,2.631e-10,7.762e-13,10251923345.0,0.0795,0x1f...0f8a,https://bscscan.com/tx/0x849487cccaa7d4868467641e6ab98e20582facb4d6465aaad873a17e1b7868ce
2023-03-19 18:49:27,True,2.634e-10,7.801e-13,1512516432.0,0.0118,0x98...4466,https://bscscan.com/tx/0x0be14c36a2e978660b5b6d4844aa7902d1c706d3647e03b7562bf8ae87c3530b
2023-03-19 18:49:24,False,2.621e-10,7.762e-13,14400000000.0,0.1117,0xce...1637,https://bscscan.com/tx/0xfac608331f07b204f6ec4392f64a1b554e6d7db4cd42a03b39dffeac66d06a5c
2023-03-19 18:48:54,True,2.634e-10,7.801e-13,512714281.0,0.004,0xb0...5af8,https://bscscan.com/tx/0xbb970b653c1b8aa6d7a57a5c908b13f238c4b712e5624eec7232f1b71f3576fa
2023-03-19 18:47:30,False,2.632e-10,7.762e-13,11494477328.0,0.0892,0xd2...ae2f,https://bscscan.com/tx/0xf49eb945cc6efdb321e45f87abdae275f6a76ed648add4d22f8585bcc3ca8f62
2023-03-19 18:45:24,True,2.628e-10,7.801e-13,17966602669.0,0.1401,0x6d...6408,https://bscscan.com/tx/0xf7baa75f52db91badfe967f32729d0d80253e50a9140816ad21f725177156940
2023-03-19 18:44:48,True,2.641e-10,7.801e-13,1922685391.0,0.015,0xf6...4a35,https://bscscan.com/tx/0xc733184a330e74c25a0d88f52c8ad0f2d3521aff8a99ea605a1f17c2365e4d74
2023-03-19 18:44:24,True,2.628e-10,7.801e-13,2563583171.0,0.02,0x4d...3661,https://bscscan.com/tx/0x1016da900bf1b4702065ffe1b0c504b73c862a27095a0e2b894bd84ebadfa364
2023-03-19 18:44:12,True,2.627e-10,7.801e-13,37748734742.0,0.2945,0x01...1085,https://bscscan.com/tx/0xa7f15219a75a830bb59167dbbeee62d3c28b0bedd9f6e9098cd363b173c45bf0
2023-03-19 18:40:29,False,2.611e-10,7.762e-13,1582095825.0,0.0122,0x91...e941,https://bscscan.com/tx/0x62f62dbe40a33379b6a7f4993302592108a7a7c929dc8702f9fdd3f345fca1ab
2023-03-19 18:37:44,True,2.638e-10,7.801e-13,92998497371.0,0.7255,0x1c...05b0,https://bscscan.com/tx/0x33f64b7dff66b05eceaeddefde41d81f624afad437a0c838f9b2be1f0e351f41
2023-03-19 18:37:41,False,2.624e-10,7.762e-13,4134859483.0,0.0321,0xb1...de5c,https://bscscan.com/tx/0xbfe7c026551dd2ab310e00af633de5aae951bc48f7d446aeae748c3a54ab2168
2023-03-19 18:36:47,True,2.637e-10,7.801e-13,9621574913.0,0.075,0x41...c0b0,https://bscscan.com/tx/0xd2ba5ffde37ada43db5e3c31decd5842de893ca98e9c9f85ed23804e70fadf3c
2023-03-19 18:36:47,False,2.624e-10,7.762e-13,7319603575.0,0.0568,0xa0...1560,https://bscscan.com/tx/0xf56b608d8e763f3d052a139d6da61e550d5b391b9854946a6419de790b936344
2023-03-19 18:34:09,False,2.623e-10,7.762e-13,292642304786.0,2.27169,0x8b...200d,https://bscscan.com/tx/0x6c3d20fb7876e3a3947e933fd68a947098528fe241c2ff7e1c9c63849c1ff9bd
2023-03-19 18:30:35,False,2.613e-10,7.763e-13,6952841100.0,0.0539,0xc7...83c2,https://bscscan.com/tx/0x71a926178841b3753edc7698e30b9b92c6032334f366875bcc4d77d12d70b7ea
2023-03-19 18:29:52,True,2.639e-10,7.802e-13,3402072742.0,0.0265,0xbb...e1a9,https://bscscan.com/tx/0x45f4fd69fbb694a28bc2f7bf0daefbee7e44cf4f515a31485bfa64ecb0cd3522
2023-03-19 18:27:27,True,2.627e-10,7.802e-13,1218168626.0,0.0095,0x63...bd20,https://bscscan.com/tx/0x2453af4bb9ec034a1c3b651eb6a6a3b05fbddbac73a77ae139ba0953842a928f
2023-03-19 18:26:54,False,2.627e-10,7.763e-13,32783204303.0,0.2545,0x0a...475f,https://bscscan.com/tx/0xca20690eef1de2d278e2c47571f11eb535fcf7481a53563a42bb21092b66a3c7
2023-03-19 18:24:16,True,2.631e-10,7.802e-13,1110000000.0,0.0086,0xfa...dad7,https://bscscan.com/tx/0x99dfdba971d65b76ffbc7ec2d35df9eec7383a0183b579836e3a377397ad97d8
2023-03-19 18:23:40,True,2.644e-10,7.802e-13,41013993261.0,0.32,0x0c...90a1,https://bscscan.com/tx/0x55b297303497489f88cc253fc9221b7d1aaa31e234b4e6b0013af9107a52894b
2023-03-19 18:23:16,False,2.631e-10,7.763e-13,5703944599.0,0.0442,0x07...bfd8,https://bscscan.com/tx/0x43ecb97bd2eec392a0dd747beb7f9d6484741e940ed6b1faf833eed4eed8674e
2023-03-19 18:19:43,True,2.632e-10,7.802e-13,2703959488.0,0.0211,0x13...a761,https://bscscan.com/tx/0x51ceba9f9e66a8648c96b69f14d2e13a46e0f8090ff7e2a2a42c8c0c955e4db3
2023-03-19 18:17:31,True,2.632e-10,7.802e-13,51267905.0,4e-05,0x3b...7262,https://bscscan.com/tx/0x3554d08744251628b280edd3093ce768c1ce399fd9553f15aa6bf1eefb9e9010
2023-03-19 18:16:40,False,2.632e-10,7.763e-13,3371584971.0,0.0261,0x82...2685,https://bscscan.com/tx/0xcea07154630866d8669b25e5f1ddfb806e25f51cdeab8f010926a630243bfe2b
2023-03-19 18:16:37,True,2.645e-10,7.802e-13,23630347488.0,0.1843,0xf7...3d03,https://bscscan.com/tx/0x19dbd4bb9f31a57da3abf23b742121ac390212cfcb0aa55c25ac14eb9eb15296
2023-03-19 18:15:58,False,2.632e-10,7.763e-13,5217113934.0,0.0405,0xed...8856,https://bscscan.com/tx/0x759cbd0123bc8e4bb43cd8635dbef2b69555b56a9275db17c351634425f7ee24
2023-03-19 18:15:46,False,2.619e-10,7.763e-13,11083346644.0,0.086,0x77...10d9,https://bscscan.com/tx/0x5e2f2defbc1444542eda17b98d85c9fa48c2446de3b2d5eeb7f2e63167af0d53
2023-03-19 18:15:25,True,2.645e-10,7.801e-13,116192367379.0,0.9065,0xf6...7748,https://bscscan.com/tx/0x1054dd90b56bcd408357e3e8ac3b86c3be90413d701cc00108993ddacfab6cd8
2023-03-19 18:10:37,False,2.632e-10,7.762e-13,112228238320.0,0.8712,0xf7...cc19,https://bscscan.com/tx/0xa46333b646577fd63cdef36d3af2e35a8e998133aec835002206ef9a77a46d8f
2023-03-19 18:09:13,True,2.645e-10,7.802e-13,6052055234.0,0.0472,0x86...3fee,https://bscscan.com/tx/0x7d165992dfe8bd80912bde04e2c299b1eb26630e2eed91d9acfe498ca4ad53ab
2023-03-19 18:08:13,False,2.628e-10,7.763e-13,8959445476.0,0.0695,0x47...ee34,https://bscscan.com/tx/0x44d3711059ab5c345ef44f77cb7524b734b4c737c210eb9af92bd1c68340f402
2023-03-19 18:07:58,True,2.641e-10,7.802e-13,384510280.0,0.003,0x65...f0bd,https://bscscan.com/tx/0xc77ef43fd35b1300b2c3a1f30ebaa4e43cfcbdac49fa6f2a317997f1a1d5ade8
2023-03-19 18:07:28,False,2.628e-10,7.763e-13,32592330361.0,0.253,0xb4...39c0,https://bscscan.com/tx/0xbfff11824c242fbb767de0e20e407415ca6812e89085aff3c10a5a9a4b10cb96
2023-03-19 18:05:46,True,2.64e-10,7.802e-13,14098546193.0,0.11,0x3d...1d3a,https://bscscan.com/tx/0xe43f4976fd2af246c978fe95c982a80ff9a1fba03e157f9552bffe5c9fb4ea73
2023-03-19 18:03:55,True,2.64e-10,7.802e-13,5000000000.0,0.039,0x47...2096,https://bscscan.com/tx/0x1394b42c502146ff14fbb725edd628906871df74916b79fe21cd5457df7e8308
2023-03-19 18:03:16,False,2.615e-10,7.763e-13,34438667095.0,0.2673,0x8f...429e,https://bscscan.com/tx/0x68c592cf7352382dc46758572d6fab354f234cdefd07bf2bae68bc6509b69278
2023-03-19 18:03:01,True,2.641e-10,7.802e-13,3845021941.0,0.03,0x7d...911f,https://bscscan.com/tx/0xc4026efe4bbcee8796c6ede1900eb250863f8582246e5912cdc9d662eb0972d1
2023-03-19 18:01:31,False,2.623e-10,7.763e-13,9591185208.0,0.0744,0x93...cc0a,https://bscscan.com/tx/0xef362f1e89c0849b0ba8ed3cbdc62c0d5fabbadcc32b7671fa412b054c220709
2023-03-19 18:01:01,False,2.63e-10,7.763e-13,43200935775.0,0.3353,0x9d...cab4,https://bscscan.com/tx/0x93281060e210ca6dd46c40be2578ac1b65545c60c7d542536a81ec26ee66826d
2023-03-19 17:59:07,True,2.657e-10,7.802e-13,17947630.0,1.4e-05,0xf2...f963,https://bscscan.com/tx/0x3a0657d9e4bcd5b61e15cd05e74544967403e85dcad52edd0e42f1e49f2ea047
2023-03-19 17:59:07,True,2.657e-10,7.802e-13,5715184944.0,0.0445,0xc5...efca,https://bscscan.com/tx/0x7334a360949632d24daf0cdc1cf180609d3c5e22aa6c8640ef76eb69d5e8941d
2023-03-19 17:57:55,False,2.63e-10,7.763e-13,6534180751.0,0.0507,0xa5...50c1,https://bscscan.com/tx/0x4ec6ddabbc582c6e5f965962ed9d2e85e9413ac8da04cd1a560f992ffe8456c1
2023-03-19 17:55:19,True,2.64e-10,7.802e-13,26056427236.0,0.2033,0x5d...1387,https://bscscan.com/tx/0xd80d0ce5fbaff1019ca90255dae990b573c4c88807924d9a0141880cb7ba402c
2023-03-19 17:48:55,False,2.639e-10,7.763e-13,15300000000.0,0.1187,0x8b...d2e2,https://bscscan.com/tx/0x1c198d72180e8af0f5b4309d86172e5ce7bcf6b202092b70f9143727327a509b
2023-03-19 17:48:01,False,2.638e-10,7.763e-13,7049450757.0,0.0547,0x94...d977,https://bscscan.com/tx/0x9e989a326ecbe7fceefcb66a05fb09c43db738bf5d81858f15a5b75065cf1375
2023-03-19 17:46:55,True,2.652e-10,7.802e-13,5781086316.0,0.0451,0xbe...4edb,https://bscscan.com/tx/0xe163afcda03737ac6d42cebce74d1e7aa65ee4f1b236d1d0055b2e7b3b74d33e
2023-03-19 17:46:34,False,2.638e-10,7.763e-13,23841338174.0,0.185,0xca...90c3,https://bscscan.com/tx/0x3956e99c95665f7b3c20c057b41e3fe26960a2321b66ec798f31b5406b8d37e0
2023-03-19 17:45:52,False,2.642e-10,7.763e-13,985274992.0,0.0076,0x50...0632,https://bscscan.com/tx/0xbc52f0097e3429d5a7e44524b360bb7eddfc89d0a84aacbdcc50e890eca69461
2023-03-19 17:45:49,False,2.642e-10,7.763e-13,44048612673.0,0.3419,0x30...8189,https://bscscan.com/tx/0x7e07465c0738d69ff94a0c34d878e0c38ffda693c9d5be40fcf01d7313fe33ab
2023-03-19 17:42:07,False,2.624e-10,7.763e-13,23216443296.0,0.1802,0x7e...1b56,https://bscscan.com/tx/0xef19adf25d40f01dcce385ef81f2efda337d5bac774909371e26b3c548a894bf
2023-03-19 17:41:49,True,2.649e-10,7.802e-13,243516717557.0,1.9,0x04...8af0,https://bscscan.com/tx/0x9360bebfb01190d87a9d16542ee73987bacab1f111e1936d1f82a57b4aaa9cb2
2023-03-19 17:40:46,True,2.647e-10,7.801e-13,201694127347.0,1.57352,0xc7...fc4d,https://bscscan.com/tx/0xbc08229df74943a15190f5fab53b27a3f430069e2121acf49b5ac7edb47e2f2b
2023-03-19 17:37:22,False,2.625e-10,7.762e-13,38292739104.0,0.2972,0x9b...a43c,https://bscscan.com/tx/0x03028b552c5bdcc350980dcc8283e517ec8143fc094673d989c1ef7f9e58c1b9
2023-03-19 17:37:07,False,2.624e-10,7.762e-13,15750000000.0,0.1222,0x8b...d2e2,https://bscscan.com/tx/0x3edf2d9b2f4bf6d27e9155059bd90f4ed1078c4f8daf355c59c084d809af6061
2023-03-19 17:36:31,False,2.608e-10,7.762e-13,6520193916.0,0.0506,0x4b...1c74,https://bscscan.com/tx/0x525535663a4a519df76f05e01730a19a9eeba6e73106ef6901249cbd56df46a7
2023-03-19 17:35:49,False,2.623e-10,7.762e-13,112308795746.0,0.8718,0x17...95e7,https://bscscan.com/tx/0xb707563f7fde07829d3ca284e414dddfe6058ae33e9c57db6d1ee05c3c7894b1
2023-03-19 17:33:31,True,2.628e-10,7.8e-13,542521388941.0,4.23211,0x5d...1387,https://bscscan.com/tx/0x5f154a2327980fd4905b70f5eab5ecd668a71bea492261168eb2439e78901580
2023-03-19 17:33:28,False,2.615e-10,7.76e-13,5338546128.0,0.0414,0x7e...0bc0,https://bscscan.com/tx/0xa66f2c694c4e07e475fbad86165018f8dd2ef02d639493c5297e6e94469f0bab
2023-03-19 17:29:07,False,2.624e-10,7.76e-13,27810417844.0,0.2158,0xd1...e238,https://bscscan.com/tx/0x3ccd3070088cfe7590586f2b9433c0c15da93bcd07a2765f4c5e26002646fa1f
2023-03-19 17:29:07,True,2.637e-10,7.799e-13,5000000000.0,0.039,0x41...2047,https://bscscan.com/tx/0xef1af70b7371916e77c8126fb322a229611d8f2a507fc07971da1d20c86696cc
2023-03-19 17:27:52,True,2.637e-10,7.799e-13,23000000000.0,0.1794,0xc8...b880,https://bscscan.com/tx/0xa492084273ed9a46798451dfc8bfe10b1af95c56c168f78647132a92cd39178e
2023-03-19 17:27:10,False,2.613e-10,7.761e-13,82985927978.0,0.644,0x16...aeb2,https://bscscan.com/tx/0x0b39e952f506959e82f6e614a702dfd315ef0bc4c67dbd8ca3fcf65d658bcb31
2023-03-19 17:26:40,True,2.627e-10,7.8e-13,284612340.0,0.0022,0x55...4823,https://bscscan.com/tx/0x07b2259d6854641f9c21624b8e309a26651a138b1f5a5858e02e89aee9fb0c4a
2023-03-19 17:26:04,True,2.64e-10,7.8e-13,802836596.0,0.0062,0x15...4042,https://bscscan.com/tx/0x233955fc1c640365006b474e68e0e5db974bac98587b49160acf0670c8f9ea63
2023-03-19 17:25:31,False,2.614e-10,7.761e-13,7146484280.0,0.0554,0xb6...64e3,https://bscscan.com/tx/0xaffe7520e4bdbc073a21f70b3a172886a5809789f101eab3d06eed2d8a87379b
2023-03-19 17:24:04,True,2.628e-10,7.8e-13,14883444024.0,0.116,0xde...d93f,https://bscscan.com/tx/0x81eb3475263bf14d9ae14ef726d8d01f2c7ca67f7aa9c4762624da4e13975529
2023-03-19 17:24:04,False,2.615e-10,7.761e-13,4406685281.0,0.0342,0x4e...47bc,https://bscscan.com/tx/0x26e28e633af6c435253ac7a7227db3f798c62fb1cbf88c3197495ac031a74cf5
2023-03-19 17:23:58,False,2.628e-10,7.761e-13,156108862165.0,1.21163,0xe6...8414,https://bscscan.com/tx/0xe9838237f4747db05f8aad5a5fef9c22b26b4b3662637adbf9876a6a6b079825
2023-03-19 17:23:10,False,2.628e-10,7.761e-13,17039696558.0,0.1322,0x5d...37dd,https://bscscan.com/tx/0xb5e5a75f3fcb7e4fa2eabe79f4dbf81652efa72c17f48f25b61b482c962ff783
2023-03-19 17:21:01,False,2.615e-10,7.761e-13,22571058833.0,0.1751,0xc9...c9af,https://bscscan.com/tx/0x2a74b566f6c91b8e6318f7bba27df006cbacc49ac25476026cf47ff012cc611f
2023-03-19 17:20:55,False,2.628e-10,7.761e-13,8533840532.0,0.0662,0xb7...8866,https://bscscan.com/tx/0x2509eac51a0f2f9fbe2ced48174b37fb002c604b52f53a9249437eeac5b88b3c
2023-03-19 17:18:45,False,2.614e-10,7.762e-13,70200000000.0,0.5449,0xf1...4aca,https://bscscan.com/tx/0x58c48941a380409410468244b9dd1f1770d950ae9fd98997343e197b12d706fe
2023-03-19 17:18:03,True,2.628e-10,7.801e-13,5670573296.0,0.0442,0xec...b96c,https://bscscan.com/tx/0x6dfe85852828699874d18aa97d934c85badc6b8603de291552f8beefae64b512
2023-03-19 17:17:57,True,2.628e-10,7.801e-13,29393450913.0,0.2293,0x63...f370,https://bscscan.com/tx/0xa97feac47e8c6e2f7ab2036dfe6fea7ab70802dba37814b01d2ecf3765a25637
2023-03-19 17:16:48,True,2.641e-10,7.8e-13,16664584124.0,0.13,0xc8...99b6,https://bscscan.com/tx/0x69d6cc4426290257e036a95a68fe85b3310090bc07a9d936959ea39ad027a1ae
2023-03-19 17:16:35,True,2.628e-10,7.8e-13,25200409397.0,0.1965,0xc5...759e,https://bscscan.com/tx/0xb7e6d0b6ca8fc66dfedfad9b2c9b652d0f27d7d779a98fb5dcbe3be8b3c305ad
2023-03-19 17:14:50,True,2.63e-10,7.8e-13,5786556018.0,0.0451,0x40...55c9,https://bscscan.com/tx/0x5554f77eb68663c2eaf3f0caedc94f725ca528b16964656bb18ee1c72eb8d441
2023-03-19 17:13:09,True,2.63e-10,7.8e-13,840556809.0,0.0065,0x69...04ad,https://bscscan.com/tx/0xd33d3140f04626a47b27707af2d06c07d91c709cf05fe61443c10d6eb7f4203d
2023-03-19 17:12:53,True,2.63e-10,7.8e-13,22692017394.0,0.177,0xc5...759e,https://bscscan.com/tx/0xbc6d7aa975590fd3a35221e7e7bcecb3e98199a40a8968898f1f3ddb725fa3b4
2023-03-19 17:12:44,True,2.63e-10,7.8e-13,1794700214.0,0.014,0x9d...ee32,https://bscscan.com/tx/0x08fd28bcd2b22ca1d03fb77fa5ed61ad15459b429a9b596ff0cefc774ca90061
2023-03-19 17:11:52,False,2.617e-10,7.761e-13,9000000000.0,0.0698,0x17...da89,https://bscscan.com/tx/0x79b140f4325ebddcc47c8fc4e71373d0543fd295613c162ce3240587c8f0cf5d
2023-03-19 17:11:52,False,2.617e-10,7.761e-13,4500000000.0,0.0349,0x43...67ae,https://bscscan.com/tx/0x8af822f931c58fe969d08eee2cc3d2fedd0fe28d5f88ed73729700ac032a2df8
2023-03-19 17:10:44,False,2.634e-10,7.761e-13,11338363113.0,0.088,0xc2...ac4f,https://bscscan.com/tx/0x085deb4a2c211cd7c56cd8ad6805e70c5ce961a3265d1679a63770ef6e5a0dca
2023-03-19 17:08:45,True,2.647e-10,7.8e-13,1794681215.0,0.014,0x1d...01e7,https://bscscan.com/tx/0xe2d1fc9b45a65d3b7a9d91b9ccdbcba8e7cc034b2815bea9d83b30e8ad1c816e
2023-03-19 17:08:42,False,2.634e-10,7.761e-13,4510000708.0,0.035,0xfc...4d5f,https://bscscan.com/tx/0x11a1ed5b1dfe75924ccc821f369605ca2e1fc00be6e095e6da7804270458bfd8
2023-03-19 17:08:07,True,2.634e-10,7.8e-13,7000000000.0,0.0546,0x9f...4f9a,https://bscscan.com/tx/0x3ad5fe6421b90632d09dd785f4f04bfce13bf571b7ab99df9cecdbe078230320
2023-03-19 17:05:09,False,2.642e-10,7.761e-13,5423269212.0,0.042,0xfb...42f1,https://bscscan.com/tx/0xbe09bce7ba151de3ca956ee02886fc5794f1e445954f24b3f4505788d62c81f5
2023-03-19 17:05:09,False,2.642e-10,7.761e-13,36521444840.0,0.2834,0x1d...083f,https://bscscan.com/tx/0x0af23125ca00551dcdfe2b0d378b83276a501d2fe162fe6e94d3cb6ba18534a9
2023-03-19 17:03:32,False,2.628e-10,7.762e-13,2252783389.0,0.0174,0xb4...2604,https://bscscan.com/tx/0xdc29f1ad527dfc1b6720816e8d701496c1bce8538cfc390e713ed902a60b2f4e
2023-03-19 17:03:32,False,2.628e-10,7.762e-13,2045204072.0,0.0158,0xc7...818a,https://bscscan.com/tx/0x80e02de20d50d2f3cb92edf1a1cfc765830883961ebf004c547e07d6191f13c9
2023-03-19 17:01:00,False,2.644e-10,7.762e-13,17144852969.0,0.133,0xbd...711e,https://bscscan.com/tx/0x1977964d81a8b2c1945a4e9163318c627a094454c39dc0f69b57552a0ee0fc69
2023-03-19 16:59:51,False,2.63e-10,7.762e-13,218375856496.0,1.69514,0xab...165a,https://bscscan.com/tx/0xa6158b9b05e442e8522c000c818d17944e43fb94b69fa1fb543468198e9800e8
2023-03-19 16:59:45,True,2.643e-10,7.801e-13,36828768217.0,0.2873,0x02...5364,https://bscscan.com/tx/0x2dbb96e2ace4c1b62bf50fdcbe217af64c2dd1fa86370ce8787c63644ede54c5
2023-03-19 16:58:05,True,2.659e-10,7.801e-13,53923576746.0,0.4206,0x38...a4bb,https://bscscan.com/tx/0xca3b6f4dc42a6d0453b6ea1e99e395ffe50bc02a78fda0d61ac8159215067c1c
2023-03-19 16:55:47,True,2.642e-10,7.801e-13,151362581873.0,1.18081,0xa1...d379,https://bscscan.com/tx/0x4c91ece6ded18d14fa22ac1e939f18aabb7fc0b35cea17d992e5d0e03fb60680
2023-03-19 16:53:02,True,2.653e-10,7.8e-13,8358328758.0,0.0652,0x65...a912,https://bscscan.com/tx/0xab86e149d6cef7a2e8225bc311e9e3c2fc86d839ff8889b11dab9665c90b0e61
2023-03-19 16:52:59,True,2.653e-10,7.8e-13,1512560579.0,0.0118,0x8c...543e,https://bscscan.com/tx/0x2604e9f1e6b7eb3007f8dbc8e26c1c609527b83f0ff60ca65fd57bac84752a5f
2023-03-19 16:52:47,True,2.64e-10,7.8e-13,1878421616.0,0.0146,0x43...1f1b,https://bscscan.com/tx/0x07825b1987b04b9ea3f9a8a0d1bf47e660ef5ef6d63e3bc504f5aa523ed351d8
2023-03-19 16:51:44,True,2.653e-10,7.8e-13,2563803719.0,0.02,0xcd...c1ed,https://bscscan.com/tx/0x9eed5d5f0cfb79154d04f1d69382b5cd8328f7fe24f6d345fba3bdb95a484117
2023-03-19 16:51:20,True,2.653e-10,7.8e-13,21463744815.0,0.1674,0x8c...d3ed,https://bscscan.com/tx/0xc528bb4a8ae5c77bb0d57cbc782dfc3d7c6140749aaa41080c5fe15d3991da8d
2023-03-19 16:51:11,True,2.653e-10,7.8e-13,11037870435.0,0.0861,0x0e...18de,https://bscscan.com/tx/0x705023ecff119b691c56efc85d1ea07b46e8b7988d7ae36d2ba4d5ab81836fee
2023-03-19 16:50:08,False,2.625e-10,7.761e-13,41369303624.0,0.3211,0xdf...a337,https://bscscan.com/tx/0x2cb90877f8e92fb710bb447ef35cb9b44995f2a08a36e6f07158d2091873bdc9
2023-03-19 16:47:41,False,2.622e-10,7.761e-13,4443858329.0,0.0344,0x43...7932,https://bscscan.com/tx/0x3b946fff23c2da3dcfed49352811c7f370c860aafd723cf07e34e5234e4e007f
2023-03-19 16:47:32,True,2.648e-10,7.8e-13,131496151195.0,1.02576,0xb3...dc2a,https://bscscan.com/tx/0x8bbc5729b2c268cc5a64bf14468992efb431db59262f746b756ee6091b896592
2023-03-19 16:47:23,True,2.648e-10,7.8e-13,8672406764.0,0.0676,0x8c...543e,https://bscscan.com/tx/0x3d62da712d4ceaa4c524d15797f8aff989005df0677e63fd109afc049c9d037e
2023-03-19 16:46:31,False,2.621e-10,7.761e-13,2321422641.0,0.018,0x63...f370,https://bscscan.com/tx/0x2a2ac028bd8194d09be4949af970b605ef021076a22c4ce94de5fed5b9e8253a
2023-03-19 16:46:28,True,2.634e-10,7.8e-13,21500000000.0,0.1677,0xc1...8577,https://bscscan.com/tx/0x1b82ab93ac1992456143ab722f2e8e9b8e09f748b20c852185446f4376f26589
2023-03-19 16:46:19,False,2.635e-10,7.761e-13,2822964735.0,0.0219,0x1e...2cac,https://bscscan.com/tx/0xcf09c4982bdb67345a590eee0515d071a01cb1babbfc8b52e7629cc4096d55e3
2023-03-19 16:45:16,True,2.652e-10,7.8e-13,5858268546.0,0.0457,0x4f...221c,https://bscscan.com/tx/0xe9970a63d205dd32a64cd5b96850e538d564143cb0822885b622ebacd3744265
2023-03-19 16:44:51,False,2.625e-10,7.761e-13,30634648059.0,0.2377,0x39...1c5d,https://bscscan.com/tx/0x650e973674d60dd887428e86d97a219d2f0b717841f1b396500e9a56dab78923
2023-03-19 16:44:51,True,2.639e-10,7.8e-13,705085084.0,0.0055,0x62...0502,https://bscscan.com/tx/0x6e20a15688f3d1abafcf3c2d39c5e3c47d7205f731eef51ac104ee4585698234
2023-03-19 16:43:49,True,2.652e-10,7.8e-13,730724783.0,0.0057,0x51...f632,https://bscscan.com/tx/0x2678201642c2b4b3a5b75bb0cf35896abc28c1f8d29276772a023b161b4ca66d
2023-03-19 16:42:23,False,2.639e-10,7.761e-13,16937788195.0,0.1314,0x1e...2cac,https://bscscan.com/tx/0xb70a60db0c61d0fceac5524247fa73ba1ea00bdf2c805a00a7ceca1e2a9bd5ac
2023-03-19 16:41:10,False,2.639e-10,7.761e-13,7200000000.0,0.0558,0x3b...a8fd,https://bscscan.com/tx/0x20ce7bb18c5c524dc740c3d12c569bc270282f0be733d8de7607ffc8d64f695d
2023-03-19 16:40:24,True,2.652e-10,7.8e-13,256391876.0,0.002,0xa1...2e02,https://bscscan.com/tx/0x8816afe81fc92991c37cfea2f6dba23fbe64241fcc305e9923c3614ce789544b
2023-03-19 16:39:50,True,2.652e-10,7.8e-13,19878410795.0,0.155,0xc5...5b50,https://bscscan.com/tx/0x8423fed345012e643c708d98dbc4486fc5d19723a8b08e82768b6357b788bfcf
2023-03-19 16:38:16,True,2.638e-10,7.8e-13,100000000000.0,0.78,0x12...bc25,https://bscscan.com/tx/0xa19d0d26a7aba63da10ccffbce693f7259505a9d3f41402aad61804567a3a34c
2023-03-19 16:36:40,False,2.639e-10,7.761e-13,43283426358.0,0.3359,0x32...9f39,https://bscscan.com/tx/0x61c8dfccd34ceab94e5c2ab8deee94dc89ca5cf4474c65f42cc61ff1f31520d5
2023-03-19 16:35:55,False,2.639e-10,7.761e-13,94251505709.0,0.7315,0x3f...972f,https://bscscan.com/tx/0xfe5bf0808288575c366cefe714a8f3e262df4692838c1ea3c3b0cc0bbfb9f361
2023-03-19 16:35:43,True,2.653e-10,7.8e-13,135533174353.0,1.05721,0xdb...d029,https://bscscan.com/tx/0xabea1db31f47a35dbe13681552d97784fab60b6d763c54d43da82dc1de862756
2023-03-19 16:34:58,True,2.652e-10,7.8e-13,10000000.0,7.8e-06,0x48...55e7,https://bscscan.com/tx/0x6726f8936b103e3fd19cbcf3ba9ecd6dc45c92f241faec644d435fb79e72ba3f
2023-03-19 16:34:55,True,2.652e-10,7.8e-13,36777686934.0,0.2868,0x15...4042,https://bscscan.com/tx/0xceb958c800daf744d66a6657dd7031a159ceb29223a7e5212ffe2a8573813ff3
2023-03-19 16:34:13,True,2.639e-10,7.8e-13,608712766.0,0.0047,0x52...1923,https://bscscan.com/tx/0xa53c148d54852da99b2f66ccf45819648049c6bea24472be3edb04a392414d09
2023-03-19 16:33:22,True,2.652e-10,7.799e-13,1979247157.0,0.0154,0x3d...5af8,https://bscscan.com/tx/0xbe3bb3fdaff95bf62bd447febe7cb29a65f22c78525626bae3c5bae2145026ef
2023-03-19 16:30:43,False,2.625e-10,7.761e-13,1376022545.0,0.0106,0x3e...9688,https://bscscan.com/tx/0xbb69a489673e34285fd824d21a71f2af879657233d37c86a944a223c2e0c5742
2023-03-19 16:29:22,True,2.638e-10,7.799e-13,4036671755.0,0.0314,0x2c...c272,https://bscscan.com/tx/0xc44cc44d57ba4f48f4013228ed8a9d48b31ffa8e37d030f653cb36596d8f05a8
2023-03-19 16:29:13,True,2.638e-10,7.799e-13,2157975068.0,0.0168,0x15...6dba,https://bscscan.com/tx/0x3034bb20e4e8854365bc4b77781003c6a0cb01f293034cf9551e5799c0a6e345
2023-03-19 16:27:34,True,2.652e-10,7.799e-13,81434.0,6.351e-08,0x95...8aa6,https://bscscan.com/tx/0x4637c4a100b22c1ad158d116c099a7588d00dbdadd6b9730c52897f62f9dec51
2023-03-19 16:26:37,True,2.652e-10,7.799e-13,4359098083.0,0.034,0x3a...aa95,https://bscscan.com/tx/0xca37fa7e29628dfccdaf18e57b2ccfeef72bd857288675f93ed8dcb1d793c418
2023-03-19 16:25:55,False,2.626e-10,7.761e-13,405275273227.0,3.14564,0x74...1627,https://bscscan.com/tx/0xb6ace475399b56432c2fb8697c622239ba88894c4d003272ef0ecf9cba4a4503
2023-03-19 16:25:28,True,2.64e-10,7.801e-13,3000000000.0,0.0234,0xb1...0bca,https://bscscan.com/tx/0xbc5fb3c6f1f5700d92c50be98230f27e1c3801b21ee649fe831337d7c6476cf1
2023-03-19 16:24:37,True,2.64e-10,7.801e-13,663144918.0,0.0051,0x15...4042,https://bscscan.com/tx/0x2026e47d6e2564b5fb39d2e00ad3a0b827528a84d93ed1fb6bb042d87c693db2
2023-03-19 16:24:31,True,2.64e-10,7.801e-13,448637531.0,0.0035,0xc0...4c8a,https://bscscan.com/tx/0x492e6e461e348cf34ceacf13032e884385d160ca99374c90f58dca41a29e73e2
2023-03-19 16:24:28,True,2.64e-10,7.801e-13,7690943545.0,0.06,0xed...1730,https://bscscan.com/tx/0x22357061c965209862febce5464c3bea01182b7ee431e714b2795c53b7ac8c05
2023-03-19 16:24:19,True,2.642e-10,7.801e-13,63843300.0,4.98e-05,0x95...8aa6,https://bscscan.com/tx/0x325d42f3103e648076e83098f075a379fac6c7c94f9e9e12c2d2320a1e66aa00
2023-03-19 16:24:04,True,2.657e-10,7.801e-13,1000000000.0,0.0078,0xf0...59c0,https://bscscan.com/tx/0x2157adaa7ff3116d1fd016fb1c4217babcbd401248c09eda2b239799a4715156
2023-03-19 16:23:04,False,2.634e-10,7.762e-13,2250000000.0,0.0174,0xb2...e500,https://bscscan.com/tx/0x04d64d18f5abdd87ce5080b01260f815065bdee7a55963fbe41677fa343767b1
2023-03-19 16:22:25,False,2.634e-10,7.762e-13,225000000000.0,1.74663,0x46...369d,https://bscscan.com/tx/0x41bcabdab9d0dd10ac16dfd6d82f42fcf9d65cd51712c55c87e24c9e7fb2ae05
2023-03-19 16:21:22,True,2.66e-10,7.802e-13,5126777963.0,0.04,0x62...0502,https://bscscan.com/tx/0x7f20492cb2ded2a04b264afb2f37400a61d3bd532f216fe52d23f1098ca01e84
2023-03-19 16:20:28,True,2.66e-10,7.802e-13,6093816868.0,0.0475,0x15...4042,https://bscscan.com/tx/0x48c00dc6c6cd0536cd0bd720666bd37623ad0ddf029ab4d4671e081e9d56163d
2023-03-19 16:20:13,True,2.647e-10,7.802e-13,176069000.0,0.0013,0x95...8aa6,https://bscscan.com/tx/0x0ee900961061ed175d2f9b15899ad1f9d493ddd4a52747106c05fe01879c870e
2023-03-19 16:19:43,True,2.66e-10,7.802e-13,176069000.0,0.0013,0x95...8aa6,https://bscscan.com/tx/0x15c0e864d1fab3967cf5285f436e2a1265eb861103a39505197f0d2e4aea55e1
2023-03-19 16:18:55,True,2.66e-10,7.802e-13,14923693746.0,0.1164,0xec...0df6,https://bscscan.com/tx/0x632ce739094245882d01d9cf595f33f371587afc91d08d97ec5223a273c9f0d1
2023-03-19 16:18:43,False,2.646e-10,7.763e-13,82712849139.0,0.6421,0xab...152e,https://bscscan.com/tx/0xea401db352df2db34d3d18568db6d551c794592a8d86924739cf4a9dedf0ea2b
2023-03-19 16:18:31,True,2.66e-10,7.802e-13,255527001.0,0.0019,0x95...8aa6,https://bscscan.com/tx/0x3906968cafac63dee31c196f1f964af3a202374fc196e21abc78a3e36cb861e2
2023-03-19 16:18:01,False,2.646e-10,7.763e-13,1132543873.0,0.0087,0x77...9e5a,https://bscscan.com/tx/0x99d6ffebb145ccdaf0cc7a29e2a3eb32c361306cc716fe25aaf1553ff907f76f
2023-03-19 16:16:40,True,2.646e-10,7.802e-13,62052863117.0,0.4841,0x5a...6958,https://bscscan.com/tx/0xa7dd7bf2e9634a94bf2f1ce12f48dcf6ef3275c5d454a1e0ece0a52d0a5a16a7
2023-03-19 16:16:28,False,2.633e-10,7.763e-13,72000000000.0,0.5589,0xe7...d74d,https://bscscan.com/tx/0xd0f882f3cce30a1ce2f50fe0e6b72ea5d6f7625909352a3848e9d37ba18fd178
2023-03-19 16:16:19,False,2.633e-10,7.763e-13,2520000000.0,0.0195,0xb2...e500,https://bscscan.com/tx/0x24a342f800c097e61ce751ba1bf9dccbab9ef802ba44f56a7d08abc7fc5f711f
2023-03-19 16:15:58,True,2.646e-10,7.802e-13,359690000.0,0.0028,0x10...e00b,https://bscscan.com/tx/0xbcbfe8b19110e840fd79d2815add1f71b72619c8a52504dbba3c1c2a759723ba
2023-03-19 16:15:28,False,2.633e-10,7.763e-13,2817596870.0,0.0218,0x35...82ab,https://bscscan.com/tx/0xfd692edfff96067f38fb8e2d051aae669b4a014abbde8aef51094ee42c8dfd52
2023-03-19 16:14:52,True,2.659e-10,7.802e-13,25000000000.0,0.195,0x6d...9275,https://bscscan.com/tx/0xa903bdefc2aaceb837f035bbf357015b8662b67c3257eeba11ae702ec0537aed
2023-03-19 16:14:31,True,2.659e-10,7.802e-13,2367170000.0,0.0184,0x06...2437,https://bscscan.com/tx/0x6bce4e1b49004e148a1dcd003cc5d83d7b26703c97a5933ad7edfd30ba549343
2023-03-19 16:09:52,True,2.65e-10,7.802e-13,90000000000.0,0.7022,0x1b...0886,https://bscscan.com/tx/0x9121e0fd801fb7787c8a0a842dd4178e1095662051334d8204727b6ef25dc984
2023-03-19 16:06:28,False,2.652e-10,7.763e-13,67873352095.0,0.5269,0x7d...ab3e,https://bscscan.com/tx/0x4457764e5384d0a5383643676026c7160f09550632bcaccdb1c5690694eee726
2023-03-19 16:04:16,True,2.647e-10,7.802e-13,6421464772.0,0.0501,0x33...595c,https://bscscan.com/tx/0x3513c51db1b28f041f52ee7cb3dc47804bbf6a3c4facb4a93786d786c7252841
2023-03-19 16:01:40,True,2.645e-10,7.802e-13,9413923264.0,0.0734,0x7a...6692,https://bscscan.com/tx/0x53634487053d867b2d318566c325f1ac0d191fb3933181aec67cdfc2f8cae876
2023-03-19 16:01:07,True,2.645e-10,7.802e-13,3964034084.0,0.0309,0x89...5385,https://bscscan.com/tx/0x3458d36dda1323679d0869d17b8d1e215ea40260ee19e2db5103eb16ce52a52d
2023-03-19 15:59:31,True,2.656e-10,7.802e-13,419082000.0,0.0032,0x06...2437,https://bscscan.com/tx/0x3d9c4d4b90edaaba8d469029ea1982722370260e58f19977c5fc0c50c70e5b73
2023-03-19 15:58:04,False,2.643e-10,7.763e-13,20185624314.0,0.1567,0xc1...68da,https://bscscan.com/tx/0x161332cb83e8986cd0985db1275430c4e52b9a58ab367ec64693d1be062fa02b
2023-03-19 15:57:28,False,2.643e-10,7.763e-13,19031359814.0,0.1477,0xfa...2358,https://bscscan.com/tx/0xc9f25e2751ea62ff02cb640b259f5a62bcc3695e2aac8f00dab7cc94340f60b1
2023-03-19 15:56:34,True,2.643e-10,7.802e-13,384500690.0,0.003,0x81...ae46,https://bscscan.com/tx/0xcfb66f31cc735eb65b3cd886e14da9e5456097da2af16514de647f4c16ac6979
2023-03-19 15:53:52,True,2.641e-10,7.802e-13,160654000.0,0.0012,0x06...2437,https://bscscan.com/tx/0xf80c013ace41035f194a4204abca62006062a38c2dc8ef007f16142c82504e29
2023-03-19 15:53:43,True,2.654e-10,7.802e-13,22227700001.0,0.1734,0x89...5aea,https://bscscan.com/tx/0x92f4f3bb9ce7e9943ad74797e70dcc445f6306bc1e9391f49a759b27ccf636e8
2023-03-19 15:52:28,True,2.654e-10,7.802e-13,265092289.0,0.002,0x6a...3f15,https://bscscan.com/tx/0x74687cf815e3b59d4b219a52ba8d216ae05eca5037e8b806f56ed16e12dfa810
2023-03-19 15:52:13,True,2.641e-10,7.802e-13,16064584301.0,0.1253,0x14...7d0b,https://bscscan.com/tx/0x04f9119df45af2ef1596feee8c4f5b917a44656243b0bb908d3420081049c2cb
2023-03-19 15:51:19,True,2.641e-10,7.802e-13,1002711853.0,0.0078,0x15...4042,https://bscscan.com/tx/0x759b2476dc403308d99ed35e2c7f19624bcbe6733e3a5e8ba7106e3184cac73f
2023-03-19 15:51:07,True,2.641e-10,7.802e-13,4747245431.0,0.037,0xe5...96c9,https://bscscan.com/tx/0x755c36ca13ff9d0e228431d17a60e9034d15523c38d521f5dd86d617b138aec7
2023-03-19 15:50:01,False,2.642e-10,7.763e-13,32785401236.0,0.2545,0xa5...b83a,https://bscscan.com/tx/0x5ded79f2fcf77cc8a8e20164241ac38c57556264946fdff10dfaa280226a0b74
2023-03-19 15:49:19,False,2.628e-10,7.763e-13,64821551379.0,0.5032,0x5f...5698,https://bscscan.com/tx/0xb5a03910d0c6d263c08859aa673f512606367b45b65d2e2bb1974b30f4c9ffe9
2023-03-19 15:49:04,False,2.628e-10,7.763e-13,11281135689.0,0.0875,0x6b...f437,https://bscscan.com/tx/0x4094b7084591c38978c79618e98a5626b8bb808030f447ede9d832a0e7c2eb1f
2023-03-19 15:48:58,True,2.641e-10,7.802e-13,1281630000.0,0.01,0x03...486f,https://bscscan.com/tx/0x232887489b985ef86899086342a2d67b4570ec47654a9e4e2c7f4d98d3b3799b
2023-03-19 15:47:10,True,2.654e-10,7.802e-13,12431865691.0,0.097,0x6c...0327,https://bscscan.com/tx/0x043fde634d0ba12ba23eaa31e96a5d1f5be7fdf3755f81dc4d5115e614d8f26b
2023-03-19 15:44:37,True,2.656e-10,7.802e-13,1280000000.0,0.0099,0x5d...7b73,https://bscscan.com/tx/0x5a2cd5d7f398d02775bb2dd3c228efedafd31168ff4c63d559c2cc8adc77479e
2023-03-19 15:43:22,True,2.654e-10,7.802e-13,16661384795.0,0.13,0xc4...64c7,https://bscscan.com/tx/0x14982e0289d22a7f1d07d07c6b52c956513787b8d524fd2ffeb3bb6498c208cf
2023-03-19 15:43:16,True,2.654e-10,7.802e-13,2319299245.0,0.0181,0xc7...f0f3,https://bscscan.com/tx/0xfef29d2ff04dde93e08bdf71fe6affd8c4b2413de7571882765509c782df008d
2023-03-19 15:43:04,True,2.654e-10,7.802e-13,2494428028.0,0.0194,0x56...dc46,https://bscscan.com/tx/0x1b5d6752765d77e731fb0b349a9b6747a3e26ec21f4a1d105d8192dc1200303c
2023-03-19 15:42:31,True,2.641e-10,7.802e-13,61520204317.0,0.48,0xeb...2e5e,https://bscscan.com/tx/0x485fa32f130488f238b7dffa5c025bd3f6b68a9609f86a2af4a1276879a12898
2023-03-19 15:42:22,False,2.628e-10,7.763e-13,1815281493.0,0.014,0xed...769f,https://bscscan.com/tx/0x617a6d13ab478d297e15e3697bc035a14c34b4b4097621433f86c45a8becffdf
2023-03-19 15:42:01,True,2.656e-10,7.802e-13,13813950313.0,0.1077,0x4c...3129,https://bscscan.com/tx/0xc5cd73c37f90023a93c6e1765ca95b1dc449c1e26924016e0c8ddeeee7deea0b
2023-03-19 15:38:31,False,2.642e-10,7.763e-13,112787178104.0,0.8756,0xba...7dc8,https://bscscan.com/tx/0x2fad76a078ae8a46305256c56c22d3f86ade61b9c966ec1af1677202fe29b6ce
2023-03-19 15:37:19,False,2.645e-10,7.768e-13,2701586221209.0,20.9871,0x21...f5b2,https://bscscan.com/tx/0x72242744afcce44596d2e4d4db33b02463bb2986825f0c6a717586a4817df840
2023-03-19 15:36:07,True,2.66e-10,7.811e-13,344383317384.0,2.6902,0xeb...2e5e,https://bscscan.com/tx/0xac488207968a4c93927818fa02efc4c726159ed0c0154a8fe929e15de3c1be3b
2023-03-19 15:35:19,True,2.646e-10,7.81e-13,459389366945.0,3.58792,0xeb...2e5e,https://bscscan.com/tx/0x7d4231bfc036c808f95c7eaaeed420c946299f487c7f6b3bb88472a4ee4d17b0
2023-03-19 15:31:25,True,2.645e-10,7.809e-13,9450209803.0,0.0738,0xa9...b9f0,https://bscscan.com/tx/0xa3d9c53c261b250c8c7e123e24dc152097da4408505b851bd37c82406d437310
2023-03-19 15:29:22,False,2.626e-10,7.77e-13,7759013492.0,0.0602,0x9b...15af,https://bscscan.com/tx/0xe02968949dba1b6b7208e0bd84183692ce837c5c5aeec5edee178dbf4fe29864
2023-03-19 15:29:07,False,2.639e-10,7.77e-13,9772403720.0,0.0759,0x8f...151e,https://bscscan.com/tx/0x68c8d841e030dc34c8dcd92f0f9fcb9845c680aeb1f612d145dbcc5c0055ecb1
2023-03-19 15:26:43,True,2.655e-10,7.809e-13,1024407201.0,0.008,0x51...f632,https://bscscan.com/tx/0x8b7e601e2ead90ca9b0758f49e20b96ca4c1f5d5f1384b9ee512ee8bf69c9f1f
2023-03-19 15:26:13,True,2.655e-10,7.809e-13,31319424149.0,0.2445,0xc5...1bf7,https://bscscan.com/tx/0xc18a63536f8f45297c6492924ffd4b21be95dc7c9223f48fc1ec09f58540ce10
2023-03-19 15:26:01,False,2.642e-10,7.77e-13,1685712688.0,0.0131,0xea...36f8,https://bscscan.com/tx/0x46df35efdca0876c7ff246f9feb354363ed92ef47758140f34228e4c6dc39ce7
2023-03-19 15:24:51,True,2.642e-10,7.809e-13,128052683.0,0.001,0x93...fda5,https://bscscan.com/tx/0x2830a4bed6cf9799ba6f2dbd332306b38578b2d2cc9f7d167595b1ecfcc9868e
2023-03-19 15:24:39,True,2.655e-10,7.809e-13,25610688725.0,0.2,0x17...16c3,https://bscscan.com/tx/0x716e261ec73de1e90cb8f167330d1c9ff484baad0db541669a65c605426b2f79
2023-03-19 15:24:36,False,2.642e-10,7.77e-13,79543551652.0,0.618,0xb1...945d,https://bscscan.com/tx/0x551b5e141f2ad63becab3ee861d98e0bf8f4cd98b70db61830c84a1a096242e9
2023-03-19 15:24:24,False,2.629e-10,7.77e-13,61390259311.0,0.477,0xb5...a423,https://bscscan.com/tx/0xbd8056d0408bcdcca30e673d0c12c7706ebea8cc0739ee8fd51e2c4d0737ab0e
2023-03-19 15:24:21,True,2.642e-10,7.809e-13,3201149910.0,0.025,0x0c...fea9,https://bscscan.com/tx/0xf13fa34ae90f9fcc3d33accb018153c76aee21aa1e350b923c220ee9b755faa1
2023-03-19 15:23:24,False,2.642e-10,7.77e-13,116503071915.0,0.9053,0x11...f1b0,https://bscscan.com/tx/0xd202b81c84ed06118fa73d133ce4bca24af7c0f100a9a68e63d7edf21fe33044
2023-03-19 15:21:51,True,2.654e-10,7.81e-13,640196257.0,0.005,0x7e...c78c,https://bscscan.com/tx/0x33faca089d176a580f3fe5283d6e8053029b325096f293661af6f2b97db3a784
2023-03-19 15:21:03,False,2.627e-10,7.771e-13,48221712857.0,0.3747,0xbf...57f4,https://bscscan.com/tx/0x6573f039ce1f15ff9721adc5ebce11aedf1c88109e9089b5be2876048c250b00
2023-03-19 15:20:57,False,2.628e-10,7.771e-13,6023073811.0,0.0468,0x5f...2fd0,https://bscscan.com/tx/0x764318fb58494e600066451012d73b3abf75bcb24772551cb8559912a0ac6728
2023-03-19 15:20:51,True,2.641e-10,7.81e-13,9333374021.0,0.0729,0x9e...7b23,https://bscscan.com/tx/0x92081cd48d9505ed24704e40073b902d7584d358854990ed4b32f6c55d8c9350
2023-03-19 15:20:12,True,2.641e-10,7.81e-13,3008410000.0,0.0235,0xdd...cc05,https://bscscan.com/tx/0xd37f4174dc2caeda63a3f4a62d003ce70985f73ba060129a27cfdabe16d31400
2023-03-19 15:19:48,False,2.641e-10,7.771e-13,4581333017.0,0.0356,0x93...52c2,https://bscscan.com/tx/0x56413d886ed659da285e209af8c1b28790d2b18409aa922b6e45b112d6f26bea
2023-03-19 15:19:42,True,2.654e-10,7.81e-13,4005550000.0,0.0312,0x95...d4f9,https://bscscan.com/tx/0xe8a82f87ede6ffbd71621cffcc27a1d29075b2fbcea4f842973c02aefaf3bec2
2023-03-19 15:19:15,False,2.64e-10,7.771e-13,2720006538.0,0.0211,0x34...697f,https://bscscan.com/tx/0xc6ab84cdb8c04ea4f38075df605eebfe1c002fc695b122e12dbe79ef7e70b862
2023-03-19 15:18:18,True,2.654e-10,7.81e-13,390842933.0,0.003,0x75...4100,https://bscscan.com/tx/0x5c120dd02b1da449a46ef2a08d674036e382fe39f1cd6523424813b697ac17b8
2023-03-19 15:17:57,False,2.639e-10,7.771e-13,31880794398.0,0.2477,0x1b...ec7f,https://bscscan.com/tx/0x68a137da8e5af9118b1ee51453f1bde234fdced5e39e6a5d524171d62a3add23
2023-03-19 15:16:51,True,2.639e-10,7.81e-13,20000000000.0,0.1562,0x9c...355b,https://bscscan.com/tx/0xb533c80186d1adb3d430ff4499d89674f803d28843dda42c15319a7bf7b83655
2023-03-19 15:16:03,False,2.639e-10,7.771e-13,58548015263.0,0.455,0x2a...e7ef,https://bscscan.com/tx/0xd7c3055da71f43389fcc6ed562aafe0b89e3cf332db3e50a3c79bbe2dcdf77e0
2023-03-19 15:14:48,False,2.64e-10,7.771e-13,9000000000.0,0.0699,0xc1...d59b,https://bscscan.com/tx/0x15b0241cd3bae16aef24c2ef21067236b4f483a8aa679dee010e2c2c010811b4
2023-03-19 15:13:42,True,2.653e-10,7.81e-13,2000000000.0,0.0156,0x33...b8e8,https://bscscan.com/tx/0x56fa2dfa555d2af4d512cc1f96bea9bdd02528d8c0b286840621ed9b0d42671e
2023-03-19 15:12:15,False,2.628e-10,7.771e-13,3450380629.0,0.0268,0x48...579e,https://bscscan.com/tx/0xc188b546f468621783dd278d0087801f3899e8cc95c51967276601baad64b0d7
2023-03-19 15:12:12,False,2.628e-10,7.771e-13,9043033995.0,0.0702,0xfe...954f,https://bscscan.com/tx/0xdba2026d01515012157f7e7b9c42c35c2c0058e73d0a64e21969d4170372b946
2023-03-19 15:10:42,False,2.629e-10,7.771e-13,3150025390.0,0.0244,0xfe...954f,https://bscscan.com/tx/0x501c759c46160547d4f8f19c18f5e2409872993ea200d6fe19a130cba57bbeb9
2023-03-19 15:10:21,True,2.641e-10,7.81e-13,7681883197.0,0.06,0x72...46a7,https://bscscan.com/tx/0x6a1d1f522ab42db6b21d308acbff9cde0d1f2cca70643f869176703fb2b5adee
2023-03-19 15:07:09,True,2.641e-10,7.81e-13,489398015.0,0.0038,0x10...715f,https://bscscan.com/tx/0xe806e75a88b3eb868a72c698fea7d24c6399146b334c0e88216569fae4d7e549
2023-03-19 15:04:45,False,2.629e-10,7.771e-13,1736765008.0,0.0135,0x9f...e717,https://bscscan.com/tx/0xf31525d8b1f487af347d9fa4b4b30a5cca2df1909e25775e6339582cd661e012
2023-03-19 15:04:24,True,2.656e-10,7.81e-13,14083515128.0,0.11,0x3a...2ecc,https://bscscan.com/tx/0xf4de05438a57c8b6e40def74990f4630636dc4cb7827b77e572b1d62386e5a32
2023-03-19 15:04:09,True,2.656e-10,7.81e-13,34314794272.0,0.268,0xf1...793a,https://bscscan.com/tx/0x96bb3ca5fbd58b054045cbc934bd6e4bfab3f22ee002d6bdd322498e8f06eace
2023-03-19 15:00:48,True,2.655e-10,7.81e-13,1344561194.0,0.0105,0x15...4042,https://bscscan.com/tx/0x8e2951df0260838f403d8138ca81f946b768e49fe5f990483444a0547719a0c1
2023-03-19 14:59:57,True,2.654e-10,7.81e-13,1320770001.0,0.0103,0xa5...ed6b,https://bscscan.com/tx/0x5668f8ad7a69db5af6d01719880564b8c5cd9349d6735763a2c9193ee1745032
2023-03-19 14:57:51,True,2.654e-10,7.81e-13,24327000000.0,0.19,0x13...dd14,https://bscscan.com/tx/0x925aacdbf2f24aa19449eadfd4a9e17e11b5422c2eb2ab60538124190fda49b0
2023-03-19 14:57:33,True,2.654e-10,7.81e-13,1344192277.0,0.0105,0x15...4042,https://bscscan.com/tx/0x370796fb8cada8c20b79aeb37e49db3c1cd59aaddd3b554be509d0a7b96973ce
2023-03-19 14:53:12,True,2.64e-10,7.81e-13,750000000.0,0.0058,0x5e...902b,https://bscscan.com/tx/0x50bce5c74fc6ab421b99f9273dcdb2830dc55254e07560893bc203ed65afdaca
2023-03-19 14:52:33,False,2.64e-10,7.771e-13,119553153802.0,0.9291,0x3b...786f,https://bscscan.com/tx/0x5165f9ed37390938138c554b13a152bb0ec72eb62fe23a6ccd9630dac57b3641
2023-03-19 14:50:48,True,2.64e-10,7.81e-13,12500000000.0,0.0976,0x91...b866,https://bscscan.com/tx/0x259912f50c7b1fad8b1995f42b8d75a825c5bfae87a13f21681c3f236fee2bcb
2023-03-19 14:50:42,False,2.627e-10,7.771e-13,20700000000.0,0.1608,0x8e...7667,https://bscscan.com/tx/0x641c136c38c4e0e4b40d01832fc3d6291ca304d8f3138882939f59dfb4ab3f75
2023-03-19 14:49:51,False,2.64e-10,7.771e-13,2252432996.0,0.0175,0x27...7909,https://bscscan.com/tx/0xbe9b10e071aac95e80afef6efb3b6b639268a78ac4fb5850b8c8f6c8c9f17674
2023-03-19 14:49:03,True,2.641e-10,7.81e-13,72958163835.0,0.5698,0x3d...468f,https://bscscan.com/tx/0x180be18805bf66e1849ec5de8a05c9b3e212a8b5dd208e6bf900f62229f1d760
2023-03-19 14:48:33,True,2.655e-10,7.81e-13,115232553943.0,0.9,0x85...f41f,https://bscscan.com/tx/0xddacab19500061c75afc8dfc13b277154f791134608f8e2373fcfd5e40ee192e
2023-03-19 14:45:36,True,2.642e-10,7.81e-13,46734945905.0,0.365,0x14...4449,https://bscscan.com/tx/0xeb7259dc82656fbc289559c1c97ff72a9c0b8321297eb733ea2d65c36107d1f7
2023-03-19 14:45:24,False,2.629e-10,7.77e-13,9900903356.0,0.0769,0x07...2507,https://bscscan.com/tx/0x25a71c6aedd80ccf5ec40a71f3403bf1ef85b235a9502245e1f04ac858868e7d
2023-03-19 14:45:15,True,2.642e-10,7.809e-13,36436368063.0,0.2845,0xf0...2901,https://bscscan.com/tx/0xc87455c8944ac301e0fefeb4971edfe03329b7955fd25ffc3ae6cabdf2d67691
2023-03-19 14:44:00,False,2.629e-10,7.771e-13,105377403296.0,0.8188,0x45...675a,https://bscscan.com/tx/0x87f74dd0a62a91438759e067192259f1fb7ee213514e57b08a79b579984d5d8e
2023-03-19 14:41:57,True,2.64e-10,7.81e-13,850000000.0,0.0066,0xf0...035b,https://bscscan.com/tx/0x26d1e3198c7259dbbd38adfe7ca032ce61ec6a9e5425a246ca9d2500baad19ef
2023-03-19 14:40:54,False,2.627e-10,7.771e-13,53532797101.0,0.416,0x6a...120c,https://bscscan.com/tx/0xe602dc549f099936fa72691a5dca7e0b7a14bd06718f569bec5275182304e2b3
2023-03-19 14:38:09,True,2.653e-10,7.81e-13,2232225104.0,0.0174,0x8b...d2e2,https://bscscan.com/tx/0x8035b2e1f1ac0cbd6561aec9459a84f4c68ed28f226eb00435d31297601dff80
2023-03-19 14:36:39,True,2.64e-10,7.81e-13,8933245621.0,0.0697,0xc9...d388,https://bscscan.com/tx/0x18586822076c5a6a40521622378e901045e471d6bb81d7cce2ceaf65a6420496
2023-03-19 14:34:06,False,2.64e-10,7.771e-13,46464349238.0,0.361,0x58...0f3f,https://bscscan.com/tx/0x8271c4dc3ed3cdba6b0774a9d2f3880aba9f41bd1bacaa26206acf778e0892db
2023-03-19 14:33:45,True,2.652e-10,7.81e-13,1000000000.0,0.0078,0xb1...0bca,https://bscscan.com/tx/0xf8fa7b223a29778ef15075bb5f53ca892175743ec8b6ab4872682896cc626981
2023-03-19 14:33:09,True,2.642e-10,7.81e-13,8285072001.0,0.0647,0x96...cb41,https://bscscan.com/tx/0x207697507ff954d48e878c4ba6e6878f87120b0de3a62c5df5605384837ef2eb
2023-03-19 14:30:03,False,2.641e-10,7.771e-13,18000000000.0,0.1398,0xac...9f54,https://bscscan.com/tx/0x007db9ea280e6496063d97c4311a6f15b5379df5302b424c0cd8cc211bc515a9
2023-03-19 14:28:33,True,2.654e-10,7.81e-13,6401600001.0,0.05,0xa4...1ee1,https://bscscan.com/tx/0x1911697295ed15b022d7f8063654986847c7c3bc40dcd003098488e383450be2
2023-03-19 14:24:39,False,2.629e-10,7.771e-13,133154903508.0,1.03485,0x2f...9950,https://bscscan.com/tx/0xe16985c501b04d3d9dd4e759030e338d6965e279f6d2a512db8ea41b8a8fe07f
2023-03-19 14:23:21,True,2.656e-10,7.81e-13,6714114017.0,0.0524,0x96...e1a8,https://bscscan.com/tx/0x3fa0753740e465e60d92b8741835f5f90a345ded11f96b73a2990b3bf2ada70d
2023-03-19 14:23:09,True,2.656e-10,7.81e-13,1000000000.0,0.0078,0xfb...e1a1,https://bscscan.com/tx/0x84caf65dd0f1f21c71e87634b960c3fd25ba2a2507cf11377b54774d3538e669
2023-03-19 14:21:21,True,2.643e-10,7.81e-13,1207010134.0,0.0094,0x39...c617,https://bscscan.com/tx/0x846ea98e47d9aec4d25573d70948b40257b9bb88d772005ce63b6ffcb2ec6681
2023-03-19 14:20:18,True,2.643e-10,7.81e-13,878518106.0,0.0068,0x10...715f,https://bscscan.com/tx/0xb3284f76be7d5929a5f69ed5b51a4b75481a354ff781f6cb98d1c7a01af3d2a9
2023-03-19 14:18:57,False,2.642e-10,7.771e-13,12600000000.0,0.0979,0x08...f5ea,https://bscscan.com/tx/0xbebf7d00e4814e526cc1e97c01aa8d1003543e9117ba9dcf759bd0feae5c21f3
2023-03-19 14:18:30,False,2.642e-10,7.772e-13,11480429094.0,0.0892,0x74...aea8,https://bscscan.com/tx/0xf4940a046b0344a099ae270517948367f4d9803dadc234c1b9d0f15a046cdaa7
2023-03-19 14:18:18,False,2.642e-10,7.772e-13,1078343442.0,0.0083,0xaa...5cf6,https://bscscan.com/tx/0x2e3f530937a512323100c9a0044a2b8908ac3c779d6cdaf36f3b8018ac1b1e28
2023-03-19 14:17:06,True,2.643e-10,7.811e-13,9038679636.0,0.0706,0xec...0df6,https://bscscan.com/tx/0x87f309b97671472b32141152989b26e98a382997b32da84951bb053f263a1fe5
2023-03-19 14:16:00,False,2.628e-10,7.772e-13,8892643811.0,0.0691,0x82...b654,https://bscscan.com/tx/0x1116cbdcd337180951834d758bc51f360cbd51d837c622fb0d78f3a1bca04a40
2023-03-19 14:05:48,False,2.642e-10,7.772e-13,25200000000.0,0.1958,0x76...c85f,https://bscscan.com/tx/0xff3f6bcae7ed263eebcb69013243186eb7ac8b494f1265db6c7582d742c4051d
2023-03-19 14:03:27,True,2.656e-10,7.811e-13,3786880000.0,0.0295,0x13...6391,https://bscscan.com/tx/0x25852368a09e088f89867e6445a27494856686fef6be2a7619c2e10d92e438f3
2023-03-19 14:03:06,False,2.643e-10,7.772e-13,7200990000.0,0.0559,0x7b...86eb,https://bscscan.com/tx/0x9cd371c95f7abe0a801d0be2ab45d71899073b72360c0785a2f9524517b4a574
2023-03-19 14:01:51,False,2.642e-10,7.772e-13,6222747697.0,0.0483,0x23...bb38,https://bscscan.com/tx/0x8572e5de63642c66b0c0aca35645ab8b24d86fdf02f9df5fd03d15bf677cd79d
2023-03-19 14:01:48,False,2.642e-10,7.772e-13,7200990000.0,0.0559,0x7b...86eb,https://bscscan.com/tx/0xcd9a4b7a1a137e82d639c5111ef09b8dbdb5ca342c52e7a1a4e42c2cc484b73d
2023-03-19 14:01:21,True,2.656e-10,7.811e-13,6098613869.0,0.0476,0x15...4042,https://bscscan.com/tx/0x581a6a5584bae0286d7b361b80d88320c2dd03e396dc41e23ba62382f627dd9e
2023-03-19 14:00:39,False,2.643e-10,7.772e-13,27023615050.0,0.21,0x03...ba29,https://bscscan.com/tx/0x6cbcb053c2fdad51f30878618ba9a5fa6e2c0faa4faf00df3f074748a38e8b11
2023-03-19 13:59:18,True,2.655e-10,7.811e-13,2816440569.0,0.022,0x33...a5aa,https://bscscan.com/tx/0xcdc67bf3f6c6e219982e89cfbbc3440a2d020f096118a919ce98aee2aa68c2dd
2023-03-19 13:55:48,True,2.655e-10,7.811e-13,11109611607.0,0.0867,0x9f...6829,https://bscscan.com/tx/0x1463d68036d9fb6db9bcbb1a07edc353b2b93dc21c412f1bf78022db3ba56e31
2023-03-19 13:54:48,False,2.642e-10,7.772e-13,39510000000.0,0.307,0xc7...4c77,https://bscscan.com/tx/0x4c84bca3375766662339fd37cd34c63f3318fc69971a322a7d02df95fcecb316
2023-03-19 13:49:22,False,2.632e-10,7.772e-13,3569886314.0,0.0277,0xea...1ec1,https://bscscan.com/tx/0xd9301edb4e3c5ec81283f5832d6cfdf1fdae8804aa959b8299e9d2d4cdcbb5de
2023-03-19 13:48:58,False,2.644e-10,7.772e-13,2656222432.0,0.0206,0xf7...536e,https://bscscan.com/tx/0xb426ba2fecb16f7884b377ec21cc75d1edb077e9d727397b2e2647e14cfd2773
2023-03-19 13:48:45,True,2.644e-10,7.811e-13,116495500501.0,0.9099,0x6d...6408,https://bscscan.com/tx/0x5e93dd42d90e576009d6212c48eebbb957dfe7360041e691ca6dd7ac8e76b504
2023-03-19 13:47:16,True,2.638e-10,7.81e-13,1779490001.0,0.0139,0xf5...8e6d,https://bscscan.com/tx/0x18ffb409b3753bc56110c2a26ac805f5aa3f58581ca7108cf8392732873e0102
2023-03-19 13:45:31,False,2.625e-10,7.772e-13,64925385406.0,0.5046,0xdd...e710,https://bscscan.com/tx/0xe3c3c058fb3f06c88e659b80d04611be03941137ef02c701a53e17416b2d0a11
2023-03-19 13:44:58,True,2.637e-10,7.811e-13,12332031172.0,0.0963,0x85...b868,https://bscscan.com/tx/0x19ec6c8db42bb84f54e35d4e1a05fb664c17947e98b069f480d29f9e2249cc3b
2023-03-19 13:44:52,True,2.65e-10,7.81e-13,141938989540.0,1.10867,0xeb...8417,https://bscscan.com/tx/0x66758847d3115a1991775b76b9f29748f23a42002b76421b1d4d83d93c07f453
2023-03-19 13:44:13,True,2.65e-10,7.81e-13,7041679794.0,0.055,0x25...f39c,https://bscscan.com/tx/0x3425a6c60177bd3507e860d65ac86e948aa38cb31d6fbd4b8d796838e2c917f3
2023-03-19 13:43:40,False,2.636e-10,7.771e-13,17820000000.0,0.1384,0x23...6460,https://bscscan.com/tx/0xcf8c77433cf2057604072d3409daeed8c94d0ff427fa7d3dc52bf3997f2dc69c
2023-03-19 13:41:46,True,2.647e-10,7.81e-13,80154788665.0,0.626,0xdd...e710,https://bscscan.com/tx/0xf68ff4b2cfebf1398e4bd4d4050b34b00f54cfc868f841137b7837bbbd7f718f
2023-03-19 13:37:47,True,2.643e-10,7.81e-13,15721841628.0,0.1227,0x1d...397d,https://bscscan.com/tx/0x9635656ed7ae77773fb31bb98a1831233519f968370061e5ac520b25623b08ac
2023-03-19 13:37:03,True,2.641e-10,7.81e-13,5249456043.0,0.041,0x2b...1162,https://bscscan.com/tx/0xad5e4fd463365fac496f92a782f8ae08619ea9cf3bbe7cc2bdffe87fdf7f79c0
2023-03-19 13:36:48,True,2.628e-10,7.81e-13,1372500000.0,0.0107,0x7d...8864,https://bscscan.com/tx/0x84dc8488ef698e2ed7be0628fa91c358b7836ca42f8626aa9afa6a3cb1e7a29c
2023-03-19 13:36:12,False,2.628e-10,7.771e-13,14793028757.0,0.1149,0x8c...4b4c,https://bscscan.com/tx/0x7c02c6b198b83d408295ef8dc57815ef0b45ed55dd671e8a65f119df5d62af17
2023-03-19 13:34:51,False,2.615e-10,7.771e-13,1542978000.0,0.0119,0x9e...e858,https://bscscan.com/tx/0x31435d236f402d9e117a1cedddf2c5116bf9aef39050378c33761187849baef0
2023-03-19 13:33:18,True,2.628e-10,7.81e-13,16063047883.0,0.1254,0xe3...cc3c,https://bscscan.com/tx/0x6204ca7abc531f2e00ef583aa422401bf07f7886a3f4130f0917d81c9455a986
2023-03-19 13:30:03,True,2.645e-10,7.81e-13,3841075461.0,0.03,0xaf...7670,https://bscscan.com/tx/0x00526d2daac9080705e99f2e9eebf1979083b6859f7656835001e459710d1b8a
2023-03-19 13:27:33,False,2.632e-10,7.771e-13,17037902864.0,0.1324,0x74...6a4a,https://bscscan.com/tx/0x2d5771d4c7d4a74d2308ca5165b1ff06ef579054bc9e9d5c5fc54a5d1ef4fde8
2023-03-19 13:27:15,False,2.619e-10,7.771e-13,113887226731.0,0.885,0x3e...5c58,https://bscscan.com/tx/0x1333ed85f854ee29c05e0620a9a27402c477367d02bfae862d4b2bddfe269dcf
2023-03-19 13:27:06,False,2.631e-10,7.771e-13,422337938.0,0.0032,0x60...133a,https://bscscan.com/tx/0x8b95bb0664661d3dc3201b2833dce187173e6ff41ee2cee69da1af7890d1d9bd
2023-03-19 13:26:00,False,2.617e-10,7.771e-13,1267013810.0,0.0098,0x60...133a,https://bscscan.com/tx/0x7d51ba381fdd6d15c277f3027a4b847ecf6aeab622ddb475580761ff628082e3
2023-03-19 13:25:42,True,2.644e-10,7.81e-13,2282505202.0,0.0178,0x85...b868,https://bscscan.com/tx/0x1aaf5c4486fe0bc3bb62b4babbbe9149ff907d9ec5655e0331b740c7f694de64
2023-03-19 13:24:39,True,2.644e-10,7.81e-13,5423320283.0,0.0423,0x85...b868,https://bscscan.com/tx/0xea2df7edb5ebb8c01ee071cd9faeeb773a25cc49bc5fe7baeb1c0b983730aa4d
2023-03-19 13:22:27,False,2.63e-10,7.771e-13,17370000001.0,0.135,0x21...90d6,https://bscscan.com/tx/0xd02671a300131c09083a731997ff6ab8741e7c113d311c2e102696303dc38731
2023-03-19 13:22:24,False,2.63e-10,7.771e-13,56016880522.0,0.4353,0x8c...092b,https://bscscan.com/tx/0x238ec00d923346bb94c331dce8cee1600a1078da6a1d4da327a2b79fc9fcbf6b
2023-03-19 13:21:36,True,2.63e-10,7.81e-13,10849631447.0,0.0847,0x85...b868,https://bscscan.com/tx/0x1f4e6b67f3700e6cda63b7f4087dbda62ea441c31c02bbf6787c546e8fd62712
2023-03-19 13:19:51,True,2.629e-10,7.809e-13,646856000001.0,5.05182,0xf8...d779,https://bscscan.com/tx/0xd1e065cab29f503d7d53464951d5a2bb8d2f2c717583e6b4e890f42fd8d13b7a
2023-03-19 13:17:45,False,2.617e-10,7.769e-13,1375182303.0,0.0106,0xcc...6ffc,https://bscscan.com/tx/0x6693e9c523e61f5000e4cc5a3aade8c7860bd1e10d2960efce40120b1cb8bdd2
2023-03-19 13:15:27,True,2.629e-10,7.808e-13,17792989517.0,0.1389,0xa7...553d,https://bscscan.com/tx/0xffb61093edf6adbe3d8ff0e784c8a828e83abff7dd3ba883df971e2e336e67a6
2023-03-19 13:15:03,False,2.627e-10,7.769e-13,2153221614.0,0.0167,0x05...9b1b,https://bscscan.com/tx/0xea7debc824c0dff89ebf246556ae4eb4dfcde6cb217baa434c52faf27989247e
2023-03-19 13:14:24,False,2.628e-10,7.769e-13,17078278291.0,0.1326,0x30...0418,https://bscscan.com/tx/0x03b790ed9c8e2f0d582d98659aaa9853467e66352d4dd2c39b61bb5f494a8827
2023-03-19 13:14:21,False,2.628e-10,7.77e-13,337696104626.0,2.62399,0x05...7066,https://bscscan.com/tx/0x9c4ac8d7d9fda26b6edabb59b22e5b21e3f8fd0fc5af27d1268d77c4a691e507
2023-03-19 13:14:18,False,2.628e-10,7.77e-13,9000000000.0,0.0699,0x23...92e6,https://bscscan.com/tx/0x05582fe98c3dd83601c355f6e07cfbf92c6b5eff772a687f65b9d79488357bb8
2023-03-19 13:08:15,False,2.613e-10,7.77e-13,29540318374.0,0.2295,0x3d...76f1,https://bscscan.com/tx/0x15bc8e940dadcec60cb5c9ea9cad77f4f26330410e48a43ecf695063855fb00c
2023-03-19 13:07:42,False,2.625e-10,7.771e-13,8138954400.0,0.0632,0x6a...eb4a,https://bscscan.com/tx/0x1de57ebd9e5bc806dbf23b72663ad478ff55eac8fe0ae0599cee93a3bcde2411
2023-03-19 13:06:45,True,2.638e-10,7.81e-13,7900555043.0,0.0617,0xdf...e429,https://bscscan.com/tx/0x5c33981f18306fdf6ec25c5aa19fa55347b6d05b4fa7b3e607775646c2dfb7b4
2023-03-19 13:05:03,True,2.625e-10,7.81e-13,2000000000.0,0.0156,0xf3...8692,https://bscscan.com/tx/0x8f2a85ef274930eb32e4e14010278f8b86f7ceb8046b1dd69c30eca5944d6b8c
2023-03-19 13:02:45,False,2.625e-10,7.771e-13,2606961428.0,0.0202,0x05...9b1b,https://bscscan.com/tx/0x6e39b40df04f4c7143d72e74ac5fa3849899aa3c1ea6172d35bedbe026992171
2023-03-19 13:02:42,False,2.625e-10,7.771e-13,98525513702.0,0.7656,0x74...177e,https://bscscan.com/tx/0xe3196bb24ebe7dfbc2ad29b01ec52332a429767d2b01c20e5f6995455ba3d235
2023-03-19 12:58:56,False,2.623e-10,7.771e-13,2551320395.0,0.0198,0x2b...f396,https://bscscan.com/tx/0xedc045931a7b37961adc0d97fc1dd91ff3683386fc5d6ff4df003fdaaac4e260
2023-03-19 12:58:32,False,2.623e-10,7.771e-13,5180961755.0,0.0402,0xa9...367e,https://bscscan.com/tx/0xd7d556fc85f57152b03bf96a789823849c2b8770f94e5660cdf881a8c1bce9e1
2023-03-19 12:58:14,False,2.623e-10,7.771e-13,27416818877.0,0.213,0xf6...095d,https://bscscan.com/tx/0x926156ba410bcccd0a9d362098bfd6e7dc2d2f8128b2c4e677351e99834d8dd6
2023-03-19 12:52:11,True,2.635e-10,7.81e-13,14200000000.0,0.1109,0x02...1353,https://bscscan.com/tx/0x76b12fe926c4b6e6f101608565833ebee18aacf086e8467347086b6ae9119231
2023-03-19 12:46:59,False,2.617e-10,7.771e-13,7605648921.0,0.0591,0x00...65e1,https://bscscan.com/tx/0xd4f44932d9559f8b723211febd172605a80be882e43e27ecebe0b3ff30de745d
2023-03-19 12:41:56,True,2.621e-10,7.81e-13,3955095759.0,0.0308,0xf6...ce87,https://bscscan.com/tx/0x186b216c76f95f67b33f74b99ea2997d3ce5418510186eb37ed61d517786f69c
2023-03-19 12:39:14,True,2.634e-10,7.81e-13,1222222222.0,0.0095,0xfc...e63b,https://bscscan.com/tx/0xd96a33e5dc07fd3beea7c36d01c67d65c46ef470c75979764f193e54acc75183
2023-03-19 12:38:44,True,2.621e-10,7.81e-13,3584942976.0,0.028,0x76...6a9e,https://bscscan.com/tx/0xa729c440bd953bfc2884cf84baf2345751522120e2305487ead3e74bf3c08a84
2023-03-19 12:36:56,False,2.606e-10,7.771e-13,7650313206.0,0.0594,0xe2...f537,https://bscscan.com/tx/0x482aae6a37a06f8cbbb0988e645b20a7ed8c9d3f1279a10731e00f23293a2ca8
2023-03-19 12:36:44,True,2.619e-10,7.81e-13,123866440399.0,0.9674,0xbd...9397,https://bscscan.com/tx/0xd27ec713b982b75fd8e35538e72588fec56d17be5770a5caf68c5aa5728d626e
2023-03-19 12:34:11,False,2.616e-10,7.771e-13,744253110.0,0.0057,0xa6...7df8,https://bscscan.com/tx/0xbaaa540d896981853c0f0b02a656d9994af741e3c251eac16516016d4e0fcd97
2023-03-19 12:33:41,True,2.616e-10,7.81e-13,384121831.0,0.003,0xc9...8305,https://bscscan.com/tx/0xb77377b8230a2fff1061bc447141fa4079413d7ad1a07f5a4a634f83120af327
2023-03-19 12:33:20,True,2.629e-10,7.809e-13,25122045380.0,0.1962,0xaa...edab,https://bscscan.com/tx/0x8ceb33b0de74123f54946afd7cd80ea478471db8d9ed72a1419070556e9edd6e
2023-03-19 12:30:23,False,2.615e-10,7.77e-13,18000000000.0,0.1398,0x06...2ce7,https://bscscan.com/tx/0x637c8e3e8a8a831d872d9fa8b0f328a9103657049c1f4d3c1b5fee67bbac972e
2023-03-19 12:28:32,False,2.601e-10,7.771e-13,34268764489.0,0.2663,0x35...6bf9,https://bscscan.com/tx/0x9477e71e1978fb254918054a52d86963981d97ea1906422ffcf11c4ad0893c3e
2023-03-19 12:27:56,True,2.627e-10,7.81e-13,1290188094.0,0.01,0x87...79b8,https://bscscan.com/tx/0x8ac363c62dfe0ab82b96639a50aab014fb8ff3dd888466c0420b3fe85d8d0bf8
2023-03-19 12:25:08,False,2.601e-10,7.771e-13,8315631657.0,0.0646,0xf2...d478,https://bscscan.com/tx/0x6b6e0669a1a9c8af5e14826d713078330c1210931e49df5bb3fbfd1cc4513aca
2023-03-19 12:22:59,False,2.598e-10,7.771e-13,3767310948.0,0.0292,0x1b...3465,https://bscscan.com/tx/0x7baf473fa16c247617b7c591d1c3e5798114fb36c507cc7ab25e2eeaab85835f
2023-03-19 12:22:38,True,2.624e-10,7.81e-13,2323523228.0,0.0181,0x56...c5b3,https://bscscan.com/tx/0x61706be315e39a0a14378d5e390f02c86c48fa49438f50e8c2357cf5776b5bd2
2023-03-19 12:20:08,True,2.619e-10,7.81e-13,6734283084.0,0.0526,0xef...8266,https://bscscan.com/tx/0xd4e6e8c5261a40a8681d46cd38572360ac794b52e981c20708948c6736868a40
2023-03-19 12:19:26,True,2.606e-10,7.81e-13,7682349222.0,0.06,0xe6...dd9a,https://bscscan.com/tx/0x9e87a952c9587366409b850a7bf9567fd34880f76a710d59bfbaf19229daf17f
2023-03-19 12:17:59,False,2.606e-10,7.771e-13,5977941223.0,0.0464,0x9a...72f2,https://bscscan.com/tx/0x0bae5c9dd0b7805c7b3528505ee893f8c8d7bb79298e98cd379d52e1ce01dc80
2023-03-19 12:17:32,True,2.606e-10,7.81e-13,5774786907.0,0.0451,0xaa...edab,https://bscscan.com/tx/0xdc5b958a5a941532b91c2c504335f7b04278612c3db6ec8ec5a8aa7461d8e79f
2023-03-19 12:14:11,True,2.603e-10,7.81e-13,25440030752.0,0.1986,0x6d...533f,https://bscscan.com/tx/0x64636fa70206134fb4675903d3023ae53bbf627ce08afa5ebf6f92ae6f69fc82
2023-03-19 12:09:35,True,2.603e-10,7.809e-13,25000000000.0,0.1952,0x86...cf23,https://bscscan.com/tx/0xe681a6bf34e13c6812bd30487628c805785970efe766f56467fdb8674ab96572
2023-03-19 12:08:14,True,2.603e-10,7.809e-13,16816000000.0,0.1313,0xd0...908f,https://bscscan.com/tx/0xc63893c6ea28554ecbc3894bf09743f0438559a5d14c32876dc135afbcde25af
2023-03-19 12:05:59,True,2.622e-10,7.809e-13,30000000000.0,0.2342,0x6f...fe85,https://bscscan.com/tx/0x691e4c92a16d1e896aed28e20e30c56aa33ce67d24b895acd7fa8ae4e38164a1
2023-03-19 12:05:11,True,2.609e-10,7.809e-13,16510666814.0,0.1289,0x75...3c41,https://bscscan.com/tx/0x179a3a7cb1e6154aae80d402889251d6f2dbc71348e8696d5254912875003d21
2023-03-19 12:05:11,True,2.609e-10,7.809e-13,4150480000.0,0.0324,0xfa...3ace,https://bscscan.com/tx/0xd1e68d63dfaea03c998e65208484b567a0d0f2f5615911dcfce3bd3565c73833
2023-03-19 12:04:47,True,2.623e-10,7.809e-13,58095791403.0,0.4537,0xef...2d1d,https://bscscan.com/tx/0x8ddf45e7698ee416d62a426c7bb3d49dbbe495dbd928934e0682a6078e1c4fd7
2023-03-19 12:00:59,False,2.599e-10,7.77e-13,91575029294.0,0.7116,0xd8...94f0,https://bscscan.com/tx/0xe8429fbc5f33e72dffa37364b3d9cb20ff5eeb2fd54217d14b4d90933100594d
2023-03-19 12:00:08,True,2.625e-10,7.809e-13,33291790779.0,0.26,0xf1...38f5,https://bscscan.com/tx/0xed5b29456d653bab65541b404085f2093b33d240870bfce3ce933b0a3bda4d12
2023-03-19 11:55:23,False,2.6e-10,7.771e-13,333025296640.0,2.58803,0xaa...edab,https://bscscan.com/tx/0xd4037b82249536535e413bfe026135b86b4fe8a7fc56c496664dcc6427ed237c
2023-03-19 11:54:50,True,2.626e-10,7.81e-13,41879476889.0,0.3271,0x1c...2f1d,https://bscscan.com/tx/0x95748219b47dc78ad9da360c36fe6e8607fb5d2c801994168ece26d5d1ac8bdd
2023-03-19 11:54:17,True,2.613e-10,7.81e-13,25000000000.0,0.1952,0xe1...a67a,https://bscscan.com/tx/0xcc1676fc8efc8d776d4d944276e85ba48642ca869079a644851d34a6d1e26f62
2023-03-19 11:50:17,False,2.604e-10,7.771e-13,3172548029.0,0.0246,0x30...052a,https://bscscan.com/tx/0x65e2dbb3b2da771941e2e66b62531d035dd4eede2074e3d1ece69eebc3267836
2023-03-19 11:46:41,False,2.617e-10,7.771e-13,1800369826.0,0.0139,0xd8...82c1,https://bscscan.com/tx/0x76e3f5daceb0d9f943f3ebc21cdd938ede26af85787302b0f59fa43be4e3efad
2023-03-19 11:45:56,True,2.631e-10,7.81e-13,28455377923.0,0.2222,0x86...cefe,https://bscscan.com/tx/0x06f64483d7413289e871f293e84a23c54e8e5d0835cda6c0307c23bcbc8e5eb4
2023-03-19 11:45:15,False,2.605e-10,7.771e-13,4143774836.0,0.0322,0x1d...bb6b,https://bscscan.com/tx/0x34e561b6ef238c7183c6e96d72eabcd13d6a68ef546dab455e0261756ccf98c0
2023-03-19 11:44:15,False,2.619e-10,7.772e-13,540000000000.0,4.19716,0x3e...474f,https://bscscan.com/tx/0x643b2a59d90908a794a0f2a05cfeffa7a785c3ba2b7acfb610cbc4da89b04998
2023-03-19 11:43:54,False,2.606e-10,7.773e-13,20251408480.0,0.1574,0x78...4286,https://bscscan.com/tx/0xd9d8f70355af6e9b188e1372478499345ec3df0d2a212c43beeb956483612ab1
2023-03-19 11:42:39,False,2.604e-10,7.773e-13,51340789101.0,0.3991,0xcb...7796,https://bscscan.com/tx/0x08af93216355fd475aecb4bd5c1b69af0c07ec6fc6090afd1495e9fd6f84f25b
2023-03-19 11:42:18,True,2.63e-10,7.812e-13,3722610575.0,0.029,0x17...287f,https://bscscan.com/tx/0x578761a0a3959a959467b458e6767d587409e2e7d2a0766174ff7ca4200e75fe
2023-03-19 11:38:48,False,2.616e-10,7.773e-13,40036883564.0,0.3112,0x05...7066,https://bscscan.com/tx/0xd6e23812cae2afad3f99182576fdea9ef9f38a7876c81f66611104249588f2d2
2023-03-19 11:36:36,True,2.616e-10,7.812e-13,17520106911.0,0.1368,0xb9...d5a4,https://bscscan.com/tx/0x1f181fb3a21a39993eeed180bc408d4b9fa4f6eef34a9b70e3ab032fef303f29
2023-03-19 11:35:54,True,2.615e-10,7.812e-13,6606575949.0,0.0516,0x67...f20c,https://bscscan.com/tx/0x9199b02f1fd5effdf2ba78a726c95ac5e897ac5324b37a7263453bd36bb94d0f
2023-03-19 11:35:00,True,2.628e-10,7.812e-13,10657557058.0,0.0832,0x9a...28bc,https://bscscan.com/tx/0x70fc5ba59be5e8c5f9124e578a7eb64ce06db8d092c94ba339d5682301c1841a
2023-03-19 11:34:45,False,2.615e-10,7.773e-13,7247042358.0,0.0563,0x34...5b81,https://bscscan.com/tx/0x2b75bb0f2345944e6a5f1b4669754e77caf489d9ad70b8a4c5d57f327158af5d
2023-03-19 11:32:36,False,2.616e-10,7.773e-13,112500000000.0,0.8745,0xe8...3747,https://bscscan.com/tx/0x4b982e0100c1321204e68606b2a274532b05872c6a36b2943c37a91f3eee7f42
2023-03-19 11:30:33,False,2.616e-10,7.774e-13,13500000000.0,0.1049,0x95...949e,https://bscscan.com/tx/0xbe9bfc693e8aea26de24241394345fbd05dc235e4f2726a78255cba3d4ef2814
2023-03-19 11:30:27,True,2.629e-10,7.813e-13,25189773276.0,0.1968,0xd8...39d6,https://bscscan.com/tx/0x97215063ee9da8c85cfcb4c8952e3bda0eb6fb5b7ddbdd462dfbfae2120971a5
2023-03-19 11:29:57,False,2.616e-10,7.774e-13,7859208406.0,0.0611,0xf1...5420,https://bscscan.com/tx/0xe8151bcdfad685ac7446b302678a199d23600ab849f53040b82a35c8c927a2d1
2023-03-19 11:29:15,False,2.616e-10,7.774e-13,25184997957.0,0.1957,0x29...8292,https://bscscan.com/tx/0x0d58d90b382733147dbcbe96ae5002571d8a3e543610cb53f3cd0b2d1807b821
2023-03-19 11:28:39,False,2.603e-10,7.774e-13,257504686295.0,2.00202,0x26...586d,https://bscscan.com/tx/0x04c5193f38ca04b2e0b5429d273efac88d93d09e7c33d3ed5ade2ea8733b13f9
2023-03-19 11:26:33,True,2.628e-10,7.814e-13,38392023290.0,0.3,0x99...1d61,https://bscscan.com/tx/0x21694d8d057a01012b99b1d2a096748f5540b0f0d2e141b95bfa70832f279484
2023-03-19 11:24:15,False,2.598e-10,7.775e-13,10761531534.0,0.0836,0x3f...35be,https://bscscan.com/tx/0x394d3d7a000932a126cbd35b0b07bd501acf8537f9de5784a6f05282a12a0adc
2023-03-19 11:23:57,False,2.598e-10,7.775e-13,17064132802.0,0.1326,0x9f...ce23,https://bscscan.com/tx/0x52a3d6a1f1804567e9e468e724c1335c2bffef1d3c37bff7f873828645b41ca7
2023-03-19 11:23:09,True,2.612e-10,7.814e-13,1612694318.0,0.0126,0x9a...c059,https://bscscan.com/tx/0xb11db4f12e85dab1becf962dae95069d497ba731dfec7fb0d8d642775bae2599
2023-03-19 11:21:54,True,2.611e-10,7.814e-13,6782579600.0,0.053,0x98...2e65,https://bscscan.com/tx/0x24a06bf8b44b55eeec9954244ac44721d88426ed3a188bda6fbb10cea1c7aeb2
2023-03-19 11:20:30,True,2.61e-10,7.814e-13,9500000000.0,0.0742,0x71...9d43,https://bscscan.com/tx/0x445602f65d54eb7ebe1ec71d4d7b083e90f642eda9678927c23ce3724b57ca52
2023-03-19 11:17:00,False,2.61e-10,7.775e-13,26074816272.0,0.2027,0x83...d585,https://bscscan.com/tx/0xdf8b98a6e691f99c34760369c9f7db9ef714ec2b6c6ca595c2f179c7307e577b
2023-03-19 11:14:36,False,2.611e-10,7.775e-13,21820314109.0,0.1696,0x31...6ad3,https://bscscan.com/tx/0xdbc3318994aca52e6878418e0c8c8230ea5746bc8c65aa69e885dbd41f97a15f
2023-03-19 11:14:12,True,2.611e-10,7.814e-13,42215539203.0,0.3298,0x16...1c0b,https://bscscan.com/tx/0x4399eabb2a4bf1c81aa48464d727c7476b2715aa406b95d1a1dd055f23832e4a
2023-03-19 11:13:36,True,2.611e-10,7.814e-13,1023789300.0,0.008,0xa6...99ce,https://bscscan.com/tx/0x99d065783687ffed73e14378e74845a6e2778fc0272148c3d18089e2f9e59af6
2023-03-19 11:10:15,False,2.597e-10,7.775e-13,3856378281.0,0.0299,0xcd...fce4,https://bscscan.com/tx/0xa6a2de632ca3c5292cbddb81d3856340d5cd186ba3a814ec9e44c2c8e61a375b
2023-03-19 11:08:00,False,2.614e-10,7.775e-13,2786508477.0,0.0216,0xc2...09ce,https://bscscan.com/tx/0x6eaa6ef426d736e45a3d7810c1cc6d7a2561e2994bbfa6ca1e5c6346f01e0ae6
2023-03-19 11:06:54,True,2.614e-10,7.814e-13,6000000000.0,0.0468,0x0d...3040,https://bscscan.com/tx/0x886662947ad4024fb0d3c2800823ec158afeb29a7292d62d1a1f5be158f60a7a
2023-03-19 11:05:03,False,2.613e-10,7.775e-13,10089021656.0,0.0784,0xd9...3279,https://bscscan.com/tx/0x56fe56c14b6550b3865d53983b0c166718832a3bc2e2be4023c36f3126802f05
2023-03-19 10:59:16,False,2.613e-10,7.775e-13,9900000000.0,0.0769,0x8e...54e6,https://bscscan.com/tx/0x0e5a66f54e9217f4d510a556f0d9aa9ffad735b83445a772db7560171c1d9c36
2023-03-19 10:58:58,True,2.626e-10,7.814e-13,55211156287.0,0.4314,0xcb...a83a,https://bscscan.com/tx/0xce92c0cbb7f6867914b8a4a9590bd2401a198c489969364741a612258bd49f31
2023-03-19 10:56:53,True,2.626e-10,7.813e-13,2356047393.0,0.0184,0x81...4053,https://bscscan.com/tx/0xd6703966583223bb2fad01e85206f72c53508e2d9c16c7637131870e13e1cc38
2023-03-19 10:53:09,False,2.599e-10,7.774e-13,4336533540.0,0.0337,0xe7...90e6,https://bscscan.com/tx/0xbec68a2b48115ef7c892e0c1bf48612e2a81f2adfddd9909a93ebbdc3375795a
2023-03-19 10:51:18,False,2.599e-10,7.775e-13,100534665315.0,0.7816,0x05...7066,https://bscscan.com/tx/0xef874e80d5e7ceabc7df692c8709bc039ffa21fd935cd321453fe2f6c27b8361
2023-03-19 10:50:57,False,2.612e-10,7.775e-13,219301351714.0,1.70523,0x18...352f,https://bscscan.com/tx/0x22b79929c725a7de5ae7c12dbc84402e31088af766e2f79e59e48898529883bd
2023-03-19 10:49:57,True,2.612e-10,7.813e-13,719108875364.0,5.619,0x97...9c89,https://bscscan.com/tx/0xb8fbb40a20cbb4d2a9db8ff531061a60aa7d7d0d7a60eaea3f9f3dfd262ee6d1
2023-03-19 10:49:30,False,2.598e-10,7.773e-13,3786433939.0,0.0294,0xd5...f816,https://bscscan.com/tx/0x44089d598b8b1ddeddd36c074b7e38bce7cf17ac8dfc8d868e83a1b820dc1154
2023-03-19 10:48:36,False,2.598e-10,7.773e-13,20683486209.0,0.1607,0xfc...ffe0,https://bscscan.com/tx/0xa33729d76b97f234f3a0719f6df43c7e7ee28490bfaf66f0f9c7221168a79f41
2023-03-19 10:48:12,False,2.612e-10,7.773e-13,9863016033.0,0.0766,0xd3...6590,https://bscscan.com/tx/0xa1283f418485c9fa7c9ff772c466af12f9bcf1cdee833068323808cc2c0e2be5
2023-03-19 10:47:27,True,2.625e-10,7.812e-13,127501859.0,9.961e-05,0x9d...09a5,https://bscscan.com/tx/0x8aa1d3f2697b20390b43052048d147b74775f896f7832251998f82895987a72c
2023-03-19 10:47:00,False,2.598e-10,7.773e-13,3510000000.0,0.0272,0xf1...f668,https://bscscan.com/tx/0xbde9460ae48e361589f496bf411e8d9fd35981ad08baf86ec6654026f8d44252
2023-03-19 10:46:48,False,2.611e-10,7.773e-13,76588889867.0,0.5953,0x28...6d66,https://bscscan.com/tx/0xbad049227f7490bad7ff93d4fb411229edc9cbcc23125ccf5048d4049f1fe1f5
2023-03-19 10:46:00,False,2.599e-10,7.773e-13,5801064432.0,0.0451,0x6e...82a0,https://bscscan.com/tx/0x1d1c80a9861011069de7fe74b7ea4adabb5771c4f8e495648bd08d7b17e6af30
2023-03-19 10:44:26,True,2.611e-10,7.812e-13,70396829846.0,0.55,0xc3...feb6,https://bscscan.com/tx/0xd157ec15d33eefe829bc1d85a6bbc41b3aef4820d88b73a458b4c5df102f567e
2023-03-19 10:40:53,False,2.596e-10,7.773e-13,36003856564.0,0.2798,0xc1...bfb9,https://bscscan.com/tx/0xb7f6e2b38bfa252aae2cd7d5f761e630f7af6ca6ab7610ada985d7d902c18c6a
2023-03-19 10:39:35,True,2.622e-10,7.812e-13,78032300001.0,0.6096,0x43...122e,https://bscscan.com/tx/0xeefeae222ad366afb66c12421c8e24bf0fc39f5d7a32d13ffa118674d185c2c1
2023-03-19 10:38:14,True,2.622e-10,7.812e-13,500000000.0,0.0039,0x54...ae8f,https://bscscan.com/tx/0x31306b1d445d45923910c4396f569668e66bd581bfef861f3d08f44f2a9741db
2023-03-19 10:37:23,False,2.596e-10,7.773e-13,117000000000.0,0.9095,0xb7...865d,https://bscscan.com/tx/0xe70a5bb5b0adc9be19697f44cad08085ae6c86949dabba5f079c586ecbdbd161
2023-03-19 10:34:41,True,2.622e-10,7.812e-13,6670439432.0,0.0521,0xc9...666b,https://bscscan.com/tx/0x5a133e9bcfaf6d4f48ba6b62be9d50e5eac4415205bbb959349dd8340811fd84
2023-03-19 10:33:32,True,2.609e-10,7.812e-13,90131834091.0,0.7041,0x8c...092b,https://bscscan.com/tx/0x14605412ba470ac1fe6dbb25418a6994f565307a8be726ed543829fcc00381f9
2023-03-19 10:33:23,True,2.609e-10,7.812e-13,90135579131.0,0.7041,0x8c...092b,https://bscscan.com/tx/0x471a00c9001493b3a84076ae75899ca44a82f46c20cc4986012f4230b7512432
2023-03-19 10:31:11,False,2.609e-10,7.773e-13,29575959936.0,0.2299,0xed...2977,https://bscscan.com/tx/0x4c933364bfbc5a885187245f0dca4b2e9ee2f14d24dd0c3c312697c523eb573c
2023-03-19 10:28:59,True,2.622e-10,7.812e-13,1280012660.0,0.01,0x8e...a083,https://bscscan.com/tx/0x58b31d664ded725f0d86ac256fbc7c5af686712e743cfac89dd6a3cb5857b678
2023-03-19 10:26:18,True,2.625e-10,7.812e-13,6122293086.0,0.0478,0xc5...9f9c,https://bscscan.com/tx/0x6913b65f6d5c9007d5a64925d0e2dfa98ad8eef1c5f8d77ec1e67cf9a3f08ab3
2023-03-19 10:23:18,False,2.599e-10,7.773e-13,15214083718.0,0.1182,0xe9...49ff,https://bscscan.com/tx/0xc0b6c569e474e48f7da73750f68e797b02e16d30483fcfa0f5d3e22a2fbd6d34
2023-03-19 10:22:42,False,2.612e-10,7.773e-13,39434611137.0,0.3065,0xed...2977,https://bscscan.com/tx/0x1e7d2eab924fe578049be8e6b3f1d6497761b510ea75914fedc0c4d6b031a277
2023-03-19 10:22:39,True,2.625e-10,7.812e-13,2406370000.0,0.0188,0xb8...b5f6,https://bscscan.com/tx/0xd689339a09a3b35c4c8e123df31e25fa7a5e5a9c9983ca9703e0ccdb66b0df88
2023-03-19 10:20:12,True,2.613e-10,7.812e-13,16476610808.0,0.1287,0x4d...5f5b,https://bscscan.com/tx/0x3aeefa75a23f26dc38891d4cbd888b9789ebafe2c894aa6c7838dd84e134e086
2023-03-19 10:18:21,True,2.612e-10,7.812e-13,5618720888.0,0.0439,0x4d...5f5b,https://bscscan.com/tx/0xbe9f87b58ae4ae738adcf5cc746c42a6319bb32c43f1fab224b9c9b23f79cd18
2023-03-19 10:17:03,False,2.612e-10,7.773e-13,12113801448.0,0.0941,0xa8...afed,https://bscscan.com/tx/0x29b5e8dd50118023f67a2ff56d5702a59aba54e147f71bc1846d705a4ffa8e90
2023-03-19 10:16:39,True,2.612e-10,7.812e-13,2049657223.0,0.016,0x33...d43c,https://bscscan.com/tx/0x3453f9c9980bade2871ad38fe75eef3683f6ce93e68098da3166c87f5e447a96
2023-03-19 10:15:27,True,2.612e-10,7.812e-13,35840101033.0,0.28,0xe5...8b4b,https://bscscan.com/tx/0xc1dcd899140a94dd45c0cf45d65253014e73b28561e8b71bad775882c3dc28dc
2023-03-19 10:15:06,False,2.599e-10,7.773e-13,57529658301.0,0.4472,0xc9...8844,https://bscscan.com/tx/0x9989a6ce32c7fb9f68cc433bfc8d3457d09bfe84db5006517fddb6ab1779d9c5
2023-03-19 10:13:42,True,2.613e-10,7.812e-13,15000000000.0,0.1171,0xab...4722,https://bscscan.com/tx/0x412a9070915a437b13f47b9290ed145f5e699eb007b659d12cfcb40cdaf2e5ff
2023-03-19 10:10:30,False,2.6e-10,7.773e-13,166172840041.0,1.2918,0x6d...576c,https://bscscan.com/tx/0xc668535a1f7008e4eef300a610877f7eaf362bd90222343e209b66e2c3e75c97
2023-03-19 10:05:33,False,2.6e-10,7.774e-13,10989804865.0,0.0854,0xe4...d6be,https://bscscan.com/tx/0xd65aa9c9a9d90ce7281ea23165f98e55dd256d5423de5b130977379e7ee32fab
2023-03-19 10:04:20,True,2.612e-10,7.812e-13,639567578466.0,4.99633,0x97...9c89,https://bscscan.com/tx/0xd2ef1711f92356e6dc539a0e7f053e20d78df0d06d20dc372b22408ace865e98
2023-03-19 10:02:32,True,2.625e-10,7.81e-13,4470796342.0,0.0349,0x90...89ed,https://bscscan.com/tx/0x31ecea21259d68742e8df18133e46cfb630b46cf0347b5843d2e1ca293a053f1
2023-03-19 10:02:02,False,2.6e-10,7.772e-13,89063327650.0,0.6922,0xe8...7116,https://bscscan.com/tx/0x7b18c6c34f9053785a82a25a73f326825e926f71b058c8ba1b8251dfa7ff3e24
2023-03-19 10:00:41,True,2.625e-10,7.811e-13,599139527.0,0.0046,0x0f...c312,https://bscscan.com/tx/0x0d54797084e98d0ddae552fe2c88a092b51d687121083af3014707e32ed577f0
2023-03-19 09:58:41,False,2.6e-10,7.772e-13,5598000000.0,0.0435,0x0f...c312,https://bscscan.com/tx/0xa53a52aa126fff0f2f090f7ba7b7beaa17727325e69ce30ec97053070eb3a212
2023-03-19 09:56:17,False,2.612e-10,7.772e-13,52981177802.0,0.4117,0x2a...797c,https://bscscan.com/tx/0x1583c1273b048296f640264c6ac05c94c316a648275d2b97017efae6b71892f3
2023-03-19 09:52:53,False,2.603e-10,7.772e-13,849103469.0,0.0066,0x38...de13,https://bscscan.com/tx/0x6613831b990b4a78f24bfcc11c8273ce0829ec12cc49ca308131dc71fc80ad50
2023-03-19 09:51:11,False,2.603e-10,7.772e-13,22638352715.0,0.1759,0x36...de93,https://bscscan.com/tx/0x0c4cf489b3ffee85f5f28fb237f1bfe9c11f5d690e454e5f0d111389fef6c438
2023-03-19 09:46:23,False,2.615e-10,7.772e-13,9002037073.0,0.0699,0x83...e794,https://bscscan.com/tx/0xf6b1de9a76d45f0b363c8aa5af4941d8c3c0a742895592ddf3533d3fc3ee1275
2023-03-19 09:45:56,False,2.615e-10,7.772e-13,1846360562.0,0.0143,0xf0...462c,https://bscscan.com/tx/0x27fa0775bc9351ff2a37c8d732ff99aed4fb1ea319da3fb5baa10dd63edb6fe5
2023-03-19 09:45:50,False,2.615e-10,7.772e-13,9002570580.0,0.0699,0xc2...6ce9,https://bscscan.com/tx/0x8cc15458d557318cc7b76b76b7102743730858616f9c0f1d3b32020e69edfee8
2023-03-19 09:41:11,False,2.602e-10,7.772e-13,91743726978.0,0.7131,0x4b...05ff,https://bscscan.com/tx/0x38977351e2b900490b639d42b55865a6a708319cc82d84386d60a3d4560458c1
2023-03-19 09:40:32,False,2.603e-10,7.772e-13,8422633171.0,0.0654,0x39...eab7,https://bscscan.com/tx/0xc36e4d1f5461326368a33ed3a00c203639bfbbc49d7219da9191f65eb41d9503
2023-03-19 09:40:17,True,2.617e-10,7.811e-13,38403157139.0,0.3,0xa4...b67a,https://bscscan.com/tx/0x8185b28a722d3cf186e6ecd1d4b4db5806227f89005cf6cf3aa349fca6a8e01b
2023-03-19 09:39:47,False,2.617e-10,7.773e-13,125193580097.0,0.9731,0x05...7066,https://bscscan.com/tx/0x4b3c986f238189d95d1a751e44836d2149d944d5bbd3e86fa2b89cbb94c67f01
2023-03-19 09:39:26,False,2.604e-10,7.773e-13,805950000.0,0.0062,0xf0...462c,https://bscscan.com/tx/0xe1a056f00bdec79c68b5afd5f06b400c4fb2b778a101b797f2a2713bf24ee5c8
2023-03-19 09:38:47,True,2.617e-10,7.812e-13,28545452227.0,0.223,0x7a...7129,https://bscscan.com/tx/0x9e902e538a706f066f74f060d00ccae17e5cd9525258215ca1d1e4fdd78ed47a
2023-03-19 09:38:26,True,2.616e-10,7.812e-13,5000000000.0,0.039,0x4a...4c29,https://bscscan.com/tx/0x51e0ed9281cf45d907b7c66b1d7362a45d3415fb8f49ae332eaa4169ce9f9c58
2023-03-19 09:36:20,False,2.604e-10,7.773e-13,32321123559.0,0.2512,0x4b...4a3b,https://bscscan.com/tx/0x5a4751dc40c9573c0c3f7d9590ee16e6735e77021315b8f46c18d3ae66556166
2023-03-19 09:33:21,False,2.602e-10,7.773e-13,810000000.0,0.0063,0xf0...462c,https://bscscan.com/tx/0x7af03144b238cb328d151f89f118933f16aca13605aad7d3e2b44213c1935cbf
2023-03-19 09:32:33,True,2.616e-10,7.812e-13,3576410185.0,0.0279,0xf5...5f80,https://bscscan.com/tx/0x9b2412145dc14b3075b17e9e6be6188fefb764b8591ca9b93b39a8d2dba3064e
2023-03-19 09:32:24,True,2.616e-10,7.812e-13,19200757010.0,0.15,0x4d...9866,https://bscscan.com/tx/0xb9852f4c10cc3b87dfb70bb5886589436f70008943fbb8d756fa15c703ddc6ca
2023-03-19 09:29:54,True,2.619e-10,7.812e-13,16000000000.0,0.1249,0x97...abbc,https://bscscan.com/tx/0x71d82546f429509ad254e1917248857d19b3396df5f4e18e0b32649ff6bb84da
2023-03-19 09:27:00,False,2.613e-10,7.773e-13,19543648591.0,0.1519,0x22...6beb,https://bscscan.com/tx/0x40dc44035226e941dc6b3193727fe57536f8c6cd52ca3e1b38d387fcec9d055d
2023-03-19 09:26:27,False,2.6e-10,7.773e-13,144000000.0,0.0011,0xf0...462c,https://bscscan.com/tx/0xa68a56eb28301b58882e559b7077466f7c37ae13bb1ea09e44f758fc0f340016
2023-03-19 09:26:15,True,2.626e-10,7.812e-13,1571650000.0,0.0122,0x74...3611,https://bscscan.com/tx/0xc0388cfa1e3054dd8401b49b31ecde74f299bed0fe1f0802f90c231e1508b4ae
2023-03-19 09:26:03,True,2.612e-10,7.812e-13,10000000.0,7.812e-06,0x68...8798,https://bscscan.com/tx/0xa535dc41cea8e0d1771dc2e5fa99e671f6868df6afe966e6cf7d861c0a1a3b11
2023-03-19 09:23:06,True,2.611e-10,7.812e-13,4343317712.0,0.0339,0xd1...2fe4,https://bscscan.com/tx/0x442c9b4dfc400d8e3ef0cf0b277d0942b595a55e17a6c4cb87a8a92680261bb6
2023-03-19 09:19:03,True,2.611e-10,7.812e-13,32168522832.0,0.2513,0x78...1649,https://bscscan.com/tx/0x6128969a484a41aa295d3270a252059155d8f8d062d0e9d873ad45722f9d28b0
2023-03-19 09:18:42,True,2.611e-10,7.812e-13,500000000.0,0.0039,0xd4...c709,https://bscscan.com/tx/0x2a66940fb5c70d9a32a9fd1e944b6ff2b79b5c3edb8ad96861808cfca67c56a5
2023-03-19 09:17:24,False,2.597e-10,7.773e-13,6277290484.0,0.0487,0xf0...462c,https://bscscan.com/tx/0xa507caf8cb5e5e6fd70dd90a06415c8a0f0057303d0598dbb3356854c4924320
2023-03-19 09:15:27,True,2.623e-10,7.812e-13,3000000000.0,0.0234,0xd4...c709,https://bscscan.com/tx/0x9e4eb49220f47f523e30806d6763ad5a4c0ca39c0f5484c722ab6d32eef43141
2023-03-19 09:15:15,False,2.61e-10,7.773e-13,7216249119.0,0.056,0x28...4419,https://bscscan.com/tx/0x9aa5388c5467e00276ac33da2025cbf4307e21b97ecc53884e8504b77e0ef694
2023-03-19 09:14:57,False,2.597e-10,7.773e-13,25093321467.0,0.195,0x85...760b,https://bscscan.com/tx/0x78b1594cfd2aabc1b5b7214cfc28935cb187eb9d9dbad1592b30dd83d0861e74
2023-03-19 09:10:57,False,2.61e-10,7.773e-13,2418662375.0,0.0188,0x26...1254,https://bscscan.com/tx/0xe9bae5c256cd005cbc718d080cb6c369b8d1b6d879f02743021f154d0c146d18
2023-03-19 09:03:44,False,2.597e-10,7.773e-13,5423230490.0,0.0421,0xfb...42f1,https://bscscan.com/tx/0xcea85cb37b2acaf25084b2a254644505a1d2af01ff8a0018008dea384acbfbb5
2023-03-19 09:02:15,True,2.61e-10,7.812e-13,40000000000.0,0.3124,0xe1...bfb4,https://bscscan.com/tx/0xeddf4d017bcb611c6751bb69d1b72d93f3d7f9de6d29234aad2e7d832a3099a6
2023-03-19 09:01:26,True,2.622e-10,7.812e-13,12800700001.0,0.1,0x60...10ba,https://bscscan.com/tx/0xff6acf22a602d2a2936b4635730c1134994dee9803ca806b59cd9f03b352ede4
2023-03-19 08:58:27,True,2.608e-10,7.811e-13,1000000000.0,0.0078,0x3c...5da5,https://bscscan.com/tx/0x6cde0d6129eca040b516b3a4191fdce5981426f1a7303e816be9fe282684c2fc
2023-03-19 08:57:12,True,2.621e-10,7.811e-13,18708867358.0,0.1461,0xbb...cad0,https://bscscan.com/tx/0xe9dae4364ed69e2c8003406e2f0cd3b79a5db952a28faf1d321fdbbf8b024ad0
2023-03-19 08:56:48,True,2.608e-10,7.811e-13,1000000000.0,0.0078,0xc9...75da,https://bscscan.com/tx/0x17d8cb1f3af1386355f4e4846a5f3bd0ed49ba76275b661924c86cd308a89c7e
2023-03-19 08:53:15,False,2.607e-10,7.772e-13,899914725.0,0.0069,0xf0...462c,https://bscscan.com/tx/0x713239bb9cc1f7327c07fcf4722d9b92eb24801b20890c5e61aac53eeaf57d0d
2023-03-19 08:50:24,False,2.607e-10,7.772e-13,6654015091.0,0.0517,0xae...3bfb,https://bscscan.com/tx/0x21a380c4467b9986052346c45342ab284a77409e6445fa553fedadf387a196d0
2023-03-19 08:47:42,True,2.614e-10,7.794e-13,9612153019001.0,74.9235,0xb9...f731,https://bscscan.com/tx/0x38ea36d9f5a5c73de7e6820889e79455a659a407165ce895abdbfd490eb11a9f
2023-03-19 08:47:42,False,2.595e-10,7.738e-13,3907673609.0,0.0302,0x38...085e,https://bscscan.com/tx/0xb51434ef86915181a5b86b046171c81b3cb2cdebcba4cc19b67bba91e31bb282
2023-03-19 08:45:03,False,2.583e-10,7.738e-13,191625300001.0,1.48298,0x0a...503a,https://bscscan.com/tx/0xbebdfb2e3237ed71ce8ab83fd71406e4fd5c962e6351a191385ef1dfdf9bb39e
2023-03-19 08:44:27,False,2.596e-10,7.739e-13,2379876832.0,0.0184,0x3a...9220,https://bscscan.com/tx/0xa094b99c31ae3294f76715053cdfcd0f16b8ff752842536d75d3310f3c21c3d3
2023-03-19 08:41:18,True,2.607e-10,7.778e-13,3825611123.0,0.0297,0x5a...7b62,https://bscscan.com/tx/0xb1f5a07f18a3ea614436c8b41b0b537be05c3de8cee7c1e2a089051d5089b84c
2023-03-19 08:39:54,True,2.594e-10,7.778e-13,24550896931.0,0.1909,0x49...aa9e,https://bscscan.com/tx/0x1f92fb3daef18f0dedecab68d558b8da2d9d88b01e9c289dfc943d6695ac6e15
2023-03-19 08:39:36,True,2.594e-10,7.778e-13,5000000000.0,0.0388,0x9f...dbeb,https://bscscan.com/tx/0xd47949171f4c5dbcc3d270365b55c31b2b3f4f0a2755d30a20d2849acfb76ffe
2023-03-19 08:39:36,True,2.594e-10,7.778e-13,4885556205.0,0.038,0xca...018e,https://bscscan.com/tx/0x38b516d8e7b1395c25a0d51fe4b4bccddb1eee0b357817affbcb8cb5b152a7fb
2023-03-19 08:38:36,True,2.594e-10,7.777e-13,41141961862.0,0.32,0x96...9a48,https://bscscan.com/tx/0x3094d5b6f14ed3abb3c6fc30daf68c43e14d02b1036f1dff886a569f13a93d51
2023-03-19 08:32:42,True,2.593e-10,7.777e-13,17999853014.0,0.14,0x66...6626,https://bscscan.com/tx/0x7dd63cbcbd992dfb6a74491ead2dc259fb7a8a6b1ee7eeed5efbbed96797769b
2023-03-19 08:29:27,True,2.584e-10,7.758e-13,0.2,1.555e-13,0x18...7a6c,https://bscscan.com/tx/0x312f8e4fcc3336c0a7a19e1aed4eee823b5179e15eddb7290c229cff3d6704d8
2023-03-19 08:27:51,False,2.578e-10,7.738e-13,14870592716.0,0.115,0x97...b54f,https://bscscan.com/tx/0xdf380197efbae438df8d34def660c0007aac69496afc2f338b864d94adcf1a1c
2023-03-19 08:27:09,False,2.59e-10,7.739e-13,6300000000.0,0.0487,0xb2...0565,https://bscscan.com/tx/0xaf8030f3ae71586ca6504870730cd9c88117fd5af98d380206bc480a0462ae42
2023-03-19 08:24:48,False,2.577e-10,7.739e-13,84229526928.0,0.6518,0xa1...2b68,https://bscscan.com/tx/0xd797e98d5d675b2fb522d88a87c64b794105f9bf2403f1ec352c9e133bd29fa0
2023-03-19 08:23:15,False,2.576e-10,7.739e-13,24300000000.0,0.188,0x1e...09aa,https://bscscan.com/tx/0x262f21b0b2dc7249e1d20426c733097951d5ed9f028c12151f07fa0880dad0a6
2023-03-19 08:21:36,True,2.603e-10,7.778e-13,7718920679.0,0.06,0x89...c814,https://bscscan.com/tx/0xe8ca34004e338dda3923f088989da15b88da57cebd429cadb8d39d4a8a13376e
2023-03-19 08:20:57,True,2.603e-10,7.778e-13,514254925.0,0.004,0xc2...15cb,https://bscscan.com/tx/0xa6b90100c6682b6dfd5ac80a6d02af4d66b28db32501e6f71ee33ab130c62357
2023-03-19 08:20:03,False,2.59e-10,7.739e-13,36900000000.0,0.2855,0x86...a756,https://bscscan.com/tx/0x73313ee2cb658eb5628e1b5a6b695835f05688d5f98605518f325a24583f86d2
2023-03-19 08:19:30,True,2.603e-10,7.778e-13,900092300.0,0.007,0xd4...c709,https://bscscan.com/tx/0x73558fbe2202bf398fd437d1f73f7b64f06b26ccfcdaac66e695116f158eaa41
2023-03-19 08:18:51,False,2.59e-10,7.74e-13,315706813479.0,2.4436,0xb6...4ab8,https://bscscan.com/tx/0xfae55c820c574aff599fa29e452ddf9dd672c265dbfe8bf5d98ffc6e49d644ab
2023-03-19 08:18:48,False,2.59e-10,7.74e-13,11896879973.0,0.092,0x61...6207,https://bscscan.com/tx/0xd97cbed6ade15638ad5f1c46a2081614456c8fa163760ea032f2185a66cacebb
2023-03-19 08:17:33,False,2.575e-10,7.74e-13,36000000000.0,0.2786,0x1c...3c2a,https://bscscan.com/tx/0x22e0c3ab73f6dcc6123b21dab304d1c0c241985c74c76dbb0d49343df1f446d8
2023-03-19 08:17:21,True,2.601e-10,7.779e-13,2251860201.0,0.0175,0xb2...2cdc,https://bscscan.com/tx/0x17203c295e3f41a7c4a03db841ccbc8f0d67a4f0977e20bfb0c1c25bd22ff55c
2023-03-19 08:15:24,False,2.575e-10,7.74e-13,69825690454.0,0.5405,0x72...7783,https://bscscan.com/tx/0xd738a11cd735d3e41fb89c4a5388d307d277d04d043ce674092f0061a4017007
2023-03-19 08:13:08,True,2.6e-10,7.779e-13,11568288000.0,0.09,0x91...a220,https://bscscan.com/tx/0xb651254f0f6ae2dc9d90d56b6b90b2ffb598d7d507f74d897e576ff96a0c39d3
2023-03-19 08:12:47,False,2.587e-10,7.741e-13,13188563497.0,0.102,0xb9...675b,https://bscscan.com/tx/0xc227066ee71d80c30f5f01fe7623b98c5d522363d478978b7a2269843a4f3f55
2023-03-19 08:12:08,False,2.574e-10,7.741e-13,14648701655.0,0.1134,0x6b...e430,https://bscscan.com/tx/0x1409ef335a65adbd4bd03af0ad0ba0ce2ec00e641574f3310c9825e62b9f1fb3
2023-03-19 08:09:11,False,2.576e-10,7.741e-13,58906383405.0,0.456,0x58...bf7d,https://bscscan.com/tx/0x89e1b547106ee0d5d40eb041cc003b3e15ce307a7577387d719be3e86d903142
2023-03-19 08:07:14,True,2.591e-10,7.78e-13,257063533.0,0.002,0xc2...15cb,https://bscscan.com/tx/0x6200ec35804cee612605e8335fc9ff98a25acf20844d26239ea381eb5b60ace1
2023-03-19 08:07:02,True,2.605e-10,7.78e-13,60530433531.0,0.4709,0xef...2d1d,https://bscscan.com/tx/0x6c6dd2dbc600bd9a574919b75d8bb036036fc241cb6892597ef1a26ab3ba0e3a
2023-03-19 08:05:26,False,2.582e-10,7.741e-13,40500000000.0,0.3135,0x1c...3c2a,https://bscscan.com/tx/0x188b1488ad7e161f033d4dd4de73b9a4aa60c8c186eb3078b53fc089df3aa2e0
2023-03-19 08:02:53,False,2.582e-10,7.741e-13,1658211054.0,0.0128,0xf3...ebd0,https://bscscan.com/tx/0x2391fc967590e93ccd1f91926dda8bca2bef233dbbd2917b25cade5886926739
2023-03-19 08:01:20,True,2.595e-10,7.78e-13,6271127613.0,0.0487,0xc2...10cc,https://bscscan.com/tx/0xd41bae897c1710a4b4021708a4fe7a6773c38f5d35c8b1364c942d33e88fa8c6
2023-03-19 07:59:29,True,2.594e-10,7.78e-13,8000000000.0,0.0622,0x0a...0dcb,https://bscscan.com/tx/0x7aad54a5d0b36ab37b985ab7947468963bd83ea615a84656bd2c3ec34eadab3a
