datetime,buy_order,price_USD,price_native,amount_token,total_native,maker,etherscan_url
2023-03-26 21:53:09,False,2.313e-10,7.082e-13,2700000000.0,0.0191,0x4c...a641,https://bscscan.com/tx/0x7633fe7a58468a1c9423e9cda03cd9be0437d04c5cbc40dd2f1708b2a7c60cb8
2023-03-26 21:53:06,False,2.313e-10,7.082e-13,2421253768.0,0.0171,0x2b...3721,https://bscscan.com/tx/0x8154bd8c9ce2099b1efb0ad2fec769af02621bfe5443e5234f3172007071013b
2023-03-26 21:52:24,True,2.325e-10,7.117e-13,114009441556.0,0.8114,0x9d...ea73,https://bscscan.com/tx/0xb1ebf84f37acd9b1c45b28f8271d14e11153fde0a5dc12fded067d31b1a95266
2023-03-26 21:51:42,True,2.324e-10,7.117e-13,63897567.0,4.547e-05,0x65...8051,https://bscscan.com/tx/0x5e86435ad214cc488215942b782e3e70fa904ae7fd37c9a1cf9d938e703acaee
2023-03-26 21:50:57,True,2.324e-10,7.117e-13,28100088207.0,0.2,0x9e...e5f6,https://bscscan.com/tx/0x709d1cabedabd6494cb35dc96573cfd70a10ae3a8c7c7c2049ebe245f5ed2eea
2023-03-26 21:50:15,False,2.313e-10,7.081e-13,1700346969.0,0.012,0xce...3402,https://bscscan.com/tx/0xfbe53fe0fd29aaf19dc5be1204b6d6c00d79111deba60a29fbcce3b95f0f2ae8
2023-03-26 21:50:06,False,2.324e-10,7.081e-13,1408037278.0,0.0099,0x9a...748e,https://bscscan.com/tx/0xeaf0c0be38e0cbea9b3c78918ed527fd98d01f90c98ac57cc0bbdfba0a2e3fc4
2023-03-26 21:47:45,False,2.324e-10,7.081e-13,43358227544.0,0.307,0xce...19a5,https://bscscan.com/tx/0x5d99c74e6b6b06ff3628b03b9467159bcdd75e82b6d3c8fe27d134ac4a072139
2023-03-26 21:46:12,True,2.324e-10,7.117e-13,1000000000.0,0.0071,0xff...2c13,https://bscscan.com/tx/0xcf5f2eda2293584c0ba081e30c3406f2a84a14834d7e127b403c9f36b943b5a3
2023-03-26 21:44:24,True,2.324e-10,7.117e-13,955400637.0,0.0068,0xc6...a283,https://bscscan.com/tx/0xa1bf85e434668ea395950ebf5269fd240ee5938da7ed7a4e2b0f9c44eecc16e2
2023-03-26 21:42:45,True,2.324e-10,7.117e-13,1233323427.0,0.0087,0x2a...189e,https://bscscan.com/tx/0x5b0512cf6683469dd70b2b9d49dd7246a6623cc21ec46ac7b370c138a5eaa5cb
2023-03-26 21:41:42,False,2.324e-10,7.082e-13,25986391890.0,0.184,0xd4...eea2,https://bscscan.com/tx/0x0da80e20a78e11d8f836fa4cd477bc3e3bf791c390528b51a1a63e0345ec3cc3
2023-03-26 21:41:21,True,2.336e-10,7.117e-13,1621199240.0,0.0115,0x45...d52e,https://bscscan.com/tx/0xb283b33724ebb25a7b51796adb504f9b2cc46fe60a16e0959f0c53c998788f57
2023-03-26 21:41:15,True,2.336e-10,7.117e-13,7403290001.0,0.0526,0x85...afdc,https://bscscan.com/tx/0x68af77e9b398ee28e6a7c60cb6e7db4d4f8dda7ebf4e0fb1f1aff39e8e3f8675
2023-03-26 21:38:51,False,2.312e-10,7.082e-13,131442005364.0,0.9309,0x06...2c3e,https://bscscan.com/tx/0x893db62e06abafa6e53879f91ff8b776b3f632293a67efdfa6baad899835f584
2023-03-26 21:37:54,True,2.324e-10,7.117e-13,18260542932.0,0.1299,0x86...44a7,https://bscscan.com/tx/0x0a706321489b8b8747516b1955b8e866e5e09596ad71855a552f27207d203e2c
2023-03-26 21:37:21,True,2.324e-10,7.117e-13,1900000000.0,0.0135,0xdb...20ce,https://bscscan.com/tx/0x568176d311988136a475646e67bd65be48505bdd794795b6fd7dbf365130afcf
2023-03-26 21:36:24,False,2.312e-10,7.082e-13,897795836.0,0.0063,0x2d...9a48,https://bscscan.com/tx/0xfb5b7680f117e6ed81bf882ddcfbb4ec026e180d238f1e7bce1cdcf8c32e71f1
2023-03-26 21:30:09,True,2.335e-10,7.117e-13,13719800001.0,0.0976,0xa3...41c0,https://bscscan.com/tx/0x474f06ee48253d955d4930bd3a5300d8830dcafe9dbf40279cb634afdca472a0
2023-03-26 21:29:45,True,2.336e-10,7.117e-13,6468920000.0,0.046,0x2b...004e,https://bscscan.com/tx/0xcf06acf42b6398aa92f49125be855d8d0080771774c7bbc6f9049f40fa9b47ca
2023-03-26 21:26:51,True,2.335e-10,7.117e-13,4214761824.0,0.03,0xc0...33d3,https://bscscan.com/tx/0x646788f00efa784fa88e108b62c1516a6a59bed036893e99e93c1d4c561372b6
2023-03-26 21:25:00,False,2.324e-10,7.082e-13,6443494843.0,0.0456,0x5c...88cb,https://bscscan.com/tx/0x7d67864816085a8c03a87b4ca12b0945ea6ecf8273f480a0b2535e0c324e62d9
2023-03-26 21:24:24,True,2.324e-10,7.117e-13,4214750000.0,0.03,0xed...872b,https://bscscan.com/tx/0x5ddf6870ba7908e6eb03240dc94325f3078e69e477657e221309a42c0635fd7f
2023-03-26 21:23:24,True,2.335e-10,7.117e-13,3075500000.0,0.0218,0xae...5921,https://bscscan.com/tx/0x8a83392f3d85345efbf20bff194c395869bc187fbe426242ecb1dbdc01b05d39
2023-03-26 21:23:06,False,2.323e-10,7.082e-13,250048794632.0,1.77101,0x50...7a81,https://bscscan.com/tx/0xe76a2dc6b33403f326112d05fe61ac3911160073b62a40ddba1f808ae536dc6f
2023-03-26 21:22:36,True,2.335e-10,7.118e-13,5449494795.0,0.0387,0x95...cd34,https://bscscan.com/tx/0xceec91f97bce339c20b6fa13be07ff2a6167755698a29012a8d3bd7af8d3f8ae
2023-03-26 21:17:36,False,2.323e-10,7.083e-13,20048153819.0,0.142,0x5a...724c,https://bscscan.com/tx/0x0f159057948ac50d0fcd5bc2a0821d0448f721c21e4ca8a70e4c0e487d76377c
2023-03-26 21:10:54,True,2.323e-10,7.118e-13,2107130001.0,0.015,0x96...be4a,https://bscscan.com/tx/0x8f56432694ae498fb26a67aba96750220ed65c93a161e1e7eee1fec4951a6621
2023-03-26 21:07:00,True,2.324e-10,7.118e-13,14139194619.0,0.1006,0xd4...1d9f,https://bscscan.com/tx/0x88a60e34ebc697f97f30a63573dc9e2722ff34f0141554ff501859683f9b63e5
2023-03-26 21:05:36,True,2.334e-10,7.118e-13,788580931.0,0.0056,0x15...4042,https://bscscan.com/tx/0xfc56813b6d1397f65a6b34c71c855276f5e10576641e65aa3c7bd45fded1e372
2023-03-26 21:03:23,False,2.324e-10,7.083e-13,4790516569.0,0.0339,0x94...d04e,https://bscscan.com/tx/0x4bbcda343501d7639c0c4f7b2d05447d250497b624e22971ac3fdbfa1de062a8
2023-03-26 21:02:02,True,2.334e-10,7.118e-13,37909019659.0,0.2698,0x15...4042,https://bscscan.com/tx/0x3ab3c87652ec22a8dc93046220699f5f9144f4cc9fa016709d9d2911a0e03201
2023-03-26 21:00:20,True,2.323e-10,7.118e-13,48921700000.0,0.3482,0xe4...d3bc,https://bscscan.com/tx/0x0af214420ae55803d097cbb69bbc1c2ffa0a36017a3836658c73dc044f859cd2
2023-03-26 20:59:53,True,2.336e-10,7.118e-13,88281551805.0,0.6284,0x4e...f949,https://bscscan.com/tx/0x042773c42cb2d972aa8704912cf5ed568dbeb6b54b9cb5d783c1c787ce6294fe
2023-03-26 20:59:29,True,2.323e-10,7.118e-13,17956482724.0,0.1278,0x02...3dcf,https://bscscan.com/tx/0x5d1f3a775ff6b68bd2f5ca7c942a4059dd916b364534330f046a2896069a6fda
2023-03-26 20:57:50,True,2.335e-10,7.117e-13,30907700001.0,0.22,0x81...82bf,https://bscscan.com/tx/0xe28bc351b9b1dcd72fdf9c7760e453e58a1a34679435b58f4244f839a497ab48
2023-03-26 20:56:38,True,2.323e-10,7.117e-13,1000000000.0,0.0071,0x8f...3e12,https://bscscan.com/tx/0x1cd5b6e82fc695eeaa8abe3d50d5001fc427be68c71ec3888ab201c284bc860d
2023-03-26 20:55:35,True,2.323e-10,7.117e-13,1000000000.0,0.0071,0x8f...3e12,https://bscscan.com/tx/0xd571504b83a8d33b8b59ca862d336e5f701a50eedb229923a699a93120590aef
2023-03-26 20:54:59,True,2.323e-10,7.117e-13,50000000000.0,0.3558,0xd2...4916,https://bscscan.com/tx/0xae9a00f64beb54a08ba572f82d62f43162edfc257af75786cf610fafbe705957
2023-03-26 20:54:56,True,2.323e-10,7.117e-13,50000000000.0,0.3558,0xd2...4916,https://bscscan.com/tx/0xae9a00f64beb54a08ba572f82d62f43162edfc257af75786cf610fafbe705957
2023-03-26 20:53:47,False,2.323e-10,7.082e-13,8392752698.0,0.0594,0x2e...fc9a,https://bscscan.com/tx/0xab1517f5f2de957c923b8a3e45dcb7c061f8550cd708b094bcd3f7a9af6e6edb
2023-03-26 20:52:26,False,2.323e-10,7.082e-13,4500000000.0,0.0318,0x09...91c2,https://bscscan.com/tx/0x7c1daddbbe9202c8c01365ec73444617044056e417fd4535e15b99a845a1fa09
2023-03-26 20:52:08,True,2.335e-10,7.117e-13,700000000.0,0.0049,0x93...5831,https://bscscan.com/tx/0x4991bcd9353721d116246746bfbc03f0e510ccda19f92f4041e7bcc345a9c143
2023-03-26 20:51:41,True,2.323e-10,7.117e-13,100000000000.0,0.7117,0xfa...5069,https://bscscan.com/tx/0x34aea4d9ec5be597fb176a282f20e98b46b8f62aeed54045b6c56feecb7aaa8a
2023-03-26 20:50:14,True,2.323e-10,7.117e-13,10000000000.0,0.0711,0x8f...3e12,https://bscscan.com/tx/0x870d12f605acc2286ae8bfebbf7e074b4325ff874f81e938819f37ec170f0977
2023-03-26 20:47:38,True,2.323e-10,7.117e-13,11072925162.0,0.0788,0x1a...a607,https://bscscan.com/tx/0x0e5e6db95e26f612197fa7fea606582bc592948c4aa4364f5939c623566bf36a
2023-03-26 20:47:11,True,2.334e-10,7.116e-13,542396625648.0,3.86,0x1f...1c31,https://bscscan.com/tx/0x8f6dd76e88d433a8709ea8f7528db8cf503b91d7ccb0b80daca1ce461a4a5ce5
2023-03-26 20:45:59,False,2.311e-10,7.08e-13,56424660244.0,0.3995,0xa5...be77,https://bscscan.com/tx/0x207c9669664bd9df235218c6434e8f9b3b77ff81d5d6fbb7a48fbb476e0e28ed
2023-03-26 20:44:02,True,2.321e-10,7.115e-13,2439191294.0,0.0173,0xa5...be77,https://bscscan.com/tx/0xdbeb93f49dfa4543e7b50454b3efc6b052acf5f49d7c262b482f3515ad0b1426
2023-03-26 20:42:56,False,2.311e-10,7.08e-13,130308611725.0,0.9226,0x0c...9305,https://bscscan.com/tx/0xdca3eee7457ef79e54f917a6c0bc1a0a0e34475aedac98c73e0700eca9c866e3
2023-03-26 20:41:29,True,2.334e-10,7.116e-13,407515006.0,0.0029,0x55...cfad,https://bscscan.com/tx/0x8b8e6ab234c2990ad26159736180411a8107931dd9defcde8c3b4e09d0b213cd
2023-03-26 20:41:11,False,2.311e-10,7.08e-13,9705706875.0,0.0687,0x77...6d06,https://bscscan.com/tx/0x4bb438bd96acecc1429da17805fb4e190e2e3734e13d84084c65ea73ae88cbb2
2023-03-26 20:35:02,True,2.322e-10,7.116e-13,13782798254.0,0.098,0xbb...69cf,https://bscscan.com/tx/0x8a32746a8645c38d497d2204c2499469a9298c9af9bc18f36e442fdfbd696526
2023-03-26 20:33:44,True,2.334e-10,7.116e-13,33146448949.0,0.2358,0xc6...08e6,https://bscscan.com/tx/0x09931f9632a079b1d1a755876239ca917528347dbc84997fc684eb68b516944a
2023-03-26 20:27:35,False,2.322e-10,7.081e-13,344855705393.0,2.44198,0xb9...b761,https://bscscan.com/tx/0xb1dec02e2eab5c6486a64a8b797133f2d3cf118cede929f03e7b9cf0ad63bd31
2023-03-26 20:27:32,True,2.322e-10,7.117e-13,21075600001.0,0.15,0x20...962f,https://bscscan.com/tx/0x82148f54384c5d8f2c95c39d70066e6854c8805c6f7073abb328a6a5fbea38b1
2023-03-26 20:27:23,False,2.31e-10,7.081e-13,4539607528.0,0.0321,0x73...671a,https://bscscan.com/tx/0xb6271e94f52ead5b04719e257f501886ac652fecb0df3c38eb35804be0c05aad
2023-03-26 20:23:11,False,2.321e-10,7.081e-13,29146093525.0,0.2064,0xd9...0c75,https://bscscan.com/tx/0x6a703b1f5ab06ad5bb92272f3a0d9f110617e08db4db02d2fd4b027b884e2331
2023-03-26 20:20:50,False,2.309e-10,7.081e-13,12081729793.0,0.0855,0x95...6ec3,https://bscscan.com/tx/0x1fe5211c6718ebed077b52c27f98fb69cc2c2d1c05737e6daee5d9e549082b9c
2023-03-26 20:19:56,True,2.321e-10,7.117e-13,20826587635.0,0.1482,0x12...a77d,https://bscscan.com/tx/0x249bc2f769c38b1eb0f2db6035b6ee62b9e787bc19086dfc362a06e285b1faee
2023-03-26 20:18:56,False,2.309e-10,7.081e-13,165305208968.0,1.17069,0xd5...8484,https://bscscan.com/tx/0xad9fbbabb52750a592f413b4287f896229edf54ea10701646fd2c73247cbf76a
2023-03-26 20:18:56,True,2.321e-10,7.117e-13,12000000000.0,0.0854,0x10...a47f,https://bscscan.com/tx/0xcf0f584ff28026adde8f602d1ee47976502bb208a5cb7cef070598b96e404218
2023-03-26 20:18:05,True,2.32e-10,7.117e-13,6046844702.0,0.043,0xd5...7db1,https://bscscan.com/tx/0x4e06b6fc1cb4180928ced1ef6a881428abe60f385f2d5aa69222dd4c6e3c5c5f
2023-03-26 20:15:56,True,2.321e-10,7.117e-13,6181761831.0,0.044,0xb5...8e26,https://bscscan.com/tx/0x3cf8baef869d72976b4cf6b56b37dd59c80c5c24e67c5fb9b90ba3583f83894f
2023-03-26 20:15:41,False,2.321e-10,7.082e-13,12020279562.0,0.0851,0xb0...35e0,https://bscscan.com/tx/0x4799cc7a20b06ca2e50824e4fa180cd3f47265fb37360b6331997ed48ec93549
2023-03-26 20:14:50,False,2.321e-10,7.082e-13,7563305949.0,0.0535,0x64...7b79,https://bscscan.com/tx/0xfaea4f0fecdfd6ba3120fdc8da1cef9aadecc0eecf12857d04fd7813d1b522b2
2023-03-26 20:09:26,True,2.32e-10,7.117e-13,104317782301.0,0.7424,0x88...82fd,https://bscscan.com/tx/0x1adee9419bfcda6e91ce536efea32a91ee4ec49943d7f4617a3795cfa408ce33
2023-03-26 20:07:29,False,2.32e-10,7.081e-13,38660925743.0,0.2737,0x5c...88cb,https://bscscan.com/tx/0xb7e546928b29c6ef651969016d0d5d225fe973ed1ebb8cf55133088f8e81f496
2023-03-26 20:05:41,False,2.308e-10,7.082e-13,9073668771.0,0.0642,0x5e...2c87,https://bscscan.com/tx/0x0b98f38cc92b2f88e0e72daf5f44f2be5a6e548961348a7707c884a4e91091fb
2023-03-26 20:05:14,False,2.308e-10,7.082e-13,13500000000.0,0.0956,0x5a...4e8b,https://bscscan.com/tx/0x9eb8f5cc4455872d9a8c6d9cb87a6a309c823a1521bdb243c821b1d62b350aac
2023-03-26 20:03:47,True,2.332e-10,7.117e-13,6974366846.0,0.0496,0x15...4042,https://bscscan.com/tx/0x4b964894afa6902b6630cfc092f05eb4455e533aead45d3b5586eb84ab9b1978
2023-03-26 20:03:41,True,2.331e-10,7.117e-13,107558832686.0,0.7655,0x01...334d,https://bscscan.com/tx/0xe67a0c6a61c195f3d58b994437dba5836ad7c500827226d374ae145410f77157
2023-03-26 20:03:11,True,2.32e-10,7.116e-13,181757000000.0,1.29356,0x6a...4a4e,https://bscscan.com/tx/0xb01f6e537ae3850761991970eca67cf38b00d47cec55b6a866045fdcfed08801
2023-03-26 20:02:14,False,2.321e-10,7.081e-13,4094750543.0,0.029,0xc6...d79f,https://bscscan.com/tx/0x38a3ecfeedb55c3588a0a323eca9b66603000a02d61f4ce735eb83590927ee7d
2023-03-26 20:01:02,False,2.307e-10,7.081e-13,25002047187.0,0.177,0x38...f015,https://bscscan.com/tx/0x962832fc7311ed059a4c8b6d13190b4302878fd7fc2aeaae8e74524696a8f404
2023-03-26 19:55:53,False,2.319e-10,7.081e-13,2638622558.0,0.0186,0xf1...b521,https://bscscan.com/tx/0x42f086d8fa4ce8c878a1bb190073d749fb5044065b42f5208431e5ef521c909e
2023-03-26 19:55:44,False,2.319e-10,7.081e-13,6664070811.0,0.0471,0x7e...4c86,https://bscscan.com/tx/0xde24fe77d42a3d4cadc7d67afda64791c07aa08868c1e60a8ddcc9a3b092fd15
2023-03-26 19:53:44,True,2.33e-10,7.116e-13,3000000000.0,0.0213,0x36...6c33,https://bscscan.com/tx/0x62c34b5ca4fb171dc7b56e61bb0e76c0d2f5789ec9cae5f57f760fca66f425be
2023-03-26 19:51:53,False,2.306e-10,7.081e-13,16357368564.0,0.1158,0xd1...6740,https://bscscan.com/tx/0x1e64d6efc2c48b36023c2ab9e181c765a230ef9aa1d5269306da2fb8de5729ba
2023-03-26 19:49:11,True,2.331e-10,7.12e-13,3972498902.0,0.0282,0xbf...2c9d,https://bscscan.com/tx/0x35d5ce3b96ad4513627df191ed8e3a2d4551cf92b4668b788a2e6f1ced22872b
2023-03-26 19:48:53,False,2.306e-10,7.081e-13,35933835717.0,0.2544,0xa6...5f19,https://bscscan.com/tx/0xbfae9fbe547390660fd202f9d773aef3cf6466bb12776160ada1e03a10c843c0
2023-03-26 19:48:26,False,2.307e-10,7.081e-13,5316836990.0,0.0376,0xa7...27f2,https://bscscan.com/tx/0xce733853d9b7ba2fdf390693abea5eed96ad61df02df614d37bc5047f5647c4f
2023-03-26 19:45:56,False,2.306e-10,7.081e-13,9000000000.0,0.0637,0xca...2d45,https://bscscan.com/tx/0xb7b99bab00987e3b6e947c3ee2e154ce4ed88fdcc70e7c4c3edfc380c1592ae3
2023-03-26 19:43:02,True,2.329e-10,7.116e-13,41333997001.0,0.2941,0x5b...5e54,https://bscscan.com/tx/0x882c83281fc49ccb8491c9afd5054e2c0967beb8c5761c15f376fd199861593d
2023-03-26 19:42:20,True,2.33e-10,7.116e-13,3119260000.0,0.0222,0x53...af54,https://bscscan.com/tx/0x92b8dc3a1aa55c72a8ad8b88a5618ab3606afb4f55aa2162dd2bddb5bd9cd3f1
2023-03-26 19:39:05,True,2.33e-10,7.116e-13,22541983610.0,0.1604,0x60...ccd6,https://bscscan.com/tx/0xdb854997b1319352c789c438aff18060a7daed55eca2ea5c19d37cf5fee39679
2023-03-26 19:38:02,True,2.33e-10,7.116e-13,14051309023.0,0.1,0x28...1463,https://bscscan.com/tx/0x534422f07a36aaa261e09d2bab649c6da2f6b1e3c740891049c4963573b2cee2
2023-03-26 19:36:05,True,2.33e-10,7.116e-13,642499409.0,0.0045,0xa7...bbf7,https://bscscan.com/tx/0xa26f37f1860f00d67d4537d547c2d7702ab70bbcfbdc8d5590e224b468555b41
2023-03-26 19:34:35,True,2.329e-10,7.116e-13,1531598361.0,0.0109,0xe3...c5d7,https://bscscan.com/tx/0x8e10801ab7cb989983392e06e95a8db813f8867bd104c50ca08c2cf53a9ccc71
2023-03-26 19:33:17,False,2.317e-10,7.081e-13,7687753389.0,0.0544,0xcc...be69,https://bscscan.com/tx/0x12525c29199607ddac1c0e586b4665c7d9639e8166b6698cd2d0534b9f7de3ae
2023-03-26 19:30:11,True,2.318e-10,7.116e-13,7960887479.0,0.0566,0xb6...2d34,https://bscscan.com/tx/0x6051eb2d2d41dd798bee9c0bed7aec3d59a6469972e11cc294c92d2b003fc0df
2023-03-26 19:30:06,True,2.318e-10,7.116e-13,102568223551.0,0.7299,0xc0...9d69,https://bscscan.com/tx/0x2d516f5004bbeeb713b88f68b00cd569e089fac12fb30a605e6248ff8d7aeeb0
2023-03-26 19:30:06,True,2.318e-10,7.116e-13,6986837821.0,0.0497,0x15...4042,https://bscscan.com/tx/0x1223e2e0cf2541f07b71097bb3cf191f50cce63534c20853325a5584e3118a7e
2023-03-26 19:29:10,False,2.318e-10,7.08e-13,61333893740.0,0.4343,0x13...bb9f,https://bscscan.com/tx/0xfa3587d5d8eb93db15998bfb2e8e9f6215cb7a596a5ddf7c67cb2d7cf626ed33
2023-03-26 19:27:54,False,2.318e-10,7.081e-13,8768459291.0,0.062,0x97...cbb4,https://bscscan.com/tx/0x60d8601c8a8f32ac8065ae358db4b79a9947ebdd142d3a2a97b75ba5e50fe6a0
2023-03-26 19:26:35,True,2.318e-10,7.116e-13,5383271270.0,0.0383,0x26...8c0e,https://bscscan.com/tx/0x0a40a447c72b538f0d3567df48cd0242d4aa09e140540c3aadb0501c4364b936
2023-03-26 19:26:26,True,2.318e-10,7.116e-13,31280538037.0,0.2226,0xa4...7b13,https://bscscan.com/tx/0x7b9a0875de8fadb489f9c0df7bced72db3612d9552b4288d51344ad7f9171c90
2023-03-26 19:24:39,False,2.307e-10,7.081e-13,231691614287.0,1.64068,0xa8...8033,https://bscscan.com/tx/0x3679e6c95c60449ce36325cc4b691c8333b1fa8de5e708545a3afd60d342662e
2023-03-26 19:23:22,False,2.307e-10,7.081e-13,4790225240.0,0.0339,0x7f...52f8,https://bscscan.com/tx/0x198acbd23f5273231e094beb3b54674736e349fab38505159a8ea274f02f152e
2023-03-26 19:22:16,True,2.331e-10,7.117e-13,3111857353.0,0.0221,0x92...26cb,https://bscscan.com/tx/0xb27fc6ecceefc735c39dc6fae62448331f3274c1982dd17c6eac62582dfdfcc8
2023-03-26 19:20:43,True,2.331e-10,7.117e-13,19000000000.0,0.1352,0xc3...0ce8,https://bscscan.com/tx/0xdfac0a74c04eb21ba7fb5aaf090c66783d509846d5df4f4aaaed15f7acf4deb2
2023-03-26 19:19:58,False,2.308e-10,7.081e-13,1438053214.0,0.0101,0xec...2e34,https://bscscan.com/tx/0x8a540c008b6e21bb0aac0a41064583e6aff335a0c4174f2c1b20c00550244a29
2023-03-26 19:19:04,True,2.319e-10,7.117e-13,792055461.0,0.0056,0x15...4042,https://bscscan.com/tx/0x6e1341205a990d82cafe3b326d85dcedee1b5e3c8f38d8825e5f565ba214c326
2023-03-26 19:17:40,False,2.32e-10,7.081e-13,22224067927.0,0.1573,0x41...3428,https://bscscan.com/tx/0x04c828b8947ae2c02cf267269aeab5cf8d187f709075158f1464f036b12c6877
2023-03-26 19:15:37,True,2.332e-10,7.117e-13,5680420001.0,0.0404,0xa5...b18b,https://bscscan.com/tx/0xf9325c31dc11e8ca93f2c10819f1c504f128bc64a7369ffab75186d1bcce967b
2023-03-26 19:14:31,True,2.32e-10,7.117e-13,9114293981.0,0.0648,0xd0...feb5,https://bscscan.com/tx/0xa8bc9bcb94f779388e026f9dfef956102fcc39c0d23da23babda4da635a1364f
2023-03-26 19:13:58,True,2.32e-10,7.117e-13,817630151.0,0.0058,0xa0...2026,https://bscscan.com/tx/0xf02b3ab325f30089a7b5f486dc3bf18ea3b3989553b8bbda8fc013a439697ada
2023-03-26 19:13:07,True,2.332e-10,7.116e-13,210766882561.0,1.5,0x6a...bef3,https://bscscan.com/tx/0x5b1f29bfa50a01ccca709ec2d6d349aa4d486f2c2d161437fe78bf7dec578fa2
2023-03-26 19:12:52,False,2.308e-10,7.081e-13,6300000000.0,0.0446,0x32...c29c,https://bscscan.com/tx/0x8cba486e86b998c8f8e98bbb380ce3739b48267c213fa6e5896b5124364960a2
2023-03-26 19:10:28,True,2.32e-10,7.116e-13,4830404956.0,0.0343,0x7f...4b73,https://bscscan.com/tx/0xb480813f0d969430b24bd3443dbbba13146ba23c9d8f7ce302f30bea1f917843
2023-03-26 19:06:19,True,2.331e-10,7.116e-13,2669837328.0,0.019,0x5b...e7d2,https://bscscan.com/tx/0x6041cf23f2d2a73dafc8512838ba4a410cce4d956484b779f3dd938aa3e5bb5b
2023-03-26 19:04:55,True,2.319e-10,7.116e-13,286039000000.0,2.03548,0xa8...8033,https://bscscan.com/tx/0xcbaab55099f05bcbf76e8187f94d6473aa948cd8a450cfb709da9cb617363bbd
2023-03-26 19:02:10,True,2.329e-10,7.115e-13,903039120.0,0.0064,0x2a...7bc0,https://bscscan.com/tx/0xe583fb5bf8872abc4bb63d00cd566e0686a09a74017b30c9a9166146a08c81fd
2023-03-26 19:00:28,True,2.328e-10,7.115e-13,8572686258.0,0.061,0x2f...3d77,https://bscscan.com/tx/0x023bda73b023336a9d5f9ef65472e86e1b12e1e96ae47b14d4d40677f4dda62e
2023-03-26 18:59:25,False,2.318e-10,7.08e-13,32226400421.0,0.2281,0x8e...d127,https://bscscan.com/tx/0xccfddaf815fd3451372fd7cc5d82b779dd6f09d8f1c8a845d4363731e82d3e4c
2023-03-26 18:58:43,True,2.329e-10,7.115e-13,88852691201.0,0.6322,0x82...fe0a,https://bscscan.com/tx/0x3af09d453cbe3f647c53c8c11d4a60b9dcac41812b5ac3523312504410278460
2023-03-26 18:57:22,True,2.312e-10,7.099e-13,10222976914688.0,72.5775,0xb9...f731,https://bscscan.com/tx/0x5603d45139f7c0b88918a3a327b010656a3694aef835acbe52a176de49500d08
2023-03-26 18:57:07,False,2.307e-10,7.048e-13,67572470808.0,0.4762,0xa3...6df4,https://bscscan.com/tx/0xb21d330b1f10786a7df08191ee016998de3c51dc0c61ffb053f75070786061bf
2023-03-26 18:54:11,True,2.306e-10,7.083e-13,4376210001.0,0.031,0x41...4a7a,https://bscscan.com/tx/0x24b77cc13791d8498ef622ab94ef1d500cdb8b29a7a2148d96d383e40971fda5
2023-03-26 18:51:08,False,2.307e-10,7.048e-13,395232037914.0,2.78598,0x97...a3af,https://bscscan.com/tx/0x67bb9c9c4029270dcb833d7a6b0daa6beaa8c095d112682dae2ab3e705b7aca0
2023-03-26 18:50:26,True,2.319e-10,7.084e-13,915636546.0,0.0064,0x53...341e,https://bscscan.com/tx/0x86440cc17f786e47bfd16cdc8dc0de779a886d0fc28817b04a2cbe89fa550a2d
2023-03-26 18:50:26,False,2.307e-10,7.05e-13,395232010939.0,2.78646,0x97...a3af,https://bscscan.com/tx/0x363625a99a92ba287abfb917a5fda3b6d60f59ab33ceb02a43fca65a92b3af96
2023-03-26 18:50:17,True,2.319e-10,7.086e-13,13640977492.0,0.0966,0x12...28f1,https://bscscan.com/tx/0xc81f5641b68d77fc8a65076703df580d71c70b4e071dbc317ab229821e438fa8
2023-03-26 18:50:14,True,2.319e-10,7.086e-13,5644825782.0,0.04,0x6a...bef3,https://bscscan.com/tx/0xac3215d0986cc4c430e2b5ca36734a6e4a90a8098cee9a0b04495db0578a1bc8
2023-03-26 18:49:50,False,2.296e-10,7.051e-13,263487995319.0,1.85789,0x97...a3af,https://bscscan.com/tx/0xb18d9994d90055c1b4e27a9b36e38e8d96aac580f56678cd0400a4d4092bef7f
2023-03-26 18:48:53,True,2.319e-10,7.086e-13,38348005725.0,0.2717,0x6e...6cc1,https://bscscan.com/tx/0x75c5c6a083b839356da6711aa3985c6c1c3b50db7a60fbe3fa242c95f6aaf560
2023-03-26 18:46:47,True,2.319e-10,7.086e-13,7094515378.0,0.0502,0x3a...f533,https://bscscan.com/tx/0xa41ede434324b9958e0c99d2e65959b38771b9c57399039ec0aa6c5ce111520c
2023-03-26 18:46:17,False,2.308e-10,7.051e-13,8100000000.0,0.0571,0x91...9b98,https://bscscan.com/tx/0x911e593a77b1a7b9499e7afac8fe655bf24fe13f5ef7935812b974224e3fe700
2023-03-26 18:46:11,True,2.32e-10,7.086e-13,141106856.0,0.001,0x45...93af,https://bscscan.com/tx/0x072b366fbf2ab3616b071bb3f035ce7849251bb3846f9de93126a91bfb0b2d66
2023-03-26 18:45:53,False,2.308e-10,7.051e-13,181710000000.0,1.28137,0x69...69a6,https://bscscan.com/tx/0xd6bc51baf67e4e26893cf01fdd376c84defbe5eb3700d3bbdd500ade14eb0b94
2023-03-26 18:45:44,True,2.32e-10,7.087e-13,110057255647.0,0.78,0x4a...f0eb,https://bscscan.com/tx/0x504ff78f06c704a26874f828a9267b87445230479ad23138047edfce20b4489b
2023-03-26 18:41:50,True,2.319e-10,7.087e-13,1038991108.0,0.0073,0x27...da29,https://bscscan.com/tx/0xd8c743deddf2f4c5356effbc6d99dd6fddeab5d4df367422c988e62773b83ecd
2023-03-26 18:41:38,True,2.319e-10,7.087e-13,533336.0,3.779e-07,0x1f...4cae,https://bscscan.com/tx/0xd4951dbb92bca4e5cea6dbf659e32e29d338e1b474a982ed4bfecf757d52731e
2023-03-26 18:40:05,False,2.308e-10,7.051e-13,5968874157.0,0.042,0xda...e549,https://bscscan.com/tx/0x169acd626610468267339cac6effbb7b11f19fcb92938292a46a41ac20d7aeb0
2023-03-26 18:38:56,True,2.319e-10,7.087e-13,1744023190.0,0.0123,0x5b...e7d2,https://bscscan.com/tx/0xd506b257570be7d60c2de3bb7015a0b6bcf16163869fd97ac50af8145b88fffd
2023-03-26 18:38:41,True,2.308e-10,7.087e-13,2000000000.0,0.0141,0x14...506b,https://bscscan.com/tx/0x2bb5a44dcb2197161d86f6cbe695e86ea5bbb2b6f0634b46de1773170d11f442
2023-03-26 18:37:47,True,2.319e-10,7.087e-13,5882948860.0,0.0416,0x4c...a3c3,https://bscscan.com/tx/0x9f8032ca5e0162bdb56df99fb79aa0eba4787943dfeeeb71b545135d169deaa2
2023-03-26 18:37:29,False,2.296e-10,7.051e-13,13766459103.0,0.097,0x14...a2c7,https://bscscan.com/tx/0xe765bbc878f13ba2f70b3d6da35598a49e674a27261d8f39087108e4ac9b32ea
2023-03-26 18:36:35,False,2.307e-10,7.051e-13,120189960000.0,0.8475,0x69...69a6,https://bscscan.com/tx/0x680211cfe8216b9ca139f9c70dce2bf9b4a439fc9417e979d8d2fc0c48acb37a
2023-03-26 18:36:02,False,2.308e-10,7.052e-13,6612383983.0,0.0466,0x64...fa95,https://bscscan.com/tx/0x6e9c5f3f89a30b198d12dd0088170588f92806055240768873bc459fcba69aad
2023-03-26 18:35:19,False,2.307e-10,7.052e-13,18000000000.0,0.1269,0xc5...392b,https://bscscan.com/tx/0x4178bb48a6cbb2a96d34bcf7ff0186ec303e4c10f313456064204ea93935f9ad
2023-03-26 18:35:04,True,2.319e-10,7.087e-13,155207533009.0,1.1,0x07...b8cb,https://bscscan.com/tx/0x187431eaec3c535dda76155df2d9b2cdc179756270983bbe5ae75b64805343f5
2023-03-26 18:33:08,True,2.318e-10,7.087e-13,13256503349.0,0.0939,0x3c...772b,https://bscscan.com/tx/0xe17a87e78a1d5cd5761298073e12827faf826ef1bc5dd966b688a152172e0229
2023-03-26 18:32:59,False,2.295e-10,7.051e-13,2096362658.0,0.0147,0x93...db7a,https://bscscan.com/tx/0x655c08719d37c1d93c148f0c92c6b9076eb134fc6b45c9419678e986bd39e244
2023-03-26 18:30:47,False,2.306e-10,7.051e-13,56170673878.0,0.3961,0x0d...53da,https://bscscan.com/tx/0x0f69fa468d64d2e2da02a0b8349f34fc99235752bcdd381b09aca0d7c70347a9
2023-03-26 18:30:08,False,2.306e-10,7.051e-13,10973129952.0,0.0773,0x47...8038,https://bscscan.com/tx/0x8a16fa45014b20d61986dcff82652a5ee7943929b8b5cf2a1e01b93ca6ba06fc
2023-03-26 18:29:26,False,2.306e-10,7.052e-13,385344625384.0,2.71761,0x8f...bc8f,https://bscscan.com/tx/0xe5a3d550fb720e1cffa5e46daf5198252fd1a15efd59eca214c13cc5530fead3
2023-03-26 18:29:20,False,2.306e-10,7.053e-13,2370443286.0,0.0167,0x2c...b37d,https://bscscan.com/tx/0x6fba81ab13f2986916f300796c3054ccf36d63d953c9e0606ed2d698a6921f95
2023-03-26 18:29:11,False,2.295e-10,7.053e-13,45318949068.0,0.3196,0x63...7d5d,https://bscscan.com/tx/0x77339084180c54593527a8ee3a38d8f9becb37458e1577aae8ad36fabf2c66ba
2023-03-26 18:28:44,True,2.318e-10,7.088e-13,70537200099.0,0.5,0x0e...4f52,https://bscscan.com/tx/0x13c6f468dfe6bc5e33032099f604953878240206d48c0565f4308899a24a4932
2023-03-26 18:27:20,False,2.295e-10,7.052e-13,3618468007.0,0.0255,0xf8...53fd,https://bscscan.com/tx/0x244c1c610cdf25a0ac78d6ec28caa2dd575e4861bab7530993190b82f163b27a
2023-03-26 18:25:32,True,2.318e-10,7.088e-13,8593200000.0,0.0609,0xbb...84be,https://bscscan.com/tx/0xe28f590b20d1088c3143967fadcd40220103aecacb2ce0c9ca5e0d6b2c165483
2023-03-26 18:24:59,False,2.306e-10,7.052e-13,8719466954.0,0.0615,0xe8...af97,https://bscscan.com/tx/0xa95cb0e633710963b89b07f8ec6bfc55950c7a563e02c56a30a3dca864b369cc
2023-03-26 18:23:59,False,2.295e-10,7.052e-13,17597587233.0,0.1241,0x12...28f1,https://bscscan.com/tx/0x8ff9f935ffe79f0770635ff4453cd35f0c60b22e5df2af13c777e73a3df25b34
2023-03-26 18:18:53,True,2.307e-10,7.088e-13,2821509692.0,0.02,0xde...f03b,https://bscscan.com/tx/0xe095c1c3935be7f2ef7fe53206f7913290fb7e0fa241cf86858b5904ebaa1c17
2023-03-26 18:17:50,False,2.307e-10,7.053e-13,30748793500.0,0.2168,0xb1...5e43,https://bscscan.com/tx/0xf128c1aae2dbf614c69a515e257f7d3b35da0354d667be0146058d4e8660517a
2023-03-26 18:17:08,True,2.318e-10,7.088e-13,32776658551.0,0.2323,0xf0...9d3e,https://bscscan.com/tx/0x3e2c6be22fd933fded07a201d02855e1f0624c20238386e3650b8c6fa485bf62
2023-03-26 18:16:50,True,2.319e-10,7.088e-13,23195373542.0,0.1644,0x30...69c6,https://bscscan.com/tx/0x154f2a37dd062f4d11503f19be9701c4a41dc5524f9a96e93f63325324bad1cb
2023-03-26 18:16:17,False,2.295e-10,7.052e-13,3088771012.0,0.0217,0xc9...eeed,https://bscscan.com/tx/0x96a319fbe99f4968bdde09e912ed399ee792db9fd4906c9d82d9378ea75f94c0
2023-03-26 18:16:08,True,2.318e-10,7.088e-13,2597242205.0,0.0184,0x65...df5f,https://bscscan.com/tx/0xa3704ff05143f0cc7b5853cd77a6a5fdaf287f1782314db3ef86b65c0e9d499e
2023-03-26 18:15:29,True,2.307e-10,7.088e-13,18339600000.0,0.13,0xdb...7709,https://bscscan.com/tx/0x9a216edef578f909ac270c5a5266cb5361e2a064611a597bb66b268d1ef010d5
2023-03-26 18:15:20,False,2.307e-10,7.052e-13,54000000000.0,0.3808,0xe3...2705,https://bscscan.com/tx/0x3e278403153c2e42343f7ca6f2198cb32cc5fb9e44e9f7b3c58084bba773422b
2023-03-26 18:14:26,False,2.296e-10,7.055e-13,1453176874632.0,10.2526,0x9e...69d2,https://bscscan.com/tx/0x42f23bb33fd7459e00b658acd407caa8b97b33e7ba6b86cd1537fa857fa55973
2023-03-26 18:14:17,True,2.308e-10,7.092e-13,903589441.0,0.0064,0x45...93af,https://bscscan.com/tx/0xd3d3608ace0fdb6c0a0895e1749335579bb716568139ff3decde0aff62ac6c7b
2023-03-26 18:14:02,True,2.308e-10,7.092e-13,4443079788.0,0.0315,0x2a...1ea7,https://bscscan.com/tx/0xee4bfec95eea233289d605006a410eb7b3916fb46968d466b1ab27410ae8d974
2023-03-26 18:12:02,True,2.32e-10,7.092e-13,1100000000.0,0.0078,0xca...5456,https://bscscan.com/tx/0x52cb0ebfdfac6b060f35ed54d3e4682ebaf5727090fe1092f02649475982e456
2023-03-26 18:10:17,False,2.309e-10,7.057e-13,15772332323.0,0.1113,0xad...6994,https://bscscan.com/tx/0x9109e2a18ec0a7029d2bd313296ce58885be9c6ad9db3dd07993b74db18d68c9
2023-03-26 18:07:35,False,2.309e-10,7.057e-13,3670184666.0,0.0259,0xe3...c5cb,https://bscscan.com/tx/0x9861e180f10be4e206b0a60c86747bc2535297a597a39121a1a2c42784586768
2023-03-26 18:07:11,False,2.309e-10,7.057e-13,2790000000.0,0.0196,0x55...2ce8,https://bscscan.com/tx/0xac0aa988fdad06cd9d31d21ef8a6aa0feb6e463cf523cecb2a97baea269b7096
2023-03-26 18:06:53,False,2.297e-10,7.057e-13,7177251307.0,0.0506,0x5b...2843,https://bscscan.com/tx/0xe9d78b72863b9a629834edba321e4f7352fa72d0c31f7c6e1731ec8432fd9254
2023-03-26 18:01:41,False,2.297e-10,7.057e-13,6093568736.0,0.043,0xa0...a7c9,https://bscscan.com/tx/0x8139c216017fe4f05c44731f11752d61bd3ec727c46f4c600038cbc8b459d6a8
2023-03-26 17:59:32,True,2.32e-10,7.093e-13,1800000000.0,0.0127,0x5f...b33e,https://bscscan.com/tx/0x136f9810ca30635b59401a2e39917ca4576ea796fe45c25a9a23b7330e289cca
2023-03-26 17:58:14,False,2.308e-10,7.057e-13,918554862.0,0.0064,0x2b...0457,https://bscscan.com/tx/0x2fdfc927794df8c0656b378e89bcb4d38cb24bd97e5cdd53334131ed19204fe1
2023-03-26 17:57:29,False,2.297e-10,7.057e-13,17046923154.0,0.1203,0x61...2b83,https://bscscan.com/tx/0x39e63a296f5fe84312ece4aac8cd4891511848667b4cf508d0bb286ea4eacd51
2023-03-26 17:54:59,False,2.309e-10,7.06e-13,1966884307387.0,13.8876,0xf5...8cea,https://bscscan.com/tx/0x31a047e6c2d2ce761e283186d8178d32cbd07e8a3d20dc8ff29b80ceff4d5196
2023-03-26 17:54:47,True,2.322e-10,7.099e-13,20030183573.0,0.1422,0xd6...11bf,https://bscscan.com/tx/0xf705ece63b8d41f2713bf52ce0e923a53d533338ffc17a2a72b7f8b763f4569b
2023-03-26 17:54:41,True,2.322e-10,7.099e-13,7043110000.0,0.05,0xd7...14fc,https://bscscan.com/tx/0x8fc02beff58822bbd0440d4709002d4aad5d74091669aa8f41092bd928d6d9f5
2023-03-26 17:54:08,True,2.322e-10,7.099e-13,793983377.0,0.0056,0x15...4042,https://bscscan.com/tx/0x22a837edf0a9637479e11d37e55b947f712f9a99366a52bd7bc0f85615754fcc
2023-03-26 17:53:22,False,2.31e-10,7.063e-13,27087778389.0,0.1913,0x21...8fba,https://bscscan.com/tx/0x1cf4bf25344a939bce6b56c6be5d6738b46850cfbbfac3a92330098564192419
2023-03-26 17:51:08,True,2.31e-10,7.099e-13,1549470000.0,0.011,0x2c...6c27,https://bscscan.com/tx/0xc9f4a90a9cc10b2a90efa19f56c2ecf4f834136fc0191ca571b052f8bc23e4a9
2023-03-26 17:50:26,False,2.299e-10,7.063e-13,2260125374.0,0.0159,0x6d...2fbf,https://bscscan.com/tx/0x8d5829a3bbcfdb15b85c6aa76297c847756b8f69c657d26c7d18a15c523f7ee6
2023-03-26 17:48:02,False,2.299e-10,7.063e-13,16655695437.0,0.1176,0xc9...a28a,https://bscscan.com/tx/0x5a220a6834ae0033f016f1388eeeb63ef8345067d08365542724e389f8f17460
2023-03-26 17:46:08,False,2.3e-10,7.064e-13,268651655303.0,1.89781,0x0e...5e80,https://bscscan.com/tx/0xa200e065d626134e921cfb04d0c34ed0c1194d2bcf14b34d0776bf922070c4eb
2023-03-26 17:46:08,True,2.312e-10,7.1e-13,9823840313.0,0.0697,0xce...74de,https://bscscan.com/tx/0x1a3070a7ea7275219a89e7b95cc28bec61c811231e667ab02891c25ca24a3e21
2023-03-26 17:44:29,True,2.312e-10,7.1e-13,4558664900.0,0.0323,0xc4...7611,https://bscscan.com/tx/0xd803424dff5008c84e131d8e3b4a468577eb70f4380a29eb1fa1bad5f5f71310
2023-03-26 17:40:59,True,2.323e-10,7.1e-13,14663670218.0,0.1041,0x83...4a22,https://bscscan.com/tx/0x146804a165a4d1dd9f98049ac1478c304393e8ee5c3bef3dddf88584abcc5898
2023-03-26 17:40:59,False,2.312e-10,7.064e-13,1457409070.0,0.0103,0x58...33ca,https://bscscan.com/tx/0xfcf0f583813d92a48dcd9a962009ba6d80dff4fcc2988b09c4a05fca77902e03
2023-03-26 17:39:41,True,2.323e-10,7.099e-13,29259984721.0,0.2077,0x02...5364,https://bscscan.com/tx/0x2320ca7ec8edc402ea03c86935954357695695a20e03d03f07d97f64b7acbfb9
2023-03-26 17:38:56,True,2.323e-10,7.099e-13,10582271241.0,0.0751,0xbf...8250,https://bscscan.com/tx/0x091b9465654cf193ca3bb74f29ddf5d12cfde8efcbafaf712f312e994fa0075b
2023-03-26 17:37:14,False,2.311e-10,7.064e-13,251875390382.0,1.77945,0x37...8f07,https://bscscan.com/tx/0x72ba2ce1c7d30ad4d0fddff59d41b8e2d9a6d76a96bcb70c0b0b76a74c67c36f
2023-03-26 17:36:17,True,2.323e-10,7.1e-13,5918198976.0,0.042,0xf8...6498,https://bscscan.com/tx/0xcdf12b6b31d7185697ddee94164f6ea58b94286ab600b99fdc70757eef05befe
2023-03-26 17:35:47,True,2.322e-10,7.1e-13,2113324468.0,0.015,0x95...8514,https://bscscan.com/tx/0x387e664d8e1a6d789b315c7ad6fb5b7ed532dd34421c933f6402a83f8e407b95
2023-03-26 17:34:59,True,2.322e-10,7.1e-13,4352908499.0,0.0309,0x3f...ec50,https://bscscan.com/tx/0x0af80ae16123391129569ca5b1b6f09efe828950e83486cd7c27ede835930df2
2023-03-26 17:33:59,True,2.322e-10,7.1e-13,8250116504.0,0.0585,0x95...8514,https://bscscan.com/tx/0x17be52dd45b2a142e9654b4ad7bbce63569722fa0d291ea58e6fef18a94fd3f6
2023-03-26 17:33:02,True,2.322e-10,7.1e-13,7354320857.0,0.0522,0x1a...a607,https://bscscan.com/tx/0x7a174c33dba242519b77c2dd5f68677de477cf7b65c77e26fbc31b298c621a43
2023-03-26 17:32:17,True,2.309e-10,7.1e-13,2816674563.0,0.02,0xef...65b4,https://bscscan.com/tx/0x83d0d288aaae445fc36d87da38648d41c312cfb62b7daa3b47ee89e82b39a9b9
2023-03-26 17:31:53,True,2.322e-10,7.1e-13,15657109681.0,0.1111,0x2f...0b49,https://bscscan.com/tx/0x3ba0d4f53c23a117f0f9c3424a5df31f0f4db5697830cdd8f65692b4822ad4a9
2023-03-26 17:30:47,True,2.321e-10,7.1e-13,3773741423.0,0.0268,0x54...30e6,https://bscscan.com/tx/0x983f56ee7e76e3a546a2f185d54def7c6f00415f170eb33e5bb8b3d523fb8743
2023-03-26 17:30:35,True,2.321e-10,7.1e-13,2721710001.0,0.0193,0x50...9894,https://bscscan.com/tx/0x3c05993f76abc66505396ef3821719476c2b7fed40e414e95b8313e956017149
2023-03-26 17:29:44,True,2.321e-10,7.1e-13,4800000000.0,0.034,0xfd...bcbe,https://bscscan.com/tx/0x5979d5c63ac8083736fd76a22c47654bd4c1bfeb4b174541310b226488f5df25
2023-03-26 17:28:56,True,2.321e-10,7.1e-13,11200000000.0,0.0795,0xe9...7027,https://bscscan.com/tx/0x9e3659547272c4d58d2f412cdc7d5fddae9ae0a46ac8411148b0399ddcae17d5
2023-03-26 17:24:56,True,2.31e-10,7.1e-13,6283990714.0,0.0446,0x5d...c2e8,https://bscscan.com/tx/0x5f9034f4db55eaa8814298c25f0904b635d69419a1024d6eb6f362ac8baca7ee
2023-03-26 17:17:23,True,2.321e-10,7.1e-13,61300000000.0,0.4352,0x65...53a4,https://bscscan.com/tx/0x54b7a53aa2dba2fcbdd0d07bbe912f0cf34ea25423ff3600e08d184ecd190b5c
2023-03-26 17:16:47,True,2.31e-10,7.1e-13,1200000000.0,0.0085,0xab...4722,https://bscscan.com/tx/0x169f5f4ea48f4dc4e6906ae7d0b926139b0634263161cb6b8d1354057fc210b4
2023-03-26 17:16:38,True,2.31e-10,7.1e-13,1000000000.0,0.0071,0x67...bbfa,https://bscscan.com/tx/0xf41bc0262735f440106dd037e463da6b4f61b3ce1cd2f7e7f8874df24370afca
2023-03-26 17:13:47,True,2.322e-10,7.1e-13,2328144827.0,0.0165,0xeb...fd86,https://bscscan.com/tx/0x32ff3f3a45f4f14d9350c32177ee30120c8d566283410becc394edf14b5970cb
2023-03-26 17:13:38,True,2.321e-10,7.1e-13,3500000000.0,0.0248,0x1e...f69a,https://bscscan.com/tx/0x8b9f2fd251b6f670d99c3118221714af3f1fae6cc2ce98f8d3227e6b52ba138b
2023-03-26 17:10:02,True,2.31e-10,7.1e-13,2095680321.0,0.0148,0x35...cef7,https://bscscan.com/tx/0xe51f045f869446c12e4e93dc9daaba8b1fe80ada104ed566f0b873c74c944ec4
2023-03-26 17:07:35,False,2.309e-10,7.064e-13,6317077626.0,0.0446,0xec...1adb,https://bscscan.com/tx/0x060f20a0abc7fa6e4caa16fda729db6784de2fb4b738018b5cbfce05e6f24be9
2023-03-26 17:07:32,False,2.31e-10,7.064e-13,131400000000.0,0.9283,0xc0...1fb0,https://bscscan.com/tx/0xa4ed1ba75d86eee438b21877fdeaba40a61afa159358372e2c145101aff81dd7
2023-03-26 17:05:14,True,2.321e-10,7.1e-13,2008993011.0,0.0142,0xbb...4869,https://bscscan.com/tx/0x68c0a81d156c27b1edab89ab8f5a36997204535809a3f786a124cc2a281ddf9a
2023-03-26 17:04:56,True,2.321e-10,7.1e-13,8058070000.0,0.0572,0x93...4b59,https://bscscan.com/tx/0xe28fb1a54dc635560946f1928e02ab54b7e1e6cbcdd67869a6d13d63c3ac4bc5
2023-03-26 17:03:06,False,2.309e-10,7.065e-13,24065724432.0,0.17,0x47...3d40,https://bscscan.com/tx/0xa241a4988e40a6cc1433c17d0ec63bfd16a6a218a8f4a52dfd0d9769c74dbdd2
2023-03-26 17:02:35,False,2.298e-10,7.065e-13,80266506244.0,0.5671,0x05...7066,https://bscscan.com/tx/0x4803905295fd50612c74eb1e3faf9e2355fd6f29e84f0ff9a1b6eac9b7282de7
2023-03-26 17:02:11,False,2.309e-10,7.065e-13,53417202866.0,0.3774,0x6b...ac31,https://bscscan.com/tx/0xb3c7a271d482faa69901ebfa678ba95b24235e82a3cac88746839e4e2888e308
2023-03-26 16:58:50,False,2.299e-10,7.065e-13,47862820909.0,0.3381,0x43...9ad0,https://bscscan.com/tx/0xf1da0de6149163084576b3fb473e0900bba475b800192a630e2b37b0b98c0fa5
2023-03-26 16:58:50,False,2.299e-10,7.065e-13,1963343675.0,0.0138,0x0f...39a5,https://bscscan.com/tx/0xe99d7699aee2ccb8a061653ea5dfadc4653375367cd9bef05aca8960628f1166
2023-03-26 16:57:53,False,2.31e-10,7.065e-13,109431979718.0,0.7732,0xb2...78da,https://bscscan.com/tx/0x8a6c875b92f04a8f76ceec9315ff43dcd6fecf34d7eacf10f7e053f413f021f1
2023-03-26 16:56:17,False,2.299e-10,7.066e-13,122394053810.0,0.8648,0x01...c05c,https://bscscan.com/tx/0x506ce72a7d7f15e3e5cf58eb8699e126c700ffff25ff39bca7129ec8026378e6
2023-03-26 16:55:32,True,2.322e-10,7.101e-13,10116487912.0,0.0718,0x36...26bc,https://bscscan.com/tx/0xc33b5aa8014aa17f14ef6d3ae2af47f27526575505127d5acd47cdf60bff2114
2023-03-26 16:55:26,False,2.311e-10,7.066e-13,46123125439.0,0.3259,0xeb...80c6,https://bscscan.com/tx/0x76154ef3f9219b5f6e06d707186c8ac17f576c1930e33b5ab27f73cd1436c331
2023-03-26 16:53:44,True,2.322e-10,7.102e-13,1300000000.0,0.0092,0xc9...7619,https://bscscan.com/tx/0xd06de877e1114c543299c0f74e0aa2485c6daf15a73e769ee9fc7eb5325f0638
2023-03-26 16:52:05,False,2.311e-10,7.066e-13,77815179886.0,0.5499,0x57...7d0c,https://bscscan.com/tx/0x2a4f4e615185170ba4c13d70f69edd9382486fb821cffd6535c747ce1dafa061
2023-03-26 16:51:44,False,2.313e-10,7.066e-13,7216296839.0,0.051,0xb4...ee9c,https://bscscan.com/tx/0x0128006f0c2c0b0f2ff9dda8b33fbd56ac0e0382f7dd297668ac9d787c5e61ef
2023-03-26 16:50:02,False,2.313e-10,7.066e-13,3940888166.0,0.0278,0x38...de79,https://bscscan.com/tx/0x2b45b8546892e19242ebe7b0925552d3c95049714f62165089184067e0cf29ac
2023-03-26 16:48:41,True,2.325e-10,7.102e-13,30015800000.0,0.2131,0x93...4b59,https://bscscan.com/tx/0x18939b05fbaf2f413b4d9ace1141e1959ea4ecbb95ee4b3580c1865b17b582e2
2023-03-26 16:46:08,False,2.313e-10,7.066e-13,3572864387.0,0.0252,0x9d...1e3e,https://bscscan.com/tx/0x0f102bef5e2e892a48d0629b0cc4152be98e7dcb9d56d421bf634bbab7e0f87c
2023-03-26 16:45:41,False,2.313e-10,7.066e-13,73619851713.0,0.5202,0x7d...d500,https://bscscan.com/tx/0x120efdad492e956c901f939b49d582474eec3225262296c78335ea03fd7c01ac
2023-03-26 16:45:08,False,2.302e-10,7.067e-13,15300000000.0,0.1081,0xe4...2498,https://bscscan.com/tx/0xffd09807b4a3940fe04404eafb35768607619187d51e712806c995c144507d36
2023-03-26 16:44:02,False,2.302e-10,7.067e-13,9289199705.0,0.0656,0x21...9a4a,https://bscscan.com/tx/0x35f3e52c831998380d48a1a5d1d1c2fbdfcc7d2ccedccf61ca40d6752c14cb5d
2023-03-26 16:42:50,False,2.313e-10,7.067e-13,42690330000.0,0.3017,0xcd...95ca,https://bscscan.com/tx/0x1ec38f4344463f761efe8de2f9099d962fdcd517c475b3199dd40e291083ce54
2023-03-26 16:42:32,True,2.325e-10,7.102e-13,1000000000.0,0.0071,0x57...0c09,https://bscscan.com/tx/0x3c5b1718fc925c31d9fa2db1bbcdfefcb36c8d0a9ad42f42c5a69b14aebdbc34
2023-03-26 16:42:26,False,2.302e-10,7.067e-13,3930525941.0,0.0277,0x46...8058,https://bscscan.com/tx/0xc5b5db4c65e85db46d9db6e1408746ca8cb91d3ce28aaceb3270eff643f8bad7
2023-03-26 16:41:44,False,2.302e-10,7.067e-13,6323683311.0,0.0446,0x78...f3f6,https://bscscan.com/tx/0x3730945fb7fc2fd0fd0ab1e54cdc67ec766edc44d626fc78d7b9a2cc6dcf7b15
2023-03-26 16:39:23,True,2.324e-10,7.102e-13,11302892139.0,0.0802,0x62...9ee0,https://bscscan.com/tx/0x8cba31fbb7da93fdf203cc7bc84e8d450d63960b1fefcee7885c0ffe15bceb61
2023-03-26 16:36:14,False,2.313e-10,7.067e-13,7200000000.0,0.0508,0x5c...f975,https://bscscan.com/tx/0x55e1cafc93df0446dc01da3b30669409601281388429a11f10e8a1fcf0af7138
2023-03-26 16:36:05,True,2.324e-10,7.102e-13,2154102934.0,0.0153,0x4e...759a,https://bscscan.com/tx/0xdf4f68dd291387281d514544aa63fdeb4e306b077fcd0b2fbc799470908902c7
2023-03-26 16:34:41,True,2.325e-10,7.102e-13,2550699199.0,0.0181,0x7e...80d4,https://bscscan.com/tx/0x05412df09fdaa4074609d7e700ef2d741fc001819c56d1e2441610dc7214bf48
2023-03-26 16:33:12,True,2.328e-10,7.102e-13,5440816534.0,0.0386,0x80...5f5b,https://bscscan.com/tx/0xde8ee8d40ee1860ebab2702076f31b4cd1524465c95b090c48e8a17acd76fe0c
2023-03-26 16:29:38,True,2.328e-10,7.102e-13,73800000000.0,0.5241,0xd7...0aa4,https://bscscan.com/tx/0x74b2f7692a44269c7a8c6ad7df8956a655a3f6edff099353aa6ec3273962cc6b
2023-03-26 16:27:56,True,2.328e-10,7.102e-13,75687677130.0,0.5375,0x31...8f48,https://bscscan.com/tx/0x241ae1753dc51ab2afac41283076314408206f7155333caa53e1e13e4be60e56
2023-03-26 16:26:50,True,2.328e-10,7.102e-13,8747169123.0,0.0621,0xa1...3f4e,https://bscscan.com/tx/0x66f02696ce97339e471d5f8799ee7c557a8df3a5f76342ef5513f6c03941e497
2023-03-26 16:25:29,False,2.316e-10,7.066e-13,67500000000.0,0.477,0x9d...0872,https://bscscan.com/tx/0xb89847c189dbb84999534fb6ec8ea683140d0f002a971bfae116f6c59627a08e
2023-03-26 16:22:53,False,2.305e-10,7.066e-13,9295494045.0,0.0656,0xcc...953d,https://bscscan.com/tx/0x9d29d742cd9133c141552742b1e9fcd7d8fd5572db4c49d9247db835d5557718
2023-03-26 16:22:11,False,2.317e-10,7.067e-13,18136859619.0,0.1281,0x4a...dff7,https://bscscan.com/tx/0x3a00890f4735f75a70e7c394c518744e2dac1817fa9f3acb9e1bb0459aaa8b7c
2023-03-26 16:20:56,True,2.317e-10,7.102e-13,6377344431.0,0.0453,0x6e...6407,https://bscscan.com/tx/0x7a208b2d43dce52250ae30021530cf49698ee1e769b612d1e7c42a936f4f35af
2023-03-26 16:20:32,True,2.329e-10,7.102e-13,3110037945.0,0.022,0x15...4042,https://bscscan.com/tx/0x01e45e261655a771c26783594cd768d0fbddf82514af086bd282404d28a7394e
2023-03-26 16:19:23,True,2.319e-10,7.102e-13,22948744937.0,0.1629,0x49...2581,https://bscscan.com/tx/0x973cf5b8d698730f3ff9dea330813343a20ba1b590f9a0555edaed5859bb601e
2023-03-26 16:17:41,True,2.33e-10,7.102e-13,20454059927.0,0.1452,0x64...4114,https://bscscan.com/tx/0xa3cb49ae2bba6d6babfb7ac7d7066e73f017848c78f90a492afba644cdbcb1c4
2023-03-26 16:17:29,True,2.318e-10,7.102e-13,56320220678.0,0.4,0xeb...2e5e,https://bscscan.com/tx/0x4128145f926d396ffc60b63bf3687c66c6027289ee11393562bd96bcc1138cc9
2023-03-26 16:17:05,True,2.318e-10,7.101e-13,112644625304.0,0.8,0x3f...d21b,https://bscscan.com/tx/0x11278bb5c39965425a5d35be454669cb5daecbb7ade772c6679c90a9ec2849bc
2023-03-26 16:14:41,False,2.306e-10,7.066e-13,21405682500.0,0.1512,0xfc...f689,https://bscscan.com/tx/0xd09f710db4b63e42508088cdffe2381f22da0c001adea44acd0d2f40c6d133ba
2023-03-26 16:14:08,True,2.329e-10,7.101e-13,788045876.0,0.0056,0x15...4042,https://bscscan.com/tx/0xe26e6c86bf34c3e47c942e4caaecccea1e47e511828e6fc1aa243ca69d14df0f
2023-03-26 16:13:41,True,2.329e-10,7.101e-13,65000000000.0,0.4616,0x13...6630,https://bscscan.com/tx/0x521bbb4270898c892bb7dd9b08ae295fd5ec65ee2f5a91a155856beaba28213e
2023-03-26 16:13:29,True,2.317e-10,7.101e-13,35550482930.0,0.2524,0x15...f0ed,https://bscscan.com/tx/0xfa62c79d1cb0b29e5c5d9050f447d55d90a403b88892cf3be94ad5886061ac4b
2023-03-26 16:11:56,True,2.329e-10,7.101e-13,27137044071.0,0.1927,0xf7...7679,https://bscscan.com/tx/0xcb35d84263d6c4dcfda79bb0d0605b619602a6e08f923a8f3eddcd56de7e722c
2023-03-26 16:09:29,False,2.318e-10,7.066e-13,5344025148.0,0.0377,0x71...1d29,https://bscscan.com/tx/0xcd8463b6af649f7800460e92e2934044b85055caaea8542379ee2530fda459d2
2023-03-26 16:06:47,True,2.318e-10,7.101e-13,1221462674.0,0.0086,0xf6...0179,https://bscscan.com/tx/0x2924aff381367248f8668a75602f263ead8449509e1b3cec048c631992b669ac
2023-03-26 16:05:20,True,2.331e-10,7.101e-13,45055564617.0,0.3199,0x20...962f,https://bscscan.com/tx/0x8beae6d2011b58a064d6229163e4ab4afbafe3b20feec2c013f57a1d793c426c
2023-03-26 16:03:56,True,2.331e-10,7.101e-13,7040932180.0,0.05,0x95...b9d1,https://bscscan.com/tx/0x4f7fe2df71c593db0ab503ea99975ceae69c21996face9b9daefe094db00a72b
2023-03-26 16:01:26,True,2.32e-10,7.101e-13,44988363277.0,0.3194,0x47...1b23,https://bscscan.com/tx/0xe3e638688208005a153699090aff94376d6ef148b8ad748e4eb2e8e7dcb50cd1
2023-03-26 16:01:20,True,2.319e-10,7.101e-13,26268365278.0,0.1865,0x9d...860e,https://bscscan.com/tx/0xce50e8d5b3160df1f5dacc16d9d2a7624bedeacb8973b6d5152f8c4b4b6a654a
2023-03-26 16:00:41,True,2.319e-10,7.101e-13,429511017.0,0.003,0x8c...5edf,https://bscscan.com/tx/0x7600404b32d953dd47d8fa2ca789be8fd0ae95e918f048aad35bd9488863e5ff
2023-03-26 15:58:44,False,2.317e-10,7.065e-13,8670125955.0,0.0612,0x39...af45,https://bscscan.com/tx/0x42bdb6aaeb01476990c7e589d4023ebcb9543484655839beceb881208b395e60
2023-03-26 15:58:44,False,2.317e-10,7.066e-13,266997542210.0,1.88663,0xca...714d,https://bscscan.com/tx/0x3e4bcf1db923cc3885c06b8377c0a303f523d95290a4acf42c70988e277fbbca
2023-03-26 15:58:14,False,2.306e-10,7.067e-13,651142614397.0,4.60195,0xd6...c107,https://bscscan.com/tx/0xf5a89a58c5fb1179cb37a180b6f2ea96a10cdf3aa2b48d6e0514e0cb32afda21
2023-03-26 15:57:11,False,2.306e-10,7.068e-13,23620793958.0,0.1669,0x6d...0e18,https://bscscan.com/tx/0x4bd1fff8ddb12228c0d738d7cf1e40525d08a1843418bff1f7bc3cc9f1dc52f8
2023-03-26 15:55:47,False,2.318e-10,7.068e-13,25534002869.0,0.1804,0xc9...8ebe,https://bscscan.com/tx/0x5a827b5033f10ac132e3d414fb38177d1c7fdca41ea8949664d0b81d9eab2dcb
2023-03-26 15:52:08,False,2.306e-10,7.068e-13,19507153886.0,0.1378,0x34...173e,https://bscscan.com/tx/0xfd842f8b2d4142b786d9bd9c75edd2140d7152f79c0c9881613d5d5c3838fd34
2023-03-26 15:51:29,False,2.318e-10,7.068e-13,73982083567.0,0.5229,0xe2...98e8,https://bscscan.com/tx/0x3bcddc45e689d06d0cda499288a6a51b1c244600f53816addd0eee25587977d3
2023-03-26 15:44:05,False,2.306e-10,7.069e-13,116859542354.0,0.8261,0xa2...caa5,https://bscscan.com/tx/0xe9ae0550bc82123e9cd5ec56031475cd0966cc969485c39e0ab147907c38c65f
2023-03-26 15:43:41,True,2.329e-10,7.104e-13,2252002334.0,0.016,0xcd...5355,https://bscscan.com/tx/0x60a30ab655478e5cdd6a3e4230ee46f595c99fc934ccfb57abed58d0d182a6c9
2023-03-26 15:41:29,True,2.329e-10,7.104e-13,1407502590.0,0.01,0x51...1917,https://bscscan.com/tx/0xd35573c4267d647fe208d9813424877b1392a57dd7fea9ba0d3faa4fa9ff5567
2023-03-26 15:38:05,True,2.314e-10,7.104e-13,6353297646.0,0.0451,0xd4...5609,https://bscscan.com/tx/0x17c2f3af632c6ae80e12855c63d4bbbfd5d9dc6091f399f1f72075dbc1808968
2023-03-26 15:37:08,True,2.314e-10,7.104e-13,3014830000.0,0.0214,0x0b...6039,https://bscscan.com/tx/0xecde28822fbed8d5bb109360189d3f725da22238ba9f1ce4b717ebbeedfff3ad
2023-03-26 15:34:27,True,2.326e-10,7.104e-13,1892826973.0,0.0134,0xd8...acff,https://bscscan.com/tx/0x29c7351f11a7c952ea13b421ae128863fbfdecde3105a347e98f33ecc58d0f22
2023-03-26 15:34:06,False,2.314e-10,7.069e-13,89751668657.0,0.6344,0x26...f094,https://bscscan.com/tx/0x6c4be367debc740f1feb90e62f02319ed32edfb7175224891b4056f26d5c7a3f
2023-03-26 15:31:19,True,2.326e-10,7.105e-13,840765.0,5.973e-07,0x94...90a1,https://bscscan.com/tx/0x90f907528b81f3ef006524276e3b7c73da94d76d055ecb7c8746bc8aff73e8b9
2023-03-26 15:31:16,True,2.326e-10,7.105e-13,11975260536.0,0.085,0x06...eaa6,https://bscscan.com/tx/0x4d85c87885f63d7a68cf06a31af6724135b20dd6d9ed69e1b48e1d083f6b0f18
2023-03-26 15:30:01,True,2.326e-10,7.104e-13,75422626636.0,0.5358,0x0b...7c64,https://bscscan.com/tx/0xf2055455f5bfe2bf5366be7821a6d642ab1d79708b68b8a86679dc95093ab96c
2023-03-26 15:29:58,True,2.326e-10,7.104e-13,22600000000.0,0.1605,0x1c...623f,https://bscscan.com/tx/0x8bb2ee8ab7707f0f074db31d798366bb6dd3c10c95b1c7cdbbc7ee33a8617602
2023-03-26 15:28:55,False,2.302e-10,7.069e-13,17755252255.0,0.1255,0x46...1c9f,https://bscscan.com/tx/0x08835d5ceddd270bacff16db4a75e8b6b25772590eeb0c878cc48ea629fbba28
2023-03-26 15:27:49,True,2.326e-10,7.104e-13,7751321389.0,0.055,0x49...e12b,https://bscscan.com/tx/0xaf126a3544ddf0ac0dfd2dc345ab3da96197e49caad1635cf785a89fd5e7ae6b
2023-03-26 15:27:19,True,2.314e-10,7.104e-13,21535104438.0,0.153,0x49...e12b,https://bscscan.com/tx/0x913fa170b604af05faa92fe11fb4d8e5dc974d4d2b75dfc9fc77261c474e1d01
2023-03-26 15:26:52,True,2.314e-10,7.104e-13,21535308290.0,0.153,0x49...e12b,https://bscscan.com/tx/0x89466cbbcbfe41cfc696564f30c23a6d4137ae2f49818e145d86ba116fb17b04
2023-03-26 15:26:25,True,2.325e-10,7.104e-13,2153542029.0,0.0153,0x49...e12b,https://bscscan.com/tx/0xe71e0826a0ae321976a57deb7d6c61d8d4e5306ccec0909e64b6e3ef78650ace
2023-03-26 15:26:07,False,2.314e-10,7.069e-13,12957748937.0,0.0916,0x2d...bbec,https://bscscan.com/tx/0x30a6eaaef52a58a20f68c2edc7d97319396d05de1cec16c8d0350a157007dd50
2023-03-26 15:25:58,True,2.325e-10,7.104e-13,2153531833.0,0.0153,0x49...e12b,https://bscscan.com/tx/0x52c6c6e21962bca14346a5939d0b79af64b0703a07e893aa7f044f95723b1d9f
2023-03-26 15:25:52,False,2.314e-10,7.069e-13,135000000000.0,0.9543,0x69...69a6,https://bscscan.com/tx/0x98aa20aa068dc8764e340289ed1d7cad03204cc3f6ddd008d88eba21d6725efe
2023-03-26 15:25:28,True,2.314e-10,7.105e-13,2153406402.0,0.0153,0x49...e12b,https://bscscan.com/tx/0x16239d06d4267b004da1466d04257ec15eb2f7ee74d61a1616786d59a2f44452
2023-03-26 15:25:25,False,2.302e-10,7.069e-13,2012040901.0,0.0142,0x8b...2f19,https://bscscan.com/tx/0x9313d6655dbeb685fae3bb54315691d0c48100a2057d76eb17c4960d2676fda4
2023-03-26 15:24:04,False,2.302e-10,7.069e-13,7359554665.0,0.052,0x72...5b6d,https://bscscan.com/tx/0x95a2c056044e91044f3139b88a39e0238b6c4d07d86689e6c0e07c4a9b11034a
2023-03-26 15:23:43,False,2.314e-10,7.069e-13,36070830000.0,0.255,0x6a...ed11,https://bscscan.com/tx/0xf10dc98b39d4a10d9f27c621f0e53fb4354b6846e49cb3ffd44cb40a142f323b
2023-03-26 15:23:19,True,2.325e-10,7.105e-13,76706109137.0,0.545,0x92...18fc,https://bscscan.com/tx/0x0dcea473ae84932ea1ef043bd5753b6d4e6bc94a5275d4cd1a8f78730e60ef31
2023-03-26 15:21:07,False,2.313e-10,7.069e-13,79246159120.0,0.5602,0x08...0857,https://bscscan.com/tx/0xa4dab51de433dcebca102a25e409dccf1dd295017566fa6d502a688baab87312
2023-03-26 15:20:37,False,2.313e-10,7.069e-13,901139597.0,0.0063,0x1c...44f1,https://bscscan.com/tx/0xc8edf0bb6e19a4b0b4054563e049a854fd197c2ca08ed7c1aa97c34f0ec8200c
2023-03-26 15:20:13,True,2.324e-10,7.105e-13,94404513590.0,0.6707,0x17...a198,https://bscscan.com/tx/0x89a03159d56e6b4a6327c1e5c272a97af590dea869c5ba05f7074c65ad5579ec
2023-03-26 15:18:55,False,2.313e-10,7.069e-13,29073427637.0,0.2055,0x95...a68e,https://bscscan.com/tx/0x34e3643e6be42e18296d2f37e8f53793ed6289c9370a285b982affef3cc7dbf4
2023-03-26 15:18:13,True,2.324e-10,7.104e-13,32371954237.0,0.23,0x71...d251,https://bscscan.com/tx/0x8c783123535c0d2174e2a023f331c47a3517a31884057f3979930064c0d23a7c
2023-03-26 15:17:52,True,2.324e-10,7.104e-13,78000000000.0,0.5541,0xf8...0cf8,https://bscscan.com/tx/0x002b484d35feeb4ea85b141f4770e637e3270f9062c98163c281d32ada5779ed
2023-03-26 15:16:46,True,2.324e-10,7.104e-13,2159481039.0,0.0153,0x73...2663,https://bscscan.com/tx/0x19e4f2b1c297e937bc75b39acc3b28c233243e9bac3fdd441b9755b5277a2e04
2023-03-26 15:16:28,False,2.313e-10,7.069e-13,457416688575.0,3.23387,0xab...2514,https://bscscan.com/tx/0x01d4def2bcbadece46cbc3e9edf15798f10f3f2b47451bb722a158456a523b35
2023-03-26 15:15:43,False,2.313e-10,7.07e-13,20801526674.0,0.147,0x57...18e1,https://bscscan.com/tx/0x93841f00902e56f8796cd99cdf0ccac5bee2fa15fa0ebfee77231c9c887f0a54
2023-03-26 15:13:46,False,2.302e-10,7.07e-13,3782035272.0,0.0267,0x06...4b63,https://bscscan.com/tx/0x47a6d71b937c3e7ddfa509665600917f232686efa227eeb4673d444295669035
2023-03-26 15:12:31,True,2.313e-10,7.106e-13,562895437.0,0.004,0xef...b797,https://bscscan.com/tx/0xee2c9404a3e9536e176e10514549c06bc7f860be31304b3cd7bb433ff8f07f51
2023-03-26 15:09:52,True,2.312e-10,7.104e-13,817050908076.0,5.80501,0x8f...2fbc,https://bscscan.com/tx/0xb68caa5f5a9b439d45bd7ca7b1cab7078b8afbb31970e7c0af0d0aa4c1515882
2023-03-26 15:09:43,False,2.3e-10,7.068e-13,17157571324.0,0.1212,0x94...18fa,https://bscscan.com/tx/0x97a7901e5f01cf7e1ef088e0bc33ad614366e4f489c8b829075713f3fe3ee84b
2023-03-26 15:09:25,True,2.323e-10,7.103e-13,5067846867.0,0.036,0x18...021b,https://bscscan.com/tx/0x4f1098ec8c4269dbeaae7bf84f14f1806c9e375b2fc1645d9b1b7414f8820c6c
2023-03-26 15:08:34,False,2.3e-10,7.068e-13,9509654604.0,0.0672,0x78...65d9,https://bscscan.com/tx/0x377865267ecc4d5d3ff6c5b76299fb747296d85f214deff1f82a99fa8aa34314
2023-03-26 15:06:40,False,2.313e-10,7.068e-13,17040863072.0,0.1204,0xe4...9247,https://bscscan.com/tx/0x409bdf4dd34a6f8cdad13c7aa13a795ae9fd53840c8c2b48b08a7b44c6cd3031
2023-03-26 15:06:19,True,2.324e-10,7.103e-13,1900000000.0,0.0135,0xb1...c45c,https://bscscan.com/tx/0x5b4482f65f4458f7e031cc6c9964afc1b6c6eb4314e8701341b5762c86af4b5a
2023-03-26 15:04:49,False,2.313e-10,7.068e-13,21297137094.0,0.1505,0x89...9c96,https://bscscan.com/tx/0x041526463fe5fbcd446cdbfc3be6f3df37f5afde78b59a8ba411e2aa0eff1170
2023-03-26 15:04:07,False,2.313e-10,7.068e-13,39169023181.0,0.2768,0xe9...4a68,https://bscscan.com/tx/0xa49184604989bd36cf12a708b8076612e7544b2349189757af95d750f57e46e6
2023-03-26 15:01:49,False,2.301e-10,7.068e-13,29970001790.0,0.2118,0x0d...cae3,https://bscscan.com/tx/0x2cfcf8d405cfb19d8f1b815ec3c4352e7652635560a98a1092ea8f25f3818447
2023-03-26 15:01:16,True,2.324e-10,7.103e-13,3171770000.0,0.0225,0xd3...ac98,https://bscscan.com/tx/0x0ac6f49c92806d32f157bb21709af42e5e814d0480d2ff859e382abdf00d5be8
2023-03-26 15:00:31,True,2.312e-10,7.103e-13,7577100000.0,0.0538,0xd3...ac98,https://bscscan.com/tx/0xc3ab44278cb8e0fd415b0c0b81aa0d7139a26fb0a89d6e0a1cc373923cbc0220
2023-03-26 15:00:19,True,2.312e-10,7.103e-13,1401971659.0,0.0099,0xc4...cdad,https://bscscan.com/tx/0xaa215377ee34c5184823271eb66bb1a2cdb78b0905c14b92b21d7528e7ce0dc5
2023-03-26 15:00:16,True,2.312e-10,7.103e-13,7582400000.0,0.0538,0xd3...ac98,https://bscscan.com/tx/0x8d251f06ee8995e7aea7f119c34fbdaeda3bf74275bd9d75d006d2f59aec3c97
2023-03-26 14:59:55,False,2.301e-10,7.068e-13,4356544042.0,0.0307,0xa4...f408,https://bscscan.com/tx/0x66f6c69978286fc15a6354145123517e8da19353a4a495d17a8ebf52826a6c88
2023-03-26 14:59:52,True,2.312e-10,7.103e-13,2582400000.0,0.0183,0xd3...ac98,https://bscscan.com/tx/0xbff46c6c8bffb46b177e9e1623779f6445dd4edae3e3c750afee6967403afe19
2023-03-26 14:54:07,True,2.312e-10,7.103e-13,13203600001.0,0.0938,0x56...528a,https://bscscan.com/tx/0xbfeefde401e0c43cab5721af6c5d74f99e1303baf3117365d6efbd00bcbc5ecf
2023-03-26 14:51:31,True,2.324e-10,7.103e-13,33996187967.0,0.2415,0x1e...d0d6,https://bscscan.com/tx/0xc4caf247bdc8da02f2c633e0c09d0fb901532a2a88298b6cb26b757900cfdcb9
2023-03-26 14:49:46,False,2.311e-10,7.068e-13,6300000000.0,0.0445,0x18...4e02,https://bscscan.com/tx/0x0ebcb455b67fe2a184f484dbc8b53f253b590ba74b506c31e9fb1de33b65fd9b
2023-03-26 14:49:43,False,2.312e-10,7.068e-13,207000000000.0,1.4632,0x18...cc20,https://bscscan.com/tx/0x31ce3fb0fa9c9f11f9a9b0c199bce4e5b6af2fa77b5fd84ea8288b070bf56ea9
2023-03-26 14:49:40,True,2.323e-10,7.104e-13,64933116044.0,0.4613,0x20...bfc8,https://bscscan.com/tx/0x505de3fe2ffb8a989c95d26524e6512a75d07429498280a0088cdb4af4ef31f4
2023-03-26 14:48:37,True,2.323e-10,7.103e-13,161881449292.0,1.15,0x10...b141,https://bscscan.com/tx/0x27afc6496c8df1f13d4a30ba7958ce055ae8dba1f85e492991ecbd716b04ce48
2023-03-26 14:48:07,True,2.326e-10,7.103e-13,33321279747.0,0.2367,0x58...605e,https://bscscan.com/tx/0x7f15e5dd3e735251e5e1b602fa861cd40e9edca79f65519912f3709177a9f4ea
2023-03-26 14:44:10,True,2.327e-10,7.103e-13,3666666666.0,0.026,0xfc...e63b,https://bscscan.com/tx/0x617b90d7ed41b2040ba1ccdbd7304f74d976325be731c70918b3725c6928bb1d
2023-03-26 14:42:13,True,2.315e-10,7.102e-13,578356156263.0,4.10789,0xb8...f3ba,https://bscscan.com/tx/0xbeb38ba9a6a8d4db08bdd84d3200e759f41609bb105f7f474339e68eff7b9415
2023-03-26 14:41:58,True,2.327e-10,7.101e-13,16077831486.0,0.1141,0x1d...c20f,https://bscscan.com/tx/0xeddb9661c363a11863826c415f4babde9579279aea5215db8b13e9a2ea3ae099
2023-03-26 14:41:25,False,2.315e-10,7.066e-13,89802541864.0,0.6345,0x1b...3877,https://bscscan.com/tx/0x120668164465674e43ae0852d5ad82ffc054f68dbaee6313f4c404d3fa72c9ee
2023-03-26 14:41:19,True,2.315e-10,7.101e-13,18129369029.0,0.1287,0x1d...c20f,https://bscscan.com/tx/0x7118b57ceed2f175cce56a15fbb0a4f91d90f0f67023d1d76583addb48c2cce3
2023-03-26 14:40:13,True,2.327e-10,7.101e-13,39000000000.0,0.2769,0x98...18b0,https://bscscan.com/tx/0x6eae4b8cc2e782db3bbf84e32be911134fb3345f08f6527a3ec2652c159c7212
2023-03-26 14:39:40,False,2.303e-10,7.066e-13,260660700000.0,1.84203,0xa8...915b,https://bscscan.com/tx/0x0a47b17eac24d81afac1917efa0bac23a5ea074a2aa84ecc833348cab42e44f5
2023-03-26 14:38:34,True,2.315e-10,7.102e-13,23000000000.0,0.1633,0x3a...b88f,https://bscscan.com/tx/0x69c873e14f69f625f0ef6deccad8f94308647751a9bf396a5dbfb7d2898f61d1
2023-03-26 14:37:55,True,2.315e-10,7.102e-13,19000000000.0,0.1349,0x14...1750,https://bscscan.com/tx/0xa402d6ca9b69383d109e2bd89601d80b747ef26167d62f5d82f10f13c089dd8a
2023-03-26 14:37:37,True,2.315e-10,7.102e-13,10626682035.0,0.0754,0x3d...2f91,https://bscscan.com/tx/0xf3ee7ad807e93bb41f5436a359d78b9622b4e7d0d7db7ae2a580c04756f8f76f
2023-03-26 14:36:46,False,2.315e-10,7.067e-13,18347577129.0,0.1296,0xbe...fa67,https://bscscan.com/tx/0x6375781cebd3cbf6d8ab238d96aa6976965c8b69e678eeb213c1379dcebe8d72
2023-03-26 14:34:43,True,2.327e-10,7.102e-13,30370268037.0,0.2157,0x1d...c20f,https://bscscan.com/tx/0xd3beb8ee5d0f889b0df950d8f4a9b5756b864b0e75c4be22ebdd0e4b63a4c05f
2023-03-26 14:34:13,False,2.304e-10,7.067e-13,51995620000.0,0.3674,0x95...dc9d,https://bscscan.com/tx/0x6c30dcb671ccbafe5ba98f415ef7bf51c380b4c11f59b239003ff1348148be30
2023-03-26 14:33:52,False,2.315e-10,7.067e-13,6040800000.0,0.0426,0x1e...7fa7,https://bscscan.com/tx/0x1cc32747ea246a477fef8cc30acc94546ed70073b212d4f942095f0ab5706253
2023-03-26 14:26:13,False,2.304e-10,7.067e-13,9060857194.0,0.064,0x9d...9654,https://bscscan.com/tx/0x8744be0091269456cca080621f1fed9b5e2c1b667e459bf7a28cc8934fd8284d
2023-03-26 14:23:22,True,2.316e-10,7.102e-13,4086409214.0,0.029,0xde...f03b,https://bscscan.com/tx/0xad70e251054ebfc1d79b377034435462e01f986526eb6882c31f1da1de2135bf
2023-03-26 14:22:46,True,2.317e-10,7.102e-13,12694657568.0,0.0901,0xa1...48fc,https://bscscan.com/tx/0x3e4e9bb9096c65c93b2191e511c66b520642026775008d04b0a4a8514b8dda2e
2023-03-26 14:21:31,True,2.328e-10,7.102e-13,50472674144.0,0.3584,0xbe...95a6,https://bscscan.com/tx/0x900da1e6fbbbfe786412d5ab44b6646d66203d6f38b419695f8e0346b7e72ea6
2023-03-26 14:19:49,True,2.328e-10,7.102e-13,30151200000.0,0.2141,0x34...2e71,https://bscscan.com/tx/0xe5cfff010328422ebf61349baa2a8621318b881d5d24390bfb19381e5a71a935
2023-03-26 14:18:52,True,2.316e-10,7.102e-13,51422099167.0,0.3652,0x30...519b,https://bscscan.com/tx/0x4db417b0969c2e09d156150b4d05f9290f2919550d16795b39dc7605f74b3546
2023-03-26 14:16:04,False,2.304e-10,7.066e-13,9608439183.0,0.0679,0xac...9e8e,https://bscscan.com/tx/0xd3e4654f84df030a0a62ffc3bf802cd723b203a725756260d8e779ba4a1afd9d
2023-03-26 14:14:37,True,2.315e-10,7.102e-13,38016569311.0,0.27,0x77...09d2,https://bscscan.com/tx/0xb8bd013996228d97d6396e08616368acf6147564e3f15d6167df5b8a1a3a56fa
2023-03-26 14:14:25,False,2.304e-10,7.067e-13,424096477274.0,2.99722,0x1a...92f5,https://bscscan.com/tx/0xcb6ef67e72a18260b3b3a7322be136799b2348d0e8e62d6b09169889e5dc8b0f
2023-03-26 14:10:17,False,2.304e-10,7.068e-13,88176184893.0,0.6232,0x5e...177d,https://bscscan.com/tx/0x44199504ee54e0f2e152056926c18f9a3f68f281cf8f790827e3589ff855dacf
2023-03-26 14:09:02,False,2.304e-10,7.068e-13,4588116748.0,0.0324,0x18...cb66,https://bscscan.com/tx/0x531429ec505216db6ad1453a357e235004712f769892f9fea0931b9304f228f8
2023-03-26 14:04:53,True,2.315e-10,7.103e-13,176051721796.0,1.25057,0xb3...0f71,https://bscscan.com/tx/0x79b32a83c214ea643b7e896dc0ebef5dce44fedada114c248fae98197fb62ec1
2023-03-26 14:03:29,True,2.327e-10,7.102e-13,314844151362.0,2.23624,0x20...bfc8,https://bscscan.com/tx/0x9582c05e45065b302f033571a895f1ee0440e67b0b938f62c3ca3f6d04d7eba1
2023-03-26 14:01:32,False,2.314e-10,7.067e-13,450000000000.0,3.18034,0x43...cfe5,https://bscscan.com/tx/0xf1887f5dc79378518eb0d5d9194de04a959edc2605cb856ffa5b76b3fb0ad783
2023-03-26 13:58:05,False,2.299e-10,7.068e-13,7697029926.0,0.0544,0x9c...56dc,https://bscscan.com/tx/0x0b24434545569e61fb697516cfe733724dc153eb6bfb92ca2df5b420ff4b0d42
2023-03-26 13:56:29,True,2.31e-10,7.103e-13,27436922076.0,0.1949,0x41...3428,https://bscscan.com/tx/0x1f611e33b77fd24ec7bd48b3cb54dca8491db7229fb7448821d2db43d0f19519
2023-03-26 13:56:17,True,2.31e-10,7.103e-13,2674730454.0,0.019,0xbd...18c6,https://bscscan.com/tx/0x3e5073dbd91b8d22c24912fc2c4de129e3732cd4bf22b746c8e371cba4835678
2023-03-26 13:55:44,True,2.321e-10,7.103e-13,200000000000.0,1.42064,0xf8...31d1,https://bscscan.com/tx/0x2df1a893e2783f4a2a71fb9a4647cf9d3f8c45ce89921ef0c15a188e0ae531a2
2023-03-26 13:52:44,True,2.32e-10,7.102e-13,13909940040.0,0.0988,0xd2...6eee,https://bscscan.com/tx/0x0a400aee86af7bd1d80d20da5fe239eb5584855420792dde25c245b1c4c3c9a9
2023-03-26 13:46:08,True,2.321e-10,7.102e-13,15486799376.0,0.11,0x01...d482,https://bscscan.com/tx/0xca922302a4c028fedeee5b9822f9e1ae42ee1fd7df4ec770b0b567bc7d44dc69
2023-03-26 13:44:56,True,2.31e-10,7.102e-13,28862043857.0,0.205,0x58...b664,https://bscscan.com/tx/0xa097176b15a31d1e8aff8a7e931ead49cfb919191b07986ae2f439d423477a3b
2023-03-26 13:40:41,True,2.312e-10,7.102e-13,13784400001.0,0.0979,0xbb...0abc,https://bscscan.com/tx/0xbff85514f8a6b5c7cf71b89c68559654e8cfa04d9ead74ef5526b01f474f55d5
2023-03-26 13:39:32,False,2.3e-10,7.067e-13,9000000000.0,0.0636,0x2c...0070,https://bscscan.com/tx/0x25334e818775b260a9a374fa9457c94f43710e97c6cb7c252556643bb85e2686
2023-03-26 13:39:11,False,2.301e-10,7.067e-13,52800055837.0,0.3731,0xee...7129,https://bscscan.com/tx/0x9025abfb89bd10e4d028d9321f2969114ace4b08c620519842ce00708508a872
2023-03-26 13:38:59,False,2.301e-10,7.067e-13,2277638605.0,0.0161,0xae...9bd7,https://bscscan.com/tx/0x85a8a4dc54ff2d0dbd34cca93e1ea894ef2dbd06e92dd31fec2ab9c866507003
2023-03-26 13:34:57,True,2.324e-10,7.102e-13,1250188795.0,0.0088,0x69...ddc3,https://bscscan.com/tx/0xcd7fe6a3f65f9664971ba4bbaf53de1bd3e5af39c6de0c918d8749edda5f5507
2023-03-26 13:34:47,True,2.324e-10,7.102e-13,24795555555.0,0.1761,0x9a...4d90,https://bscscan.com/tx/0x53b4cde486d903009aba28cb699214cda5259319dac08ef2d8946e6ab258138b
2023-03-26 13:32:26,False,2.312e-10,7.067e-13,10262186165.0,0.0725,0xf5...386e,https://bscscan.com/tx/0xf5b113f9cad9c7ab13cd40b17c7ec27a8b8bf488a3376666cc6886cc5c4a778c
2023-03-26 13:32:12,True,2.324e-10,7.102e-13,6968228402.0,0.0494,0x40...e3ea,https://bscscan.com/tx/0x89a42646a76ec5abf818c3264c371a40f0f695eafcfb50708f6b52f713426bcd
2023-03-26 13:31:09,True,2.324e-10,7.102e-13,558630502.0,0.0039,0x80...2e30,https://bscscan.com/tx/0xb9bd59bd10a2570a46211bb50516b5adf8d5b2b1f29d6aa31f69afa481e28f4c
2023-03-26 13:30:45,False,2.312e-10,7.067e-13,20768355148.0,0.1467,0x47...232c,https://bscscan.com/tx/0x3e9f54ee2bdeca971108c153e5bc2f7c81c7fb613ca4b8e63072a78466490bbe
2023-03-26 13:30:02,True,2.312e-10,7.102e-13,6271586046.0,0.0445,0xce...7a49,https://bscscan.com/tx/0x87e0b4bad0508a5b0ec1c17a03603f745fe24dd8b10379d28c40ee9ac31f53e9
2023-03-26 13:24:56,True,2.323e-10,7.102e-13,20978190849.0,0.149,0x54...c718,https://bscscan.com/tx/0x332980673cae3ed103c9cc6e3ad654dd3624c7ce646b84d36e981f983729954c
2023-03-26 13:24:11,False,2.312e-10,7.067e-13,1064211402.0,0.0075,0xbe...fe24,https://bscscan.com/tx/0xd2d0a44837a5c1a17e244b860390c1226d93af52efdc55cd3373a4390cc358ee
2023-03-26 13:23:47,True,2.323e-10,7.102e-13,211194858572.0,1.5,0x9e...c9cc,https://bscscan.com/tx/0x4f0036d3b76d98da1a3cb8adf8e71de33de5fdd0cd31b05c27fdd9e49b18326d
2023-03-26 13:23:38,True,2.323e-10,7.102e-13,37759647270.0,0.2681,0x7c...68cf,https://bscscan.com/tx/0x2f15ee11a7e1d0d2615eede2ac7427f90e7b04cf6b1c38918ba7cb94565e9c69
2023-03-26 13:22:26,True,2.323e-10,7.101e-13,5400000000.0,0.0383,0x03...20a3,https://bscscan.com/tx/0xca69debca478410f2fae6beef7b15d965cb9d1acae1dd84186a52f6b9ba9948b
2023-03-26 13:17:41,False,2.311e-10,7.066e-13,18236314896.0,0.1288,0x9a...d248,https://bscscan.com/tx/0x2666a12b494de3eec1df3997e9b0c72c79469f36d7bff140bda3578bd9449fad
2023-03-26 13:15:08,False,2.31e-10,7.066e-13,43059715706.0,0.3042,0x4f...bf78,https://bscscan.com/tx/0xa71ad14adfc477d764f4d13fb338c878ff648c5d7acac89e5ec5d810c76b9b49
2023-03-26 13:11:59,True,2.321e-10,7.102e-13,1967702680.0,0.0139,0xc4...7611,https://bscscan.com/tx/0x57fb5a9be0ab8890110c989bb42479b613815804bdd227616a8461918b4c72b3
2023-03-26 13:09:59,False,2.31e-10,7.066e-13,36665456833.0,0.2591,0x5d...99c3,https://bscscan.com/tx/0x6f49a9e48460cbef6f57fcdc37d476b3100233f42b678011789994b0200dd0ac
2023-03-26 13:07:50,False,2.311e-10,7.066e-13,3600385919.0,0.0254,0x8c...463c,https://bscscan.com/tx/0xa1314432455bc65fb49694cb4a3b5b0c033890e934f6ef975aafcadd80a5e4d5
2023-03-26 13:06:59,True,2.309e-10,7.102e-13,45378727752.0,0.3222,0x8d...af4a,https://bscscan.com/tx/0x8ff279fc73bfd53117b9d0098f4d17b807eb5e69c8854c3ed688169effec1cc8
2023-03-26 13:06:08,True,2.32e-10,7.102e-13,42241121621.0,0.3,0xf9...f9fb,https://bscscan.com/tx/0xf719b8a3107caff9166873c2c95b8352dadd7caa6826427f1efdd30b0b3934f5
2023-03-26 13:06:05,False,2.309e-10,7.066e-13,22453445412.0,0.1586,0xcd...3307,https://bscscan.com/tx/0xfb94529f7c5a56bb0011ff6ef1cf77b8e7a3428717b93b25dedc576f3f02e6d3
2023-03-26 13:04:32,True,2.321e-10,7.102e-13,125315000.0,8.899e-05,0xbf...09a6,https://bscscan.com/tx/0xd1609bfbf1a22452662096447fa43fab5e3c3ef78ee61579fe7589edf2916c49
2023-03-26 12:59:29,False,2.297e-10,7.066e-13,8392677110.0,0.0593,0x2e...fc9a,https://bscscan.com/tx/0x701638b0224857ccf98e9fd4d5a07b496df379856f8a9654b5c9cba33bdc6ba1
2023-03-26 12:59:02,True,2.309e-10,7.102e-13,11264279741.0,0.08,0x3a...cdfe,https://bscscan.com/tx/0x7ca536726b3f33077aa9d77962ea08afa79103c04a445121e5f86820345a569d
2023-03-26 12:58:23,True,2.32e-10,7.102e-13,28676121078.0,0.2036,0xd4...e5f7,https://bscscan.com/tx/0xa3a8e6b56efd10fbb106e87a212db677af7afc8d654396795ecc4eb91f1a3aad
2023-03-26 12:55:44,False,2.297e-10,7.066e-13,92975739998.0,0.657,0xc4...1e11,https://bscscan.com/tx/0xf549068fbc2bca2468c5fa1baf4b11b45056e1432f2c8b0e92812aaa1dd3d432
2023-03-26 12:54:44,False,2.309e-10,7.066e-13,2873251372.0,0.0203,0x8d...9a63,https://bscscan.com/tx/0x2c47a9566602bdb1411e89b486e7d9a41773ea763460fd32a2fdf5a8194a3f99
2023-03-26 12:51:59,True,2.319e-10,7.102e-13,22000000000.0,0.1562,0xd2...b465,https://bscscan.com/tx/0xc6d562da6995a0e56db41fa9ff21bfb150b2686be799c1d4c0f367763a79a31f
2023-03-26 12:48:56,True,2.308e-10,7.102e-13,8400499893.0,0.0596,0x5d...5bc3,https://bscscan.com/tx/0x0d296279e5666bea740ee5b74fdb17c601c3ae410e56a185fc7874304a58d4b8
2023-03-26 12:46:35,False,2.297e-10,7.066e-13,6759324097.0,0.0477,0x6e...6cc1,https://bscscan.com/tx/0x62c7472cabce57c7e5da8ffab3f3c42824281cd216589cb0605876850652fbe0
2023-03-26 12:45:53,False,2.309e-10,7.066e-13,10973065998.0,0.0775,0x47...8038,https://bscscan.com/tx/0x1be11c128643cabbf478acc276522e824b4df87a50de2eb44ff30ed3b3325c59
2023-03-26 12:42:14,False,2.309e-10,7.066e-13,6855082810.0,0.0484,0xf4...3982,https://bscscan.com/tx/0xece468c15a9e1dae42e3d9baf8ff74e5a60eb050a0741ae6c7d5e46fb8c516c3
2023-03-26 12:42:02,False,2.309e-10,7.066e-13,18000000000.0,0.1272,0xa0...ee21,https://bscscan.com/tx/0xdcbeb916b284e3e8f0a537acf821c65d0b1fb94c4efe668c2e777c172e95ce48
2023-03-26 12:41:20,True,2.32e-10,7.102e-13,5752243356.0,0.0408,0x9d...410c,https://bscscan.com/tx/0xee746490a87a02354717c659d59bc1b0e85d070760ff5e8d8924ae6cd621e936
2023-03-26 12:40:44,True,2.309e-10,7.102e-13,2640028700.0,0.0187,0x4c...845e,https://bscscan.com/tx/0xf1b5c45f9e96cf4dcd22e4d3471c6b01ee8d2f9c84f198d9bafbec3af0208476
2023-03-26 12:39:02,True,2.32e-10,7.102e-13,9000000000.0,0.0639,0x7a...58db,https://bscscan.com/tx/0x92f1480270a7a6afc8a8e150f79568b7a887aca5a2d67511aed7764ffdd7018f
2023-03-26 12:35:50,True,2.309e-10,7.102e-13,39785371235.0,0.2825,0x8e...d127,https://bscscan.com/tx/0xdf8441ecb9112f20048abfe423512c0b5b9199dff72ab814c161571d6d472fd6
2023-03-26 12:34:53,False,2.309e-10,7.066e-13,43619673569.0,0.3082,0x4f...9d73,https://bscscan.com/tx/0x26e428fa18a7230d48850b995fd92064a07893c3d872f5eb3bf9c0decaed4d57
2023-03-26 12:31:23,False,2.308e-10,7.066e-13,3749281103.0,0.0265,0x0c...f9d6,https://bscscan.com/tx/0x38e4b5eedbfdfe6634af9e4b22c327c562569e7aeb1dca29a77fc5c47062da81
2023-03-26 12:31:11,True,2.32e-10,7.102e-13,13294798905.0,0.0944,0x4a...99c4,https://bscscan.com/tx/0x2e045668ab37f7d712812e35c7f4e8b87876c41184043a22e94767cdaead994d
2023-03-26 12:31:02,False,2.308e-10,7.066e-13,4990380306.0,0.0352,0x10...6748,https://bscscan.com/tx/0x93e1c9c459f3078d463c5b71785fe3c9d75426f9cb4c26a3c9f14b6a259b8fee
2023-03-26 12:31:02,True,2.32e-10,7.102e-13,3048086645.0,0.0216,0x15...4042,https://bscscan.com/tx/0xfa496e2b1fdc85e7720bfbcb865b5d14edf88461d5d5cfcc27494fbcf7acaa15
2023-03-26 12:24:41,True,2.32e-10,7.102e-13,8000000000.0,0.0568,0xf2...9b65,https://bscscan.com/tx/0x7df3bc01b583311afd1d4255e7e4104a35cbb42103b254486ede4a70b5611661
2023-03-26 12:24:08,True,2.308e-10,7.102e-13,2334979575.0,0.0165,0x1e...c411,https://bscscan.com/tx/0xf0efe0f4655d73b057b7d709bf870ef4f95be1a637353d1232b2aee7168ddb83
2023-03-26 12:22:29,True,2.319e-10,7.102e-13,13798531322.0,0.098,0x9d...7791,https://bscscan.com/tx/0x5ef9d423d5c4752861416a331f3ab0d00d75348ede2147b9f1b913c426d14553
2023-03-26 12:19:17,False,2.307e-10,7.066e-13,36000000000.0,0.2544,0xda...161b,https://bscscan.com/tx/0x69e6721d83d8a08be189d2b30e3c8fbd2580075372dfda586e198e93651a0f44
2023-03-26 12:18:08,False,2.307e-10,7.066e-13,19400626722.0,0.1371,0x39...7b05,https://bscscan.com/tx/0x36754385660ae78aecda12eb4dfee495d284d3d41d8167d42081900fea52bf48
2023-03-26 12:16:59,True,2.318e-10,7.102e-13,7000000000.0,0.0497,0x24...b7bf,https://bscscan.com/tx/0x7e398b9b35493e5494fbccfa651959aef80973c1f7fb7d5ebe627c9056ed3719
2023-03-26 12:16:23,True,2.307e-10,7.102e-13,1353899246.0,0.0096,0x94...0bfd,https://bscscan.com/tx/0x64ed10f18b9c5d1b60e6cb1f952c7cfd6ffefe9acc712b08dc796b611fc3e9a2
2023-03-26 12:15:17,False,2.294e-10,7.066e-13,7072731252.0,0.0499,0x30...0016,https://bscscan.com/tx/0x2e33feea38e91f390e138fa9b5e1dd75703cd0b4a97504e0afe5ea8601ed7181
2023-03-26 12:08:59,False,2.295e-10,7.066e-13,11737028775.0,0.0829,0x09...3666,https://bscscan.com/tx/0x1a9468bf7861a867d3391aecaa031f15c0e67143f615ea8adee02243d5b64441
2023-03-26 12:08:53,True,2.307e-10,7.102e-13,66800000000.0,0.4744,0x11...b3b2,https://bscscan.com/tx/0x3ce70094b42088e8bbc45e00eb6b6544dfa97b474f33c27e07ebb793bae00748
2023-03-26 12:06:26,True,2.307e-10,7.102e-13,70401700001.0,0.5,0x83...f17f,https://bscscan.com/tx/0x458dbe579b4d19961712038795337a1b73936d386fff97487b29b1638b28f54c
2023-03-26 12:06:14,False,2.306e-10,7.066e-13,30505940514.0,0.2155,0x16...f10d,https://bscscan.com/tx/0x02b29969f7257c69a85ecf793c4b2a783df0ac5ef75a4968d8f610c429c2049f
2023-03-26 12:05:59,True,2.318e-10,7.102e-13,22303200001.0,0.1584,0x45...39a8,https://bscscan.com/tx/0xa50c145c9470943dbef2ad211b38bb5653b3d6e7b78d4b3b2aecf6cbdcd3b54c
2023-03-26 12:02:56,True,2.318e-10,7.101e-13,39083586364.0,0.2775,0xb2...ae70,https://bscscan.com/tx/0x8a86602e6e276217ab9a893303ad933f44128bcba67f7bd5317805c9f4df7f5c
2023-03-26 12:02:08,False,2.295e-10,7.066e-13,22567208660.0,0.1594,0x21...81c3,https://bscscan.com/tx/0xd68c12b45561552961ab44ebc30ff0eb6ccd938d40a01e9ddaf42c335b063a4d
2023-03-26 11:58:05,False,2.295e-10,7.066e-13,62577836141.0,0.4422,0x66...69a6,https://bscscan.com/tx/0x280f238cc7f46915ccb73ff20f17c43932f8fbd6a6ce98a05f07b26c59c1b212
2023-03-26 11:57:32,False,2.306e-10,7.066e-13,103186577731.0,0.7292,0x78...30bd,https://bscscan.com/tx/0xdf89bfcdf037ca57b6b23b4888ad8019868096b031a1f186a87121713c42a02b
2023-03-26 11:55:44,False,2.306e-10,7.066e-13,4288384900.0,0.0303,0x9c...2c15,https://bscscan.com/tx/0x9bb1dad3564d44f0f64fba2b5520e3beecc549db4772938cdf8431670fd46d73
2023-03-26 11:55:38,True,2.307e-10,7.102e-13,93000000000.0,0.6605,0x98...a594,https://bscscan.com/tx/0x4de4465f23b85586131a6f990b2e9e5e9b45149d6814244d5638cd692509141e
2023-03-26 11:49:47,False,2.295e-10,7.066e-13,21169187977.0,0.1496,0xa1...0bd4,https://bscscan.com/tx/0xba2bf15abd2edd733de3368b8b25e2091e924ee73a8a0ee072452639071e5d6e
2023-03-26 11:45:20,False,2.297e-10,7.066e-13,10597037257.0,0.0748,0x6f...250a,https://bscscan.com/tx/0xe01a1cc4d2f59c6095d36542975b788eac5dded853483cb40ba8cb9cc67a371e
2023-03-26 11:42:14,False,2.308e-10,7.066e-13,8102398882.0,0.0572,0x0a...e7c2,https://bscscan.com/tx/0x2e57257daadc79783cabeb6f5b153d23ca1426fc1b3e9fad9814f85f3a8f4ee8
2023-03-26 11:41:41,True,2.319e-10,7.102e-13,703997673.0,0.005,0xc9...701e,https://bscscan.com/tx/0x9ebe97d1146eb7b5079de89eea595de6cc7517420a18a6a4a932e52505ed6684
2023-03-26 11:40:11,True,2.319e-10,7.102e-13,5170877303.0,0.0367,0xe7...5f04,https://bscscan.com/tx/0xa046ab25f2c2fba153bb31aeafc39d1fa4991863977f9f5b845ff526c8cde765
2023-03-26 11:37:23,True,2.319e-10,7.102e-13,1464319185.0,0.0104,0xf3...3ac4,https://bscscan.com/tx/0x00326b6d6f9f30e68106b7999230e756401e0873901881578e1043e60fc18f45
2023-03-26 11:34:47,True,2.307e-10,7.102e-13,1200000000.0,0.0085,0x76...bed7,https://bscscan.com/tx/0xf084663b062b6cf85cdc0fb0813290dce006699a6f343576e532c9f6eb5e1301
2023-03-26 11:32:14,True,2.307e-10,7.102e-13,26752165285.0,0.19,0x1c...7984,https://bscscan.com/tx/0x06273679b9a1ae4186e16eacb17d02b3edc15c13bb0d5e9762be88767706d28d
2023-03-26 11:32:11,True,2.307e-10,7.102e-13,500000000.0,0.0035,0xca...be0e,https://bscscan.com/tx/0xfb7f1466cc2edd9f9543dde2e6c30e67f276aced4919fdf077d12a5484de01d0
2023-03-26 11:27:47,False,2.306e-10,7.066e-13,36592780633.0,0.2585,0x5a...0959,https://bscscan.com/tx/0x4acd9337a437763c4934b29cbc782dc1ed2b90edd443639613faa84e287a1acb
2023-03-26 11:24:59,True,2.317e-10,7.102e-13,86311713444.0,0.613,0xdf...9335,https://bscscan.com/tx/0x1e436a8954457687891aaa9922d5cc0718814ff2beb8ab75c974cd9294a54ab7
2023-03-26 11:23:26,False,2.294e-10,7.066e-13,81626360597.0,0.5768,0x1c...415a,https://bscscan.com/tx/0x796c92932cdb974b06c55d691d427c91cb492362fb17f42af2693271e44230f9
2023-03-26 11:23:17,True,2.306e-10,7.102e-13,4223997068.0,0.03,0x48...73ef,https://bscscan.com/tx/0x855a424360fc1fb4a401ca0147457fab25596994faf3e113ed47b79b2f000b6b
2023-03-26 11:23:14,True,2.306e-10,7.102e-13,13529640737.0,0.096,0xb3...a0be,https://bscscan.com/tx/0x32c5750a9e7902e46e1dc5d72157dcb3670a3b479fa680f2393f83f05e979025
2023-03-26 11:20:44,False,2.306e-10,7.066e-13,36186893431.0,0.2557,0xe6...30c0,https://bscscan.com/tx/0x74ef7abdb9f091385f6c71844c476e63a5367590aa5180771d06e8ff345b599f
2023-03-26 11:20:32,True,2.306e-10,7.102e-13,10000000000.0,0.071,0xd9...5a4d,https://bscscan.com/tx/0x7f021f57097bfc678c6aa26fa7fa363780fbad2f2ffade2298bc8936f3810dc4
2023-03-26 11:19:35,False,2.306e-10,7.066e-13,4050000000.0,0.0286,0x25...37b6,https://bscscan.com/tx/0x37ada38b038d626e19c0687c2ae6cfcd168a79d69a16e7abe45151a87b8dec8e
2023-03-26 11:19:29,True,2.317e-10,7.102e-13,68992500099.0,0.49,0x3e...fb26,https://bscscan.com/tx/0x28262e2c9d22a373556ab6e59df5dfeb9f858674b3b50036b49cd462c6fa2d77
2023-03-26 11:18:20,True,2.317e-10,7.101e-13,109350793583.0,0.7766,0xce...897f,https://bscscan.com/tx/0xb726e9d4e47cbb14a2383d41ac0d28c4636f8f4474562ee3c489f5907a500af8
2023-03-26 11:14:59,False,2.305e-10,7.066e-13,5955444064.0,0.042,0x5f...cbc0,https://bscscan.com/tx/0xeb6e6562f84a8938e351b334409732f0ba4f898db37b0aa244aed2ec2458f484
2023-03-26 11:13:47,True,2.317e-10,7.101e-13,2116190000.0,0.015,0xda...40e3,https://bscscan.com/tx/0x2df0e627717b1918a1d623b1bba66928832e2b710de5d06f526fc8525923d807
2023-03-26 11:12:17,True,2.317e-10,7.101e-13,5350778869.0,0.038,0x08...9301,https://bscscan.com/tx/0xbd7997312b9de1a5b5b81f6e3f453217a599a5702681825ea680e49c85262570
2023-03-26 11:12:05,True,2.317e-10,7.101e-13,69767000099.0,0.4954,0x3e...fb26,https://bscscan.com/tx/0x61051fb8ee8c331a0a9d97979e063a27404484fe9a387f39938b2581d0b1883c
2023-03-26 11:10:42,True,2.305e-10,7.101e-13,16532240162.0,0.1174,0x65...b43e,https://bscscan.com/tx/0x891303a77a42eaf36332d5cb662a065c5c6e7848aa237800f37cf4aa2e2ea47e
2023-03-26 11:10:18,True,2.303e-10,7.101e-13,2828041020.0,0.02,0x85...4d99,https://bscscan.com/tx/0x3981dfe26fbed839dbddcf6ac1540da85391df55b846f8840acc504ff06cea1b
2023-03-26 11:07:51,True,2.316e-10,7.101e-13,139975000099.0,0.994,0x3e...fb26,https://bscscan.com/tx/0x5428fe32ad1e9733b744201bd76481ca8332ce4ce329b5ffc45f3762c99567d5
2023-03-26 11:07:18,True,2.305e-10,7.101e-13,6226920977.0,0.0442,0x88...f5cd,https://bscscan.com/tx/0x2e69d48fab197904b9233d80e9f253414a4dc0243a4e83e6d142ba864bb367da
2023-03-26 11:04:33,True,2.316e-10,7.101e-13,8449497619.0,0.06,0xa4...3db9,https://bscscan.com/tx/0xeafc57b1969cadfa647b3d3ec4c1e1f2d5a7df01a8edeab5553823b8b70913a8
2023-03-26 11:02:03,False,2.292e-10,7.065e-13,8344376141.0,0.0589,0x12...af70,https://bscscan.com/tx/0x6e23b9ba7d5fa7a2235941bc9b88cd334f9c64b9bdf86797426152a92e56c503
2023-03-26 10:55:45,True,2.316e-10,7.101e-13,2647506021.0,0.0188,0x35...a27f,https://bscscan.com/tx/0x9ba6bc6e07b2b529c5de9c845800b147c93af80b668dd8c8d80448b6c5a7681c
2023-03-26 10:54:48,False,2.294e-10,7.065e-13,9050379949.0,0.0639,0x54...69ba,https://bscscan.com/tx/0x37b7b899a65202486edd710462220dc842ada960f41362fa9ba86d8b819e0ec5
2023-03-26 10:50:24,False,2.294e-10,7.065e-13,19314122206.0,0.1364,0x68...f14f,https://bscscan.com/tx/0x3913d517e77aa77bc259d5a964a560366058720c0191822d7bb0c5371c52baf9
2023-03-26 10:50:03,False,2.294e-10,7.065e-13,32222566486.0,0.2276,0x46...a215,https://bscscan.com/tx/0x7f5c22dcf0488bfeb817f4ca8daeb25f1034f4a2330572709074f5ef8edba030
2023-03-26 10:49:42,False,2.306e-10,7.065e-13,5720926458.0,0.0404,0xf2...80c4,https://bscscan.com/tx/0x730ae0356a5835c51a0d8782f556af7ea4ddcb639dfeaa6d6046f97f1bf4dc93
2023-03-26 10:47:57,False,2.294e-10,7.065e-13,30188609584.0,0.2133,0x12...c04b,https://bscscan.com/tx/0x46d4e61d1bdc18ce532eb69b98d8fc1c2d5867dc5876c596140a00223240cf2c
2023-03-26 10:47:51,False,2.294e-10,7.066e-13,143129210604.0,1.01136,0x0c...c856,https://bscscan.com/tx/0xda27a34d3c9e495c1d41068c0f02e50ea5e498f067b675f3acd7b3766e7fa7f8
2023-03-26 10:47:12,True,2.305e-10,7.101e-13,14081051463.0,0.1,0xbd...cb84,https://bscscan.com/tx/0x32eb1b866dc66a14292f86241e2155821f6877711c47f4b091e19e6dd1fd6ead
2023-03-26 10:47:03,False,2.294e-10,7.066e-13,95568530257.0,0.6753,0xb6...9139,https://bscscan.com/tx/0x7b1290fa129b3b618a3ff182ce60906c14110bd85f20061fc294af157a07b3b5
2023-03-26 10:44:36,True,2.317e-10,7.101e-13,206145789133.0,1.46398,0xfe...0ea6,https://bscscan.com/tx/0xce0618eb8d1d4072681ffd5a0ea4f357933f6d68231902f16d183b479fc49d05
2023-03-26 10:41:24,True,2.317e-10,7.101e-13,4224538147.0,0.03,0x03...3268,https://bscscan.com/tx/0xdb9b202696482ddf41fb269cee4b61be9db2c5cb0ceefd0c9baa178f9b778d0a
2023-03-26 10:36:51,False,2.296e-10,7.065e-13,18000000000.0,0.1271,0x11...ee81,https://bscscan.com/tx/0x0f3789522d41ed958e3a593f7ffafb846cd004fa725248162ce0cb0e9c60882e
2023-03-26 10:36:45,True,2.307e-10,7.101e-13,2248090331.0,0.0159,0xf1...990c,https://bscscan.com/tx/0xbec7f7d29f4c64c4a02892f1702f69deb9c32530e836c74fc622a0428b9e39da
2023-03-26 10:33:36,True,2.307e-10,7.101e-13,4868791541.0,0.0345,0xc7...02b1,https://bscscan.com/tx/0x84072020b69c97b0cbfee7dbaf30bfbc1a443b1ff00055f43f1f4f38a8f5eeb0
2023-03-26 10:28:18,True,2.305e-10,7.101e-13,38628937386.0,0.2743,0x69...517b,https://bscscan.com/tx/0xcfaf692e95f7f70c230fee9a255daf16badb793b3f544e874b28b798df2bb5c1
2023-03-26 10:27:54,True,2.293e-10,7.1e-13,217000000000.0,1.5409,0x8f...8afe,https://bscscan.com/tx/0xa38b14b8ad03ba25e7fba2a6b85375ae26ab71e7195dbd826c9296b5f0424491
2023-03-26 10:27:12,True,2.293e-10,7.1e-13,7041671793.0,0.05,0x35...22a1,https://bscscan.com/tx/0x56ddff2b4fa3ce38e84ecd6697b31740d84b83fd8ed53841343254890349c7a2
2023-03-26 10:25:30,True,2.294e-10,7.1e-13,7739045632.0,0.0549,0x10...f7c0,https://bscscan.com/tx/0x7abd52e5f3299f4504e2f97ed560ac9f23da902051c1462aaa1910bee95daf55
2023-03-26 10:24:36,False,2.282e-10,7.065e-13,84339178749.0,0.5958,0xdc...a8c8,https://bscscan.com/tx/0xd11784f3f406436d1480304680062955e33316eae0779305597bef34fd0504b9
2023-03-26 10:22:54,False,2.281e-10,7.068e-13,1997740361539.0,14.1209,0xc4...e959,https://bscscan.com/tx/0x5a5328005d78bf9ea938a5ae99df270e7d708c9d9f39d38d9c2e300265816b07
2023-03-26 10:22:24,False,2.294e-10,7.071e-13,1911727296.0,0.0135,0x70...d06f,https://bscscan.com/tx/0xa24121d83e870d318844b9a33bf4e624a0ac653c3cfe4ebfb573ee0e4eef308a
2023-03-26 10:22:06,True,2.294e-10,7.107e-13,9849407210.0,0.07,0xbe...f60b,https://bscscan.com/tx/0xed8f6c7ff855e74f2431b6dd2a389081c5cfd7ea43725a022d7a90483aba69df
2023-03-26 10:18:42,True,2.294e-10,7.106e-13,8442382979.0,0.06,0xef...6242,https://bscscan.com/tx/0xafa512dcd103c2af2e8c68af2d69698e105ed237b45bedfbdc3e626f061e7aa6
2023-03-26 10:10:36,True,2.303e-10,7.106e-13,2174936841.0,0.0154,0x8a...3551,https://bscscan.com/tx/0xfbc36dc9c5ae067270d608cd3d045a8a76306569247a57fc508266d4f73bbc4e
2023-03-26 10:10:06,False,2.291e-10,7.071e-13,2654406940.0,0.0187,0x5e...ff5d,https://bscscan.com/tx/0xee9dbea27a477f43722af96f6d75bd6440d92cadddefce545446d47150d44e3c
2023-03-26 10:04:21,False,2.294e-10,7.071e-13,9000000000.0,0.0636,0x98...039e,https://bscscan.com/tx/0x7660b18e2cbfd0b359b297585c2cb6aec2af5cccc429c43c102e2120636b5e6a
2023-03-26 10:03:15,False,2.294e-10,7.071e-13,29614630539.0,0.2094,0x3a...a0c7,https://bscscan.com/tx/0x577d07c166ada748e8047cb41bca0c20aebc474ed90d750961d93e5408e261e9
2023-03-26 10:03:00,False,2.294e-10,7.071e-13,45784655050.0,0.3237,0xb5...6ed9,https://bscscan.com/tx/0x29a9f4f87df0fc3d652af52c8c9806947a679fe45a812f8d21588e4fb22aa877
2023-03-26 10:02:45,True,2.294e-10,7.107e-13,21286366721.0,0.1512,0x0c...5a3b,https://bscscan.com/tx/0x6715a531c322c733f5529ac1f52612db9f609b72dc48b55392d512f2f1d42cbe
2023-03-26 10:02:00,False,2.294e-10,7.071e-13,22500000000.0,0.1591,0x53...9020,https://bscscan.com/tx/0xb43d76e9f11998592adeb61c86623b594aafd9479c4670e0a4debba2b0277f44
2023-03-26 09:59:40,True,2.306e-10,7.107e-13,56837800001.0,0.4039,0xb3...93ff,https://bscscan.com/tx/0xda4b79ce9883859a37a985ef93d4c2b8a1154535603276bb9076dd77b6dd24c0
2023-03-26 09:58:49,True,2.305e-10,7.107e-13,42078200001.0,0.299,0x4d...7660,https://bscscan.com/tx/0x2dee005dfe0db2bcb7d62e00ef39b93498f7758d29897f7fd1ba8fa8b80f2936
2023-03-26 09:55:46,False,2.294e-10,7.071e-13,19643151922.0,0.1389,0x67...9d70,https://bscscan.com/tx/0x61c1f40c3a9a579fdd2ebbacf3cc10f10a08dc4655a8574e765a94be5301a2ab
2023-03-26 09:50:01,False,2.282e-10,7.071e-13,1514159771.0,0.0107,0xc3...6999,https://bscscan.com/tx/0x9ecf23e80a73e36885065bc64526881a85be765ca76c5c930891b74318e3a64b
2023-03-26 09:48:46,True,2.304e-10,7.106e-13,14880362627.0,0.1057,0x15...4042,https://bscscan.com/tx/0x6aa38ed933e020aa253700123d6b44ff2b57c145b9811a29fd837e1a33c4ee34
2023-03-26 09:47:46,False,2.293e-10,7.071e-13,101749968966.0,0.7195,0x22...351a,https://bscscan.com/tx/0xf5e67203b516676cf5645dc4bac3a598d62ffca3623ab45bb7edd0bfa9423b69
2023-03-26 09:46:43,False,2.293e-10,7.071e-13,101749966154.0,0.7195,0x22...351a,https://bscscan.com/tx/0xa4b3a5f77e8c7ce7670a76a000440578e9e4d7f6b571078bfd436b1f601299c9
2023-03-26 09:46:28,False,2.293e-10,7.072e-13,36350043746.0,0.257,0xe4...ec52,https://bscscan.com/tx/0x3855d1b05fa9c045eaae77ee976e4ae9724184e997eccb0e38a95677d56fb7f3
2023-03-26 09:44:19,True,2.304e-10,7.107e-13,200000000000.0,1.42148,0xf8...31d1,https://bscscan.com/tx/0xe88f8a324d7bbdb251966ebc7fa853e5a7e3c7feed8e08908212550b51019ccd
2023-03-26 09:42:28,True,2.304e-10,7.107e-13,20120852765.0,0.143,0xa6...5f19,https://bscscan.com/tx/0xdff692a9eb8646743a86e1b9d9cd83131f2538d4b0879ad66127df369ada2aa1
2023-03-26 09:39:37,True,2.293e-10,7.107e-13,6130571448.0,0.0435,0x14...4943,https://bscscan.com/tx/0xd9defdffa9b06b8077818d0898cb32e351e46a826e41b1b5d97cb2cd9fd4fbd1
2023-03-26 09:37:37,False,2.293e-10,7.071e-13,480908115.0,0.0034,0xab...9576,https://bscscan.com/tx/0x987fdd040b132bfe82f8db49613847a4a689fff7c1ce32a7cb293044a47a3e98
2023-03-26 09:37:19,True,2.304e-10,7.107e-13,500000000.0,0.0035,0x58...d831,https://bscscan.com/tx/0x0cb490f85a3a0aafec91e43f0f3118cce139b73128605e7cd4313d82d8750270
2023-03-26 09:37:19,True,2.304e-10,7.106e-13,15000000000.0,0.1066,0xb6...b0ff,https://bscscan.com/tx/0x88e4cbaaba51049106fdd5f076110aea03bf62cd1df01fba1f59dcbf4b0444fd
2023-03-26 09:34:28,True,2.303e-10,7.106e-13,70354686384.0,0.5,0x88...d3fc,https://bscscan.com/tx/0xe95b7514be9a9d22ff0d73c70bb9d80495e8cddf2d0e6ad07878317385e04d37
2023-03-26 09:32:37,False,2.292e-10,7.071e-13,3538992561.0,0.025,0x91...68c3,https://bscscan.com/tx/0x41fa2de7b20791f0fa47338d21d2030b1cff1f94f979cb9240aaad8a05384e5f
2023-03-26 09:31:51,False,2.292e-10,7.071e-13,11371078620.0,0.0804,0xf7...e9ec,https://bscscan.com/tx/0x8b38e85096a65124a573ae19157dfef0cdbae9fcf05d0345f49de149167ad86a
2023-03-26 09:30:00,True,2.304e-10,7.106e-13,10834744045.0,0.077,0x0a...b929,https://bscscan.com/tx/0x5a3b89dad4cabe8f0b2f5087e8122fb59455c0285183631755b3bbd90bffe943
2023-03-26 09:29:48,True,2.304e-10,7.106e-13,22513918968.0,0.16,0x9a...d248,https://bscscan.com/tx/0x9943b58d6a848f836a4b1a8c2bce7a53224f0f79690a8db18b23a01cad0b793e
2023-03-26 09:29:12,True,2.291e-10,7.106e-13,7999317275.0,0.0568,0x1c...b9f1,https://bscscan.com/tx/0x446703ec9ad1c6d56adceaec41ce410782bfcabea752599ea41593ad7d56f6fb
2023-03-26 09:29:06,True,2.291e-10,7.106e-13,51952052138.0,0.3692,0x5d...6bc3,https://bscscan.com/tx/0x6dfb0a0c67bd05e7790eb3208df88e2567e551e1f73495207ebb45eac370bd2a
2023-03-26 09:28:03,False,2.291e-10,7.071e-13,21600000000.0,0.1527,0x94...2dc4,https://bscscan.com/tx/0x0b8aa9e60a312a4200d59df890cca2a364c9f5586b05d97f481087585d846ca1
2023-03-26 09:27:27,True,2.303e-10,7.106e-13,35179038571.0,0.25,0xf7...e9ec,https://bscscan.com/tx/0xf0dcfa1b02c98fc6395c3cc3060b4bf8650233c3ea12ef132a1934e585eef1b4
2023-03-26 09:25:21,False,2.291e-10,7.071e-13,270856088495.0,1.91533,0x1d...78e4,https://bscscan.com/tx/0xcaf86eaede4354ba690455161d3b6fbbd14e51083436d807502e2ce5c2c99473
2023-03-26 09:25:12,True,2.303e-10,7.107e-13,126743000000.0,0.9007,0xc5...b8d2,https://bscscan.com/tx/0xc46a4ec8d435042477f4acb04fc35d2d9a81e66d56f9fde8df5236331308b185
2023-03-26 09:19:00,True,2.303e-10,7.106e-13,8442517769.0,0.06,0x3f...b89e,https://bscscan.com/tx/0xa25f61b54e11c1cb0c147a57cb35e77bbe914cd8cb683d7c88f06b7afef22c2c
2023-03-26 09:18:54,False,2.292e-10,7.071e-13,4500000000.0,0.0318,0xe4...2498,https://bscscan.com/tx/0x62b4250dc5b0fb3d3e77545378f97f5b4ede35401d1b02eea5c82be9b208f240
2023-03-26 09:18:12,True,2.302e-10,7.106e-13,201081506058.0,1.429,0xf7...e9ec,https://bscscan.com/tx/0x3bd067d7ffceb2cd2b1d89319a7788be393033c9b77ea22906685669716ecbd0
2023-03-26 09:15:15,True,2.293e-10,7.106e-13,11785644033.0,0.0837,0xca...49c9,https://bscscan.com/tx/0x5d72d242125306774d979a403b4875000d646305203094c20ff0bca2b02e8d19
2023-03-26 09:14:51,True,2.304e-10,7.106e-13,8000000000.0,0.0568,0x65...64ea,https://bscscan.com/tx/0xf056601913390759b9eb86416e888b4f106d7a89a9f9853d78402744494ae602
2023-03-26 09:13:27,False,2.281e-10,7.07e-13,16211946993.0,0.1146,0x88...867a,https://bscscan.com/tx/0x300395b68f6675be61d46268b6f34c9df3f66f978a53b0a96783198e58d8f2d6
2023-03-26 09:10:57,False,2.293e-10,7.07e-13,27000000000.0,0.1909,0xa6...3e60,https://bscscan.com/tx/0x7e9702dc33e4072233a9945a41f98a1953f7513d225dbe93d6eefb516b39f62c
2023-03-26 09:10:36,False,2.281e-10,7.07e-13,27280635617.0,0.1929,0x7e...136d,https://bscscan.com/tx/0x137040edda62c49d4a90b4196326d45c4abfd17ffef65cdb7507ee93924fed4e
2023-03-26 09:10:30,False,2.293e-10,7.07e-13,42399300905.0,0.2998,0xf2...317f,https://bscscan.com/tx/0x1f1922c188196d70fb1b4b0c4011f43f2430e85925c4f50c5bec4d836556e18a
2023-03-26 09:07:13,True,2.304e-10,7.106e-13,3811111111.0,0.027,0xe3...d40c,https://bscscan.com/tx/0xe1d1bb51d6c2263922b80954a3bc6278ca9e0009a3bae50ca840e6fe8db6f4fc
2023-03-26 09:06:52,True,2.304e-10,7.106e-13,2127778907.0,0.0151,0x38...fa0d,https://bscscan.com/tx/0xeb76dfa48f834f3ff32cddf8d532596182fadb877d361a6e99794b0132e9b475
2023-03-26 09:05:58,True,2.292e-10,7.106e-13,1563212484.0,0.0111,0x82...9462,https://bscscan.com/tx/0xc09ea096de81d99cd919e71feb30676f7195e5182b9433df176d92393c7ace3f
2023-03-26 09:05:04,True,2.304e-10,7.106e-13,4643625272.0,0.033,0x39...00f2,https://bscscan.com/tx/0x8fe4acfa2c339d4b2a8688b1118bbb7d690d69be3d676da481523bc4ffa8828c
2023-03-26 08:54:52,True,2.303e-10,7.106e-13,281432139.0,0.002,0x4f...d696,https://bscscan.com/tx/0x62c647a4daf4ddd70582958444cd03f9e3ce5ec217ed5d89c558ecd4cbb6fd99
2023-03-26 08:53:28,False,2.28e-10,7.071e-13,2384708591.0,0.0168,0x7c...ae4b,https://bscscan.com/tx/0x344bd64c770603e6939dbe4e0fef47ffb3badf877319014b4984d88563776823
2023-03-26 08:50:10,False,2.28e-10,7.071e-13,63000000000.0,0.4454,0x4b...c739,https://bscscan.com/tx/0x1b469455f9bf8def49ddf5e17ca023c94d831ce7e767078efcc92e121ea30002
2023-03-26 08:50:01,False,2.293e-10,7.071e-13,7056374517.0,0.0499,0xa1...0bd4,https://bscscan.com/tx/0xcd9d5b429a1df594c4492aa20d13c6c76f7c7abd1ac2d31d6e17172c1948b14b
2023-03-26 08:44:31,True,2.292e-10,7.106e-13,4625534213.0,0.0328,0xf5...401c,https://bscscan.com/tx/0xb416d5c30ff7149c9591a6351bab6edd5e4820f6f521fe8b2a4f1a391dec0301
2023-03-26 08:44:25,True,2.292e-10,7.106e-13,2443164903.0,0.0173,0xea...cc3f,https://bscscan.com/tx/0x4f265348bc7505d47f70a207085b292c54507bb50c37e9f81153bc662490b069
2023-03-26 08:43:34,True,2.292e-10,7.106e-13,3515694582.0,0.0249,0xc2...2b76,https://bscscan.com/tx/0x01d42fa627db3ce9b0a3aeab757e23ffa0a721fbba69caaa3f2911cf776a0000
2023-03-26 08:41:16,False,2.293e-10,7.071e-13,18577648310.0,0.1313,0xca...2d45,https://bscscan.com/tx/0xc6b76022dc44f3bc92b8e574e744535e348a03ba0645f94c627280b07ed5c94b
2023-03-26 08:38:19,True,2.304e-10,7.106e-13,21784252299.0,0.1548,0x3d...eb21,https://bscscan.com/tx/0x77f8ae183d03a2c6bcd98eb9d7056dc695c02fba00c0cb5f9d32d63ba3d01c91
2023-03-26 08:35:22,False,2.292e-10,7.071e-13,3673299005.0,0.0259,0x14...3562,https://bscscan.com/tx/0x92872149e581087f215c4615ba8654443f9f6d67ad73b804dce73cfca53156ee
2023-03-26 08:31:16,True,2.293e-10,7.106e-13,6393536859.0,0.0454,0x5c...4dd9,https://bscscan.com/tx/0x6c862d4f3bc66cfe2d1b374c5ebaeb80f3195161e530c2c824048693a9fcbb01
2023-03-26 08:28:37,True,2.304e-10,7.106e-13,21106992996.0,0.15,0x88...d4c9,https://bscscan.com/tx/0xf3fbbe024442f1d502ffa8f6b9b3c3f452a39e92e488ca8fd2e1daa743c687e7
2023-03-26 08:24:13,True,2.304e-10,7.106e-13,698742207.0,0.0049,0x0b...3f2d,https://bscscan.com/tx/0x92f8bd91d566f2b08a83852d25b313f6f2ccbc9277b7658896579a1d748dcb6d
2023-03-26 08:22:31,True,2.292e-10,7.106e-13,7035709989.0,0.05,0xd6...8dd8,https://bscscan.com/tx/0x8dcc0ebb4f2328c378f0e5d17740204e9bde1511f0673f72fc1f7d476f5a0533
2023-03-26 08:21:46,True,2.292e-10,7.106e-13,50866735943.0,0.3614,0xf9...3507,https://bscscan.com/tx/0xad47458e8bdc5adedec52a0bfa27b79158333004276ed179241b299355c1c8f3
2023-03-26 08:19:04,True,2.293e-10,7.106e-13,5000000000.0,0.0355,0x14...e87d,https://bscscan.com/tx/0x773d33c84679e252e9335bc893d7790211b4b4f023d2c84241f72fece373a6e4
2023-03-26 08:18:10,False,2.281e-10,7.071e-13,56955051717.0,0.4027,0xa8...723d,https://bscscan.com/tx/0x4bd740e5794f9d4c2155fd4728b042ba650375847d3921b05fb85a5cd2aea6eb
2023-03-26 08:15:55,True,2.304e-10,7.106e-13,5628581317.0,0.04,0xd6...8dd8,https://bscscan.com/tx/0xd6ffbf4d08709a17834b0b909463e197970fa1aa74bfe6eb0b0dd4c9d3df4e3a
2023-03-26 08:12:55,True,2.304e-10,7.106e-13,14071514258.0,0.1,0xa2...59ef,https://bscscan.com/tx/0xb8745ce907811db0d911e47be9129375a97bd46f55ce3bd0ecfdb9411a530f6c
2023-03-26 08:12:46,True,2.304e-10,7.106e-13,2814310000.0,0.02,0xaa...8399,https://bscscan.com/tx/0xeb54f767385747f444672d4dc427e15b766ff772c58954f31bf4fc09c6314927
2023-03-26 08:11:58,True,2.304e-10,7.106e-13,220937627844.0,1.57002,0x1f...65cd,https://bscscan.com/tx/0xa92e9b08145c6b6e228d006249d716c5006a2c8b267dcb704f053a93b749650a
2023-03-26 08:11:58,True,2.304e-10,7.105e-13,4500000000.0,0.0319,0x61...0e11,https://bscscan.com/tx/0xc6ec8dfca5d7d943d42890d44f9990377ac07b7080538ab79c316a10150048c5
2023-03-26 08:07:04,False,2.293e-10,7.07e-13,17608899211.0,0.1245,0xca...4b07,https://bscscan.com/tx/0x4f9a460bf9e29345c721d45b592325644f6bedcdbabcdf598d3f6abcfb6a2661
2023-03-26 08:06:37,False,2.293e-10,7.07e-13,5125339688.0,0.0362,0xf1...1ec7,https://bscscan.com/tx/0x447c014c3927a86174beaa650167b3e25bd7235bfbbc5f0f67bed6f045858d5f
2023-03-26 08:04:31,True,2.305e-10,7.105e-13,10209684854.0,0.0725,0xe1...a2c9,https://bscscan.com/tx/0xd2293621aab00e0d88d2d01cc44237f9e8c658dc2ba30c036dff93ee6cf3bd54
2023-03-26 08:03:55,False,2.282e-10,7.07e-13,6714338720.0,0.0474,0xa6...fa96,https://bscscan.com/tx/0xe7281d1d8401ddba4804f85c4d20afab0e0ec0ec4112dfe3af2acee4d10dc162
2023-03-26 08:01:10,True,2.293e-10,7.105e-13,17999838001.0,0.1279,0xd6...1046,https://bscscan.com/tx/0x543bad42d40fa6ca4c75728df69b1af5d57fd4f1049aca8e99f50c24f7e0ac6d
2023-03-26 07:59:46,False,2.294e-10,7.07e-13,23656680000.0,0.1672,0x93...86e4,https://bscscan.com/tx/0xcecb942304a175bc33b200bd257e0d00e69823a4c4ba880bd95407ba7449c258
2023-03-26 07:59:19,True,2.305e-10,7.105e-13,1743650000.0,0.0123,0x4c...62b0,https://bscscan.com/tx/0x4461f73a8f8fc256ae98c13467c156492689e6c10bb91158cd1b38f69cd4fbcf
2023-03-26 07:57:43,True,2.293e-10,7.105e-13,303993000000.0,2.16,0xf3...ebdb,https://bscscan.com/tx/0x9bd0dfabadefe6e0fa7a14e7d4394c0c386f8850a81da22cd33e521003dccf0c
2023-03-26 07:55:52,False,2.282e-10,7.069e-13,17858039905.0,0.1262,0x39...0285,https://bscscan.com/tx/0xf63c3d5932e6a9b2b9fca78881889c1ad6fb27b78a0d6c3eebf75cb0ec5b3c69
2023-03-26 07:53:25,True,2.294e-10,7.104e-13,18248020540.0,0.1296,0xbf...2718,https://bscscan.com/tx/0x1119015bd5acb7a328a626b969cd29b9bd5c6f5298f29ce7fcd2570b7c4672a6
2023-03-26 07:52:01,True,2.294e-10,7.104e-13,11259796470.0,0.08,0x8a...c35d,https://bscscan.com/tx/0x95d456c2da3e7e7db7fb4563bbe61ee6845d0e696e1ddbcdbb9ebd183eb2a042
2023-03-26 07:51:46,True,2.292e-10,7.104e-13,2814957819.0,0.02,0x18...523d,https://bscscan.com/tx/0x2c02e87d35c65efa8fede1428b7bb0b49cabbd5c5830d55970f69d2031607ef6
2023-03-26 07:51:10,True,2.304e-10,7.104e-13,7459655074.0,0.053,0xc2...2b76,https://bscscan.com/tx/0x776ac17948c6ecc456abb958628795c892ddad2cf7f563b2f22ebd0ed09abfcf
2023-03-26 07:49:07,True,2.292e-10,7.104e-13,86424991970.0,0.614,0x23...360f,https://bscscan.com/tx/0x69085f8d325f076bc5e023c945f8ea402d6cc65afd3b1a28d90cf4f21964ba69
2023-03-26 07:42:34,True,2.292e-10,7.104e-13,12667800088.0,0.09,0xe3...d40c,https://bscscan.com/tx/0x7cff46d7a2aa1a1aaad3afd9582100f36dbfd0aa91a5dfadc515a09725d894f9
2023-03-26 07:41:55,True,2.292e-10,7.104e-13,2354972931.0,0.0167,0x8c...cea4,https://bscscan.com/tx/0xa173ca92f9f67b483e9ae9ccf15119d8cedfbb9631462bfd23e0f94295966825
2023-03-26 07:41:04,True,2.303e-10,7.104e-13,112008492243.0,0.7957,0xdc...73fb,https://bscscan.com/tx/0xa702319447002c82e534ccc70282a782fd5fa111c57dd9c7594443ad98ca8cdc
2023-03-26 07:39:19,True,2.303e-10,7.104e-13,6000000000.0,0.0426,0x14...e87d,https://bscscan.com/tx/0x80f7c70348c60fc4764594b33f9ce61174b6e9e53bb135d3faf88f8f5b89b3ec
2023-03-26 07:31:04,False,2.292e-10,7.068e-13,17702967710.0,0.1251,0x80...c8da,https://bscscan.com/tx/0x5427fc56461e395e9e6b4bc5f31f1e44993e5666c87f8766dab85ef87c7c7e03
2023-03-26 07:29:37,False,2.292e-10,7.068e-13,4384653168.0,0.0309,0x8c...5edf,https://bscscan.com/tx/0xb89bb6f95a74ee7a1c903176714be6719e4a087644dbc057d9a5a7cc3848c2af
2023-03-26 07:26:01,True,2.303e-10,7.104e-13,12071315458.0,0.0857,0x39...56a8,https://bscscan.com/tx/0xd42d58e1803ef71af387f03687cf90f00e871ef5d4aeb734779fc648aa7d6f9f
2023-03-26 07:12:37,False,2.29e-10,7.068e-13,3687289824.0,0.026,0x3b...6a63,https://bscscan.com/tx/0xab62766890cb679e9255d28dad506b7de2d5d8822eab2f567ce3ff5db046b39a
2023-03-26 07:07:10,True,2.299e-10,7.104e-13,13114071287.0,0.0931,0x06...5466,https://bscscan.com/tx/0xcb595dde055e0f7522f9ab5722e5a529318578e67b1fdaea37dc1a520e88fc25
2023-03-26 07:03:34,False,2.29e-10,7.068e-13,7200008593.0,0.0508,0x2d...d935,https://bscscan.com/tx/0x3eba76f8f88f7b0ad078b252c07c19721368a9d9a7453848ed09b377a31ae080
2023-03-26 07:00:19,False,2.279e-10,7.068e-13,1626531110.0,0.0115,0x9c...3ce3,https://bscscan.com/tx/0xc9d7f88990810992b1503a88d6a5a148aec61db9ee1dcaa7854c11919d561423
2023-03-26 06:48:49,True,2.288e-10,7.104e-13,14076187588.0,0.1,0x0b...6edd,https://bscscan.com/tx/0x13ca599b19cfa6da589b72b5f8aea8215e00392234c1a7f233a3432aeb041c76
2023-03-26 06:39:51,True,2.299e-10,7.104e-13,1000000000.0,0.0071,0xce...12ef,https://bscscan.com/tx/0xc18fcf2de7641c72aeb3d4a1ed054c1909fedc06950a97f585e4a62ecea2b9fc
2023-03-26 06:39:43,False,2.276e-10,7.068e-13,17923276151.0,0.1266,0x59...c32e,https://bscscan.com/tx/0x3544b3e28469595776403476724bc8b2d51bb0cd63af1fb6acffa95f1c7e149f
2023-03-26 06:36:16,True,2.287e-10,7.104e-13,2589615352.0,0.0184,0x3a...e206,https://bscscan.com/tx/0xa9dcfce2434188486152d3d8e51a219b1cb4a85e898fbb7818d9c3dbb886356b
2023-03-26 06:34:55,True,2.298e-10,7.104e-13,5153584227.0,0.0366,0xe9...3eae,https://bscscan.com/tx/0xf5667da47a725c937253c23bc62705f96b7e324d44e526a400f89b930427414e
2023-03-26 06:31:16,True,2.298e-10,7.104e-13,9256609777.0,0.0657,0x7c...44ec,https://bscscan.com/tx/0x9061da29ff03844e51a122f49200d136428cef086caae80cfbad3b97c75b05b6
2023-03-26 06:30:40,True,2.286e-10,7.104e-13,13247325377.0,0.0941,0xb3...a0be,https://bscscan.com/tx/0xfd94527097c67684f830c40f979ef7aca91383981fae211f10ddc0c4e2720786
2023-03-26 06:24:04,False,2.277e-10,7.068e-13,9901989445.0,0.0699,0x5b...19f8,https://bscscan.com/tx/0xf1722fc6eefc94ae3623d094f7e11f48f595c99319a7c4a72f3eee560800a455
2023-03-26 06:23:16,True,2.289e-10,7.104e-13,28152506.0,2e-05,0x7c...132b,https://bscscan.com/tx/0x352a912e9b4b0bf10c802b3fe4b5e52463dfdad1c55225de16e87ad72a932249
2023-03-26 06:21:55,False,2.289e-10,7.068e-13,17164204702.0,0.1213,0x66...b93e,https://bscscan.com/tx/0x3f75a5fa0afb48399643e6b4e24923226f248a1a79a59033494906ae3e0c6306
2023-03-26 06:19:34,False,2.289e-10,7.068e-13,17864844330.0,0.1262,0xe8...0222,https://bscscan.com/tx/0x460aaaf6bb042f6ad6771d5d38c37774e62b9ed3fe4a6bd1a712e24986b15604
2023-03-26 06:18:37,False,2.289e-10,7.068e-13,4134301517.0,0.0292,0xa7...2b8a,https://bscscan.com/tx/0xf53a7f14509f5c1663c9c114871b9f7b8bfea405f315e128ddf03c1b709515e5
2023-03-26 06:16:13,True,2.3e-10,7.104e-13,9000000000.0,0.0639,0xd7...0330,https://bscscan.com/tx/0x3b3dac477a84033ac01049f87bb4e7ecc41815f38a3555a97f120890484a55e3
2023-03-26 06:15:37,True,2.289e-10,7.104e-13,4035190045.0,0.0286,0xab...0977,https://bscscan.com/tx/0x7288496503d74f1e0524c1fa26f65b6c64b6b238f222c1d17da622c07b9d0aab
2023-03-26 05:57:48,False,2.277e-10,7.068e-13,17836001697.0,0.126,0x0e...ef72,https://bscscan.com/tx/0x9ba8a34dc40adfc167df50a01544f7be62a5ba09305f201acf8305a0c6ebefac
2023-03-26 05:49:39,False,2.276e-10,7.068e-13,14360067393.0,0.1015,0xb2...56e2,https://bscscan.com/tx/0xcd1b3c60d7247ef9e4cf7617d7b1da9fc6f9605a1d9828edbc4bc48b631620ad
2023-03-26 05:48:06,False,2.288e-10,7.068e-13,18615143782.0,0.1315,0x38...57c8,https://bscscan.com/tx/0x70660412b7a40e072d97556845186b0aec53115126b9420cca5066f0beea801b
2023-03-26 05:47:42,False,2.288e-10,7.068e-13,2042244168.0,0.0144,0x52...a7d5,https://bscscan.com/tx/0x3136cf6605b831e7dcf95b8d18f0cba57b475b5ee4cd3a5832256f5fe0b2f4d0
2023-03-26 05:45:27,True,2.299e-10,7.104e-13,43635292382.0,0.31,0xb6...75ca,https://bscscan.com/tx/0xd68f2893fa0fb2053296709134992a531b9a4892166e020af7696e2ab5326cbb
2023-03-26 05:44:27,False,2.276e-10,7.068e-13,20700000000.0,0.1463,0xd8...8ab1,https://bscscan.com/tx/0x9113eab8a59a4ad4659e7d881903a573321a65a023501d1aacadc9f2ddf96131
2023-03-26 05:36:43,False,2.276e-10,7.068e-13,13590000000.0,0.096,0x3f...5101,https://bscscan.com/tx/0xff80f340030cc913d4f1c0bdd3d693e8e7277e5b8ae21ade022bf4b6334c39b2
2023-03-26 05:28:51,False,2.278e-10,7.068e-13,9000000000.0,0.0636,0xdc...9ce2,https://bscscan.com/tx/0x0e9824edd990e1f7048692403fcd9e6651116256d1ccc5cffa8b3d226cb63e39
2023-03-26 05:28:45,False,2.278e-10,7.068e-13,18177082079.0,0.1284,0x52...8b60,https://bscscan.com/tx/0x8b6999dc2004d8bb4620b55497a0763d1496968534e7094e76df0cd3daf80bb7
2023-03-26 05:28:36,False,2.29e-10,7.069e-13,17468619638.0,0.1234,0xcb...7ffa,https://bscscan.com/tx/0xbc6497390c0b286dbaad5fd6d328fa4566ac05ccf6d5c11008f5fcf76c4c8963
2023-03-26 05:27:21,True,2.301e-10,7.104e-13,76009232835.0,0.54,0x48...132d,https://bscscan.com/tx/0x85cd4404ba67734d067fd38dad5b1e5705f8ee8abb5f92dbe6939ca2f750f807
2023-03-26 05:23:51,False,2.278e-10,7.068e-13,54070002341.0,0.3822,0x82...608c,https://bscscan.com/tx/0x3e9e52a424e801f2b2ede7727a3229e1d0a65652456f9a849c985c2b3bd69d8c
