datetime,buy_order,price_USD,price_native,amount_token,total_native,maker,etherscan_url
2023-04-02 08:32:48,False,2.728e-10,8.672e-13,1627472543.0,0.0141,0x13...59ed,https://bscscan.com/tx/0xcf7bc90a9a4460c53014b6b3b5426e59a3a7a26325f3a61cceedd51fca1bfb4d
2023-04-02 08:32:09,True,2.742e-10,8.715e-13,115882503218.0,1.01,0xc1...40e7,https://bscscan.com/tx/0x97484a26df0cb37cccd551c3e35ef1479d03208fbad145044f8da45d8347ab32
2023-04-02 08:31:45,False,2.729e-10,8.672e-13,40598189239.0,0.352,0x95...a68e,https://bscscan.com/tx/0x8b05f8d646de2ef5f83bd31ae7b45166cb303b468f3b94ac191b9bd8abb47b4d
2023-04-02 08:30:45,True,2.742e-10,8.715e-13,10500000000.0,0.0915,0x42...e136,https://bscscan.com/tx/0x404b589ad5d954acc7304590ccb71b3c0f26ca446c313bfe86029bc12c105dad
2023-04-02 08:28:45,False,2.742e-10,8.672e-13,2847798994.0,0.0247,0xe9...d1ac,https://bscscan.com/tx/0xb77a179f075c422248348fca5ba51c78019b66a7d596a6f95ca3388cc3d109f4
2023-04-02 08:22:51,False,2.729e-10,8.672e-13,21086277300.0,0.1828,0xde...edec,https://bscscan.com/tx/0xfe029e5e1ec774fe85f97e27e9b466fc9ec58ac460766281160b842c9fea76b6
2023-04-02 08:21:09,True,2.743e-10,8.715e-13,1191844003.0,0.0103,0x15...f0c5,https://bscscan.com/tx/0x125ec039099acf72d76b1a7cb4ac9ab3575a72fd60416e8e2b7989827e51b63b
2023-04-02 08:20:27,True,2.744e-10,8.715e-13,106700000000.0,0.9299,0x6b...84ed,https://bscscan.com/tx/0x17a8a000305474a839855ab5c4dd81f3ac0afba4afa17b08feafe090476c1d95
2023-04-02 08:18:36,True,2.757e-10,8.715e-13,288578621.0,0.0025,0x15...f0c5,https://bscscan.com/tx/0xdd18f0100983ad287a93b773de211f0ec776b83475d12919ab500a88af125433
2023-04-02 08:18:15,True,2.757e-10,8.715e-13,6800000000.0,0.0592,0x20...e303,https://bscscan.com/tx/0xf81744b2354e64a8413f7872d3e61e8c2bb9d4d084ca837d21ba2eacb3dc5d04
2023-04-02 08:17:39,True,2.757e-10,8.715e-13,12346106636.0,0.1076,0x7f...8b38,https://bscscan.com/tx/0x267c6e74f7203a8115c44b6290ac4b489147c97825df242175e574d0b45c9df9
2023-04-02 08:17:09,True,2.757e-10,8.715e-13,3442289408.0,0.03,0x6b...893d,https://bscscan.com/tx/0xeb0bc54f4027e7214ed28a748696644827eb5d26d3885d08a098ed093e9a8e71
2023-04-02 08:16:18,True,2.743e-10,8.714e-13,225000000000.0,1.96079,0x20...e303,https://bscscan.com/tx/0xccf1d3b51ca4661d66139d73ba507345bae348b6cce99bc02b3cdfa22981ca2b
2023-04-02 08:14:48,False,2.729e-10,8.67e-13,29187451223.0,0.253,0x14...58ae,https://bscscan.com/tx/0x3a6bfe24f60d55f8a045f643efa6b56c7d835dcdedb6ece2f0b9de2835cc54ca
2023-04-02 08:14:09,False,2.743e-10,8.67e-13,2818532355.0,0.0244,0x52...b979,https://bscscan.com/tx/0x3a81e20e06966ed183aa5228c1a328f88bd0228a479bea5ba3f09df3e1773454
2023-04-02 08:09:45,False,2.744e-10,8.67e-13,44386364343.0,0.3848,0xed...2977,https://bscscan.com/tx/0x6c7b9143ea2043116e0437bb20a9a66c6191756492302ec11492617773d671b0
2023-04-02 08:06:33,True,2.757e-10,8.714e-13,9180168601.0,0.08,0x68...2fd9,https://bscscan.com/tx/0xfaef377e769d5ca6f223e9f5e22b23258cb1faf3f2da281dcfc96eafb2e879dc
2023-04-02 08:06:30,False,2.743e-10,8.67e-13,28156673714.0,0.2441,0xa8...3eb5,https://bscscan.com/tx/0x201075aff8653d1b8f8e8ee7037a33569c9f6db0d6f8b985b6a6be05f4e199e2
2023-04-02 08:06:06,False,2.73e-10,8.671e-13,5416457855.0,0.0469,0x82...5438,https://bscscan.com/tx/0x8aecd5ad0317f686c4910419c5ca50d2859a7113a4ecaf52756da7c85539f29a
2023-04-02 08:05:01,False,2.743e-10,8.671e-13,7171612899.0,0.0621,0x54...ce08,https://bscscan.com/tx/0x5031e7d00ce42f7a3bec3c9fc611db11023d97f414adfda4fb056fa2879b8f6e
2023-04-02 08:04:33,True,2.743e-10,8.714e-13,91746411.0,7.995e-05,0xf2...cb12,https://bscscan.com/tx/0x3944294c093ec4c64a1e6758f8381bdb13a495f62f411facaec65cb788df67bf
2023-04-02 08:04:15,True,2.757e-10,8.714e-13,250000000.0,0.0021,0x08...fe1b,https://bscscan.com/tx/0xc291238f2e2c064fbd44f41bf3cc43abf09579591bf2898358740e14d31c3100
2023-04-02 08:02:06,False,2.744e-10,8.671e-13,3252781636.0,0.0282,0x50...2193,https://bscscan.com/tx/0x39cc688c1003d39ef6d77bdd8d3b9d4dbe81c51d26261cf55ebf3a2b651f71cf
2023-04-02 08:00:39,True,2.757e-10,8.714e-13,90790923433.0,0.7911,0xf6...e24d,https://bscscan.com/tx/0x94853543e8895b606db64999b7a4dbd316fcbf59196cc51b2880acd4e3a05585
2023-04-02 08:00:09,True,2.743e-10,8.714e-13,2500000000.0,0.0217,0x08...fe1b,https://bscscan.com/tx/0x6d07fe4809ec815ba6f0770dd689efc2c8d4432d4611cab05a82fb6c4a53b8df
2023-04-02 07:59:39,False,2.73e-10,8.67e-13,1230405607.0,0.0106,0xf0...6f4e,https://bscscan.com/tx/0x9071e12a83558d1333a245d18d976804e95ab21ab52997a30ba17a0ca3669201
2023-04-02 07:57:45,True,2.757e-10,8.714e-13,1000000000.0,0.0087,0xa7...14d0,https://bscscan.com/tx/0x8b600fee5eea6467213c932fad97204a182df7a6e2f437ba92d8ad3e3972ff7b
2023-04-02 07:57:45,True,2.757e-10,8.714e-13,2500000000.0,0.0217,0x08...fe1b,https://bscscan.com/tx/0xbfe0c07ff39a1d2c8215add100102e282b9407ee975476de9931a3b48d6d4c49
2023-04-02 07:55:27,True,2.743e-10,8.714e-13,2010641972.0,0.0175,0x95...8717,https://bscscan.com/tx/0x40c72fc8db302ec481565af80dc671e6189a633b87edd2a154e2eae3ddce9ca7
2023-04-02 07:55:18,False,2.73e-10,8.67e-13,91914653725.0,0.7969,0xf7...50ee,https://bscscan.com/tx/0x4698b8c82701fd72fdca2a920926590c247f063dc882d776133e456577da690b
2023-04-02 07:52:06,True,2.745e-10,8.714e-13,1721253182.0,0.015,0x27...5869,https://bscscan.com/tx/0xf70f537c823ca731128f9a6746f0ea33e7add6271032e69f99c56e2242a36140
2023-04-02 07:51:27,False,2.73e-10,8.671e-13,54227705846.0,0.4702,0x7e...be47,https://bscscan.com/tx/0x31ed5db489003c9cad2132db24c4549a0457d6558979c47c18ea1eec81009421
2023-04-02 07:49:45,False,2.744e-10,8.671e-13,1660870615.0,0.0144,0x1c...127d,https://bscscan.com/tx/0x07d1f996c71b03334707604645200b5b6b539fadf3421085a024761795586a7b
2023-04-02 07:49:27,True,2.757e-10,8.714e-13,1792202864.0,0.0156,0x64...d1b8,https://bscscan.com/tx/0x9e5dbbb26ae33c2d2a18bd293d0210b04f3b6b3b123dc9544c78e305f65f5226
2023-04-02 07:48:51,False,2.73e-10,8.671e-13,4860000000.0,0.0421,0xe5...8233,https://bscscan.com/tx/0xc538775a8431d510ca544181de8989770f1079c10ce04ac2000c0445956decae
2023-04-02 07:48:30,True,2.744e-10,8.714e-13,10000000.0,8.714e-06,0xa7...14d0,https://bscscan.com/tx/0x0c8274421d04e684d5266ca86b910ab6b4998a17f57679081d26c2e0dbd35483
2023-04-02 07:46:24,True,2.757e-10,8.714e-13,92463751024.0,0.8057,0x37...94d5,https://bscscan.com/tx/0x291261c2d424b1e1758d52bf0165196418307c43be023187f03b6775d54e8c20
2023-04-02 07:45:32,False,2.729e-10,8.67e-13,6841947321.0,0.0593,0x82...608c,https://bscscan.com/tx/0xa08cfdd57c3e1edcdaa5c5bfc77fd3780c760df2c0f51034c5d35eb07d3c311c
2023-04-02 07:44:33,True,2.742e-10,8.714e-13,6000000000.0,0.0522,0xc3...74b5,https://bscscan.com/tx/0x98f71bfd99bfe776bb44cfb3ede1e46dbe547deeeaaaf15ba402f42951fea4ef
2023-04-02 07:44:21,False,2.729e-10,8.67e-13,5971350420.0,0.0517,0xa0...2ae4,https://bscscan.com/tx/0x071ceaeb8d5ebb0f03d60b1b2f36e8c024142bcca7765ff702b8ce67eeae3880
2023-04-02 07:40:11,True,2.74e-10,8.714e-13,1000000000.0,0.0087,0x6d...f4a2,https://bscscan.com/tx/0xa3437900fe839395aca79d79a2d995febaf80d0a05d7a49f32ca7e926966dc72
2023-04-02 07:37:26,False,2.739e-10,8.671e-13,309015133704.0,2.67966,0x93...5491,https://bscscan.com/tx/0x132b690d6db224921b07a2121fc4a3e7dbf31781ffb8388b7a80f408baabe920
2023-04-02 07:37:23,True,2.753e-10,8.715e-13,36323152518.0,0.3165,0x1b...0362,https://bscscan.com/tx/0x2e813084636ef5ff9af3820291447358179378db0a0678a4bdb4b5aa7c75ac3a
2023-04-02 07:36:59,False,2.739e-10,8.672e-13,120330000000.0,1.04355,0x63...a7d1,https://bscscan.com/tx/0x21a2636e65680325e68ca0937cf8b657c9d9b41271295b537c2fd30d14191676
2023-04-02 07:34:35,False,2.739e-10,8.672e-13,30930765024.0,0.2682,0x0d...ef2c,https://bscscan.com/tx/0x406d52f542985658a7c2110e87c1a10cb90758492f8bc1213ca4fb45bde4ed48
2023-04-02 07:34:32,True,2.752e-10,8.716e-13,22605000001.0,0.197,0x45...88be,https://bscscan.com/tx/0x25fc40f6a1af5d65c55a7333dfb430f18aa8db2480acef95f09be3a5407a943d
2023-04-02 07:33:59,False,2.725e-10,8.672e-13,27530936296.0,0.2387,0xab...92cd,https://bscscan.com/tx/0x614c49d641a9677f776c29d872fab9f8c8b8cb81e2766dd5b77bad7066022483
2023-04-02 07:33:17,True,2.737e-10,8.716e-13,13306100001.0,0.1159,0xc0...8c47,https://bscscan.com/tx/0x282759b7068dd9d149841a6fd5dd1ccb49185f2f47e5cd0880fea173952a7994
2023-04-02 07:32:08,False,2.727e-10,8.673e-13,190095218175.0,1.64873,0xb1...520c,https://bscscan.com/tx/0xfc23de9cc7d3834013bbdd50b4dbde62ea4f78f92dfc755176d3c8906dc8a6e2
2023-04-02 07:32:05,True,2.741e-10,8.717e-13,4346741627.0,0.0378,0x17...79b7,https://bscscan.com/tx/0x5bd0d1e9f31cceabe7b25cf595dfb6c0b258c3b9aae224799cf588df40bf85c4
2023-04-02 07:29:50,True,2.755e-10,8.717e-13,28219710.0,2.459e-05,0xab...4722,https://bscscan.com/tx/0xc4607eb9a3f21d78c295816f6ee9c8379067bb17885ffc253c37ab7826bdcf4d
2023-04-02 07:27:14,True,2.753e-10,8.717e-13,2500000000.0,0.0217,0x08...fe1b,https://bscscan.com/tx/0x33059e6aa1d675397a4cce9469239bbbad24c9c7cee9844dc3e1bd0c68e9392f
2023-04-02 07:25:32,True,2.74e-10,8.717e-13,285000000.0,0.0024,0x08...fe1b,https://bscscan.com/tx/0xcc41699262ad72d0e42abff9b95e17f81eaee768b8786ecf98a417e4a2c4dbcf
2023-04-02 07:24:23,False,2.726e-10,8.673e-13,2287857151.0,0.0198,0xd8...38c9,https://bscscan.com/tx/0x3b95d0f7de86c411df31b310f0bdaa3495e55cb0c02ba0b2eb6fcd5af51e0a06
2023-04-02 07:24:23,False,2.726e-10,8.673e-13,2287868313.0,0.0198,0x67...b886,https://bscscan.com/tx/0x808f5aabe4a9e34431c63b34924214b12310edb402dec80d379b30b2c4bb7c8c
2023-04-02 07:24:23,False,2.726e-10,8.673e-13,915156398.0,0.0079,0x33...a338,https://bscscan.com/tx/0x300789406564e857104cf218425ce78ae645f5c4d9576d6d5ddd689abc2d5cca
2023-04-02 07:23:47,False,2.74e-10,8.674e-13,272979825128.0,2.36789,0xf3...6742,https://bscscan.com/tx/0x1fc12890f392de03fb8bdd517636dbde10115f911226ae20e10c5149daf741d2
2023-04-02 07:23:02,False,2.726e-10,8.674e-13,6397233066.0,0.0554,0x6c...523c,https://bscscan.com/tx/0x94517fba8cc3efabec33dce23614ccaba8930afa86f146c22439e6617d23800d
2023-04-02 07:21:34,True,2.74e-10,8.718e-13,500000000.0,0.0043,0x6d...f4a2,https://bscscan.com/tx/0x912666475d002d0f2bac73c06652e5d7fe7d7e3c44f1b005827e5d02bcb8eac7
2023-04-02 07:21:34,True,2.74e-10,8.718e-13,28639700.0,2.496e-05,0x40...0c72,https://bscscan.com/tx/0xf197d8b9337edd34f182f4ec3d544bcc920b588314b0630d59ea95226c41e6cd
2023-04-02 07:20:34,True,2.755e-10,8.718e-13,1200000000.0,0.0104,0x93...b412,https://bscscan.com/tx/0x38affc7b00179d8ff562625d18332837fe9e910f5eba20864277c3a8ea23fb50
2023-04-02 07:20:13,True,2.74e-10,8.718e-13,2736218112.0,0.0238,0xb3...9b90,https://bscscan.com/tx/0xc2989c10f50a9cef780bc86e2e60afbef6a544ae6f9144b7d71faa2dc960dc27
2023-04-02 07:20:13,True,2.74e-10,8.718e-13,6882032140.0,0.06,0x1a...523e,https://bscscan.com/tx/0x016caddba44e3475e26dfad89a7f83a9321644f360f8c0772fd79612e127eff3
2023-04-02 07:20:10,True,2.74e-10,8.718e-13,23523400.0,2.05e-05,0x40...0c72,https://bscscan.com/tx/0xa37439293747bf2e3839f8296ffb5d9e0506e80bb341621e8af3ca9e7532b21e
2023-04-02 07:18:07,True,2.754e-10,8.718e-13,6751090000.0,0.0588,0x4a...f619,https://bscscan.com/tx/0x0c7c96053118824239198dfe74fd2b18dfd18652d4ba3f9b1839667ca92e9bc1
2023-04-02 07:17:52,True,2.74e-10,8.718e-13,12996353127.0,0.1133,0xc8...b42a,https://bscscan.com/tx/0xf5302a42c34bda9df66a720f6aac9482c72b1251ac56b0a8eb0250e0032f7f4a
2023-04-02 07:17:46,True,2.753e-10,8.718e-13,4408190001.0,0.0384,0x46...a215,https://bscscan.com/tx/0xbdf4b19b792f9e4de6523a326874c51ae09d136d59db96f86593c16c1dd84698
2023-04-02 07:17:25,True,2.753e-10,8.718e-13,10896900000.0,0.095,0x14...91e0,https://bscscan.com/tx/0xeddc56b6b3bc54afc802591f8230957613b0581597d84d82eadde1a7a3486d46
2023-04-02 07:16:58,True,2.753e-10,8.718e-13,36249546390.0,0.316,0xcd...1bdc,https://bscscan.com/tx/0x73f00c4c743be72e77d0109f0978f475089b387ea0a16b14bef83fe506abdd79
2023-04-02 07:14:22,True,2.739e-10,8.718e-13,8454545454.0,0.0737,0xd6...42d9,https://bscscan.com/tx/0xc3e87bb92010c879132ffd07ea4cd041a92cf47ab123176c3ecd83389a2fb8c9
2023-04-02 07:06:10,True,2.739e-10,8.717e-13,1835287767.0,0.016,0xea...78f4,https://bscscan.com/tx/0x51db79eb627544cd444fda89bf738074d2067068113cc6fd2a4947f24bec4f06
2023-04-02 07:05:10,True,2.753e-10,8.717e-13,18026747185.0,0.1571,0xe8...539a,https://bscscan.com/tx/0x328e23b9b887bb413a66194dce0d0ab371cf1ea46eb88b8e0d2d3e18261ed410
2023-04-02 06:57:52,True,2.739e-10,8.717e-13,1615015567.0,0.014,0x64...d1b8,https://bscscan.com/tx/0xf9a0482ac8307bcdd4a51a0296c35d1a27d107178c7bc64252a896150cfa7251
2023-04-02 06:56:01,True,2.754e-10,8.717e-13,38007300000.0,0.3313,0xe9...1588,https://bscscan.com/tx/0xa5f60598853b9b6391083fb493286cf6fdeb727e13f2c1de9dce683211b31da7
2023-04-02 06:55:37,True,2.752e-10,8.717e-13,43071294203.0,0.3754,0xb0...d0eb,https://bscscan.com/tx/0x40efc702f07bb565d5c95776c9b3f9066196fbaabe2151a60e9c6798c9f905b5
2023-04-02 06:53:58,True,2.752e-10,8.717e-13,51465978852.0,0.4486,0x05...1794,https://bscscan.com/tx/0x9ae4ddad24a5d7234879d82be69210f05ee8e1512f4fb92ec19cb337a7ea3d17
2023-04-02 06:53:04,True,2.738e-10,8.717e-13,347283245.0,0.003,0x7e...1b27,https://bscscan.com/tx/0xf4138c517ff58c6da69baa545a4ff37cf5bb3a60f46b5165e0d4649e5b919cd5
2023-04-02 06:52:34,True,2.738e-10,8.717e-13,351939410.0,0.003,0x64...d1b8,https://bscscan.com/tx/0x4c83790bc3ed712c9313cc6323864e147b537a1fb276a580bb971159d1ad52a3
2023-04-02 06:52:34,True,2.738e-10,8.716e-13,238305293996.0,2.07725,0x9c...b9f4,https://bscscan.com/tx/0x679a43205ae16c3ec0a24b201e8760fd1bb9b2704668b8d75289ad099876bde9
2023-04-02 06:51:04,False,2.738e-10,8.673e-13,410566351028.0,3.56109,0x6f...477e,https://bscscan.com/tx/0x6f14d0b1ea2b46b09c8b131564a63b21c2c35bab32544220f2c33f5723c29344
2023-04-02 06:44:13,True,2.738e-10,8.717e-13,59142828187.0,0.5156,0xef...c782,https://bscscan.com/tx/0x75ffd93445625a1ffe7a6f2a8a0108730c4de0ac7ba3d8051b8375c070f6fef0
2023-04-02 06:43:31,True,2.738e-10,8.717e-13,1020900928.0,0.0089,0x77...7005,https://bscscan.com/tx/0x54dc34a3c5d680dc93ddf0895dd67417c873340b50fc65070f4cf807bc1ede3c
2023-04-02 06:41:01,False,2.724e-10,8.674e-13,21021443158.0,0.1823,0xd7...595c,https://bscscan.com/tx/0x7f372d5ae7893626814273b22c5f75402e47dac7010afb64c2fc1f086eda5e0c
2023-04-02 06:40:46,True,2.752e-10,8.717e-13,6233452358.0,0.0543,0x79...c567,https://bscscan.com/tx/0x35938d11edb35406f53d740f2db2641b49bcad509af0e903de3f441ad25152c6
2023-04-02 06:40:25,True,2.752e-10,8.717e-13,9932209184.0,0.0865,0xfa...2dd7,https://bscscan.com/tx/0x9d3b9042198c266af764f9122006ca76d400f2effc50dc4f0c019084fd02e7fd
2023-04-02 06:38:40,False,2.738e-10,8.674e-13,14662033361.0,0.1271,0x84...d1f1,https://bscscan.com/tx/0xc637227da174883de96b27560cc2fb6926c80d48320fa6003325d3c88eef2a31
2023-04-02 06:35:43,True,2.752e-10,8.717e-13,76758326098.0,0.6691,0xeb...349e,https://bscscan.com/tx/0x9e22ca55c50fab320bd91cd1a65dbf36d8cf4a0847a9136941f75be8b0ba982e
2023-04-02 06:35:28,True,2.738e-10,8.717e-13,32966500.0,2.873e-05,0x40...0c72,https://bscscan.com/tx/0xd264e6eef00922f0dc42ec9e529b01aecae7fbf77a264f60ff7137006d5c702d
2023-04-02 06:35:19,False,2.738e-10,8.674e-13,10868652840.0,0.0942,0x88...7bed,https://bscscan.com/tx/0x8fcbe6efb3a867db17dabfca5f5044465a0f3cc0bdab9a781fb7c5b3a12783d2
2023-04-02 06:35:01,True,2.752e-10,8.717e-13,34413524988.0,0.3,0x3e...8a4f,https://bscscan.com/tx/0x126b3089adf0a1cf3fde9577b6a572e75e8df248da70d15c81da1d3860741e12
2023-04-02 06:34:58,True,2.752e-10,8.717e-13,1950117914.0,0.017,0x14...3a16,https://bscscan.com/tx/0xa5dd0b9873e09b438811ef68a86464ed88f4deeafd282290cde50aa170f0dda1
2023-04-02 06:34:28,True,2.752e-10,8.717e-13,9000000000.0,0.0784,0x4d...f85b,https://bscscan.com/tx/0x1b0ae882fca2390e1aae624482a91cae5cd6d00d0f94a29f96aeca9b961b8471
2023-04-02 06:33:19,True,2.752e-10,8.717e-13,135563000.0,0.0011,0x40...0c72,https://bscscan.com/tx/0xe26ffd88c6336797eb1ec744ad1ba2bfb07e46d7fc65fdb935f7643837debd08
2023-04-02 06:33:04,True,2.738e-10,8.717e-13,23117534694.0,0.2015,0xc3...f2fc,https://bscscan.com/tx/0xbd78ee53d37302acdbe773a2228a89a97b0a6632b7bf26ecb0b8617b09db0d7e
2023-04-02 06:31:33,False,2.738e-10,8.673e-13,45000007992.0,0.3903,0x14...3a16,https://bscscan.com/tx/0xe68a679eebe00d2e07c1a4c2170f74a17439a8a4c1e8913a555aec57ba072ed9
2023-04-02 06:29:12,True,2.739e-10,8.717e-13,6418806900.0,0.0559,0xb1...ea69,https://bscscan.com/tx/0x528497e6f923f6ebca9df0ca3d00b7ef57a9b735e082b90eb7cef63087fe602c
2023-04-02 06:24:48,False,2.737e-10,8.673e-13,7153179265.0,0.062,0x9d...d227,https://bscscan.com/tx/0xfd3322989c6ad12a6f91d05441493721c3fd513822bde0a6633f7e3978b0f679
2023-04-02 06:21:21,True,2.754e-10,8.717e-13,5735612961.0,0.05,0xfb...abaf,https://bscscan.com/tx/0x818e3324cc071e2e36e55d56056c5a6b4ab0fd813aa7d89192f3a015b4d8cbf2
2023-04-02 06:20:57,True,2.754e-10,8.717e-13,3169345281.0,0.0276,0xf2...abd4,https://bscscan.com/tx/0x179e1b515e5b864a9de75d7aa633d2b0e6120662df4571950c0bf65705a8c36c
2023-04-02 06:20:45,True,2.754e-10,8.717e-13,817722592.0,0.0071,0xce...9c5f,https://bscscan.com/tx/0x80ebb8643d5e9bb592eec3e61f8f8a67d2bf98f73e551d1d4b97f05cdc637197
2023-04-02 06:20:39,True,2.754e-10,8.717e-13,9835482923.0,0.0857,0x6f...cc4c,https://bscscan.com/tx/0xb023e5329b925ac50607625f1f7ec3f8dcc1228f2d907cbc4ff0e7e76942969e
2023-04-02 06:20:21,False,2.74e-10,8.673e-13,45022816887.0,0.3905,0x14...3a16,https://bscscan.com/tx/0xaccedc50e80251c8ccd5fd3be40eef1a13efe70880767d97d80631739c57d7f2
2023-04-02 06:18:57,False,2.74e-10,8.674e-13,22415040900.0,0.1944,0x99...f202,https://bscscan.com/tx/0xddd67f1d3156e1ee7237a65f398dfbe1470a0ebd5bdb9df14bf92bfdaea40326
2023-04-02 06:17:54,False,2.74e-10,8.674e-13,23177673602.0,0.201,0x9f...8bea,https://bscscan.com/tx/0x5568501a6e6f9dc95d723dfa8216239fb1712b893cb307c9f76538bec172697d
2023-04-02 06:15:54,True,2.754e-10,8.717e-13,5238554855.0,0.0456,0x4c...62b0,https://bscscan.com/tx/0x4e7d8b4e86bd99155ae24c5826f47a19d192ad9e9247534ee65943ead5648648
2023-04-02 06:12:03,False,2.729e-10,8.681e-13,3223062008316.0,27.9807,0x24...5f8f,https://bscscan.com/tx/0xe30bffa62c9f19981f73d9629e869cddfc335de5d8cebf17705881b08a85e777
2023-04-02 06:09:24,True,2.745e-10,8.732e-13,1710510000.0,0.0149,0x4c...62b0,https://bscscan.com/tx/0x4e245bd89500483acdfc230efa60d5a3718dfb719f06594e6381dfef11e44643
2023-04-02 06:08:12,True,2.759e-10,8.732e-13,4835916361.0,0.0422,0x00...c441,https://bscscan.com/tx/0xa8ac101cfe5c7b5d5f1dd7bc5a6c1f28cd7c7e047e1336f727a5ecdb91466e86
2023-04-02 06:07:27,True,2.758e-10,8.732e-13,1127202146.0,0.0098,0xe3...3117,https://bscscan.com/tx/0x0b010da9f3611828b9e86360a2ea2790dc0f92693db026a6a0a117332e68ca71
2023-04-02 06:06:48,True,2.744e-10,8.732e-13,3168590000.0,0.0276,0x1e...29d2,https://bscscan.com/tx/0x984436dd44a75aa58a15634250f8ea9be55ef02f4f9b118472f4496b851bc2c3
2023-04-02 06:06:15,False,2.731e-10,8.688e-13,18000000000.0,0.1563,0xba...8756,https://bscscan.com/tx/0xab91402cf0983aa7ce5ea641693a3d262affd641e5438baa43a5c83c4b56c84e
2023-04-02 06:05:48,True,2.758e-10,8.732e-13,10306714327.0,0.09,0xbb...fc09,https://bscscan.com/tx/0x9f541c8ddf249781a4b08370facae0f088c92fc87b275441b7772adb6a17664c
2023-04-02 06:04:27,False,2.744e-10,8.688e-13,13077549285.0,0.1136,0xec...19c6,https://bscscan.com/tx/0x1f8923060af228bfd3fd0d0f33a5a500d1360fec516db3137ea8c8ee7a0cdb36
2023-04-02 06:03:27,False,2.744e-10,8.688e-13,1440000000.0,0.0125,0xec...19c6,https://bscscan.com/tx/0xb9ce9bb9cd738688ea886288df2802c04a92ba7e68c60f583211cb54cef13a81
2023-04-02 06:03:24,False,2.744e-10,8.688e-13,35631241500.0,0.3095,0xd1...d390,https://bscscan.com/tx/0x5cabbc926afe292084c50d57b911bbc04ece60a400280138f558a41167ca8f45
2023-04-02 06:02:24,True,2.744e-10,8.732e-13,20000000000.0,0.1746,0x4e...9d48,https://bscscan.com/tx/0x7e7cbaff1b887cbde52f4402e5c93148a0d38f1df9c0f6c05342a64f87e9af60
2023-04-02 06:01:48,True,2.758e-10,8.732e-13,110000000000.0,0.9605,0x4e...9d48,https://bscscan.com/tx/0x737a2f15360bf256a90813bf6650d1005b4212158d9ab372450aa501acf811dd
2023-04-02 06:01:24,False,2.744e-10,8.688e-13,35795196369.0,0.311,0x70...6fea,https://bscscan.com/tx/0x9dbe530918257be2513ffec165b5c015558c37f9334f14b7286166461f3847c8
2023-04-02 06:00:54,True,2.758e-10,8.731e-13,36566847053.0,0.3193,0x81...16e3,https://bscscan.com/tx/0x1decc0e3a85489adf5ed993d058bef90b98c9aa2518dd38dc10cc9540e079723
2023-04-02 05:59:33,True,2.758e-10,8.731e-13,9870660001.0,0.0861,0x71...7ddb,https://bscscan.com/tx/0xaa44de479b726c9403a1bc767fb84754a6ee6f7a0c951a01c035f61aba7daa12
2023-04-02 05:59:30,True,2.758e-10,8.731e-13,9000000000.0,0.0785,0xf6...4574,https://bscscan.com/tx/0x9caa9831d2c9f6310a2ab5fc6a9dfa5aa3d3d60824e7b91fff77b2b46314b881
2023-04-02 05:57:33,True,2.744e-10,8.73e-13,600609729502.0,5.24354,0xc8...39c5,https://bscscan.com/tx/0xb5443ff42594676369b7f1ae5a759261b5227581a8edb60d4dcc1166ba7c87e7
2023-04-02 05:55:54,False,2.73e-10,8.685e-13,6390090361.0,0.0555,0xf0...8824,https://bscscan.com/tx/0x55b5c0df46da669e9c035e0f3a7cdb5961f557cae1ce7b64f651e18df1b732f8
2023-04-02 05:54:57,True,2.757e-10,8.729e-13,5963277779.0,0.052,0xdc...fbb8,https://bscscan.com/tx/0x29efdf568c76a5fe8697e234a5093e318d00ca5099236b9a57fc222a59a9eda9
2023-04-02 05:54:45,True,2.743e-10,8.729e-13,938676900.0,0.0081,0xd0...26fd,https://bscscan.com/tx/0xcb2e7ed9f1380c9215cb70c074d4bedda771e0569774704b08eee51bf4d7592b
2023-04-02 05:54:03,False,2.743e-10,8.685e-13,24039791880.0,0.2088,0x60...3b07,https://bscscan.com/tx/0x6deb7235f89644ec0acd899fcb63f9c8f9b86393c7e3aa214e4b9e731f7fccaf
2023-04-02 05:53:39,False,2.729e-10,8.685e-13,42466400862.0,0.3688,0xb1...c2d0,https://bscscan.com/tx/0x3bff43b80ae00e11df1d447ecbbc95cb670ef7675ed0c20cd93559c6fd65d86e
2023-04-02 05:53:27,False,2.729e-10,8.685e-13,2240440075.0,0.0194,0x61...ca35,https://bscscan.com/tx/0x86f0b7c57eae395a94ee2f9788ffdb32ec34a64937c129cf63d4185edf7f7b95
2023-04-02 05:53:09,False,2.729e-10,8.685e-13,14257066117.0,0.1238,0xe5...2d73,https://bscscan.com/tx/0x8077691c21c6e35ef493b9847c096cc334ce220c28c0cefa3729412165e7024e
2023-04-02 05:51:48,False,2.743e-10,8.686e-13,296888188850.0,2.5789,0x7c...5744,https://bscscan.com/tx/0x80c8476cb4389783ef05b7982dd2fcf67f854c2ab9be9e6997e5d5581db4ac68
2023-04-02 05:49:48,False,2.73e-10,8.687e-13,9851756413.0,0.0855,0x6a...1143,https://bscscan.com/tx/0x200d62c3229a1e1788679ab026f3c3e31017796c46ef59f4b9820d02842b2f9c
2023-04-02 05:47:45,True,2.743e-10,8.73e-13,1575090000.0,0.0137,0x56...229e,https://bscscan.com/tx/0xdcc0f427f6e3c2912b17a697717dbf51479281376471a326b8ee5c6e03a89aa6
2023-04-02 05:46:21,True,2.751e-10,8.708e-13,9836113479339.0,85.6601,0xb9...f731,https://bscscan.com/tx/0xd85c7e35babe4445a62905cd3a6315b37b2ac9981371016d3fc512c900d8e634
2023-04-02 05:46:00,False,2.719e-10,8.651e-13,3426025844789.0,29.6387,0xea...cfb5,https://bscscan.com/tx/0x560d85c48562997ddb6d1d509fc503a246f11f35d43dbbc8c8f58d1c3c2bb7b4
2023-04-02 05:43:30,True,2.748e-10,8.701e-13,25372781378.0,0.2207,0x1b...0362,https://bscscan.com/tx/0xe660450f41aa3c791c647ec3735c50ae96a0a2bbcf4d918ac52f083b61a7bcc5
2023-04-02 05:43:00,False,2.735e-10,8.658e-13,12998253076.0,0.1125,0x06...dffa,https://bscscan.com/tx/0x9b99a9f0fe2b5cb6792d4653c74bee209facd0178c89d5804fa6902092225e03
2023-04-02 05:40:33,True,2.748e-10,8.701e-13,17274406427.0,0.1503,0x5c...d05d,https://bscscan.com/tx/0xf99d53c04fbf8017c9eec1a3323a534ec5e910840f40cdf9d1c4f4d2ff8f8caa
2023-04-02 05:37:06,True,2.748e-10,8.701e-13,26565400000.0,0.2311,0x97...12eb,https://bscscan.com/tx/0x4f50d5cb0a626a5c1f730735b7b05056e12d530a4f1486cbd0ddaf66198c17c5
2023-04-02 05:36:33,True,2.748e-10,8.701e-13,3153666241.0,0.0274,0x46...1299,https://bscscan.com/tx/0xbf95aeeb26111d2c5c15922a02e1bda7c8b85263f12b20ce1a8473c96d25952c
2023-04-02 05:36:33,True,2.748e-10,8.701e-13,16477664554.0,0.1433,0xc4...9622,https://bscscan.com/tx/0x817a484786952b09c1228c5d3fef2df16fd9894055c047e86b48af64c1ff19af
2023-04-02 05:35:36,True,2.733e-10,8.701e-13,50770133143.0,0.4417,0x1b...0362,https://bscscan.com/tx/0xd6a1241f9ff5d63acab77115cc9771e7fd94e56af6d026cff4c997bbc6fe1552
2023-04-02 05:35:33,True,2.733e-10,8.701e-13,875844864.0,0.0076,0xf8...a1df,https://bscscan.com/tx/0xe37b109b23ba34a650a98f291ab947c8952ed154e6e8b3a21ccc441d087977ad
2023-04-02 05:32:27,True,2.748e-10,8.701e-13,5171539730.0,0.045,0x91...ccf6,https://bscscan.com/tx/0xacf47136b57af002663915e109cd27f6175c1b4a27e76deb4c5ad1670c0b4650
2023-04-02 05:32:09,True,2.748e-10,8.701e-13,1015617312.0,0.0088,0xf8...a1df,https://bscscan.com/tx/0x216ce881d3a2f11d4992dac46ede6b513ced67bc74b7c7924a61596c5741ec99
2023-04-02 05:29:34,False,2.72e-10,8.658e-13,174566351113.0,1.51146,0x0f...8ca4,https://bscscan.com/tx/0x7f6855677df565dca8e2caf46c376d3e0c4313792500b2691c9eacc19e7a692a
2023-04-02 05:29:31,False,2.72e-10,8.658e-13,38987027245.0,0.3375,0xe7...9d8a,https://bscscan.com/tx/0xf4c8b8890b8c8222418d74f3821e1fdc86224d28279cd399d7013d4a56d4274f
2023-04-02 05:28:49,True,2.734e-10,8.702e-13,26187723581.0,0.2278,0x9b...f641,https://bscscan.com/tx/0x1f29c69720153b8a44bdd6d1abaa13a8929e3bbe6d0e6a52ddf24dc8eb1cc805
2023-04-02 05:28:07,True,2.747e-10,8.702e-13,13239668343.0,0.1152,0x5c...d05d,https://bscscan.com/tx/0xeff7e7cf7e220f89ff7a1a04ea920d212b7ec86e310b3ca142b89166312f8367
2023-04-02 05:25:52,False,2.72e-10,8.659e-13,114930666829.0,0.9951,0x28...3dbe,https://bscscan.com/tx/0x20d3f8ff14b99f5b1943976effba8ab81fe39d957e4649f184338c82ea7dfc61
2023-04-02 05:23:25,True,2.733e-10,8.702e-13,4745637788.0,0.0413,0x3d...cb1a,https://bscscan.com/tx/0x8640c89660f73c53a33fc21e09c71f4e2ba3c4ff72b730e25999280d3238fa85
2023-04-02 05:21:43,True,2.745e-10,8.702e-13,21175822688.0,0.1842,0x95...3017,https://bscscan.com/tx/0x19f9be5b081665c09bcb1612468ff4a6228ee716511973e5392ec8bb75f384b9
2023-04-02 05:19:22,False,2.732e-10,8.659e-13,13143099739.0,0.1138,0x30...d81b,https://bscscan.com/tx/0x27adea975a2a448c549e42aefd74d9f42f3ba3dd707cb1a47a415070969f598a
2023-04-02 05:18:10,True,2.746e-10,8.702e-13,12338884015.0,0.1073,0x2e...59e6,https://bscscan.com/tx/0xde96cc0174c9f33f50ea853f7d7022f3de948188ad12f82edf8e5af2efee21b8
2023-04-02 05:17:52,True,2.746e-10,8.702e-13,4351659666.0,0.0378,0xd7...e4fe,https://bscscan.com/tx/0x002822cc2818d34c5b373875dedfa7723051cf9c732b416d0b858ba7f4dabe5b
2023-04-02 05:16:10,True,2.745e-10,8.702e-13,5630504114.0,0.049,0xea...2766,https://bscscan.com/tx/0x423d90d02a622d0fb927aeed551cacf5b53787086ea72a8f88f8e6077d500c88
2023-04-02 05:15:46,False,2.731e-10,8.659e-13,13483100179.0,0.1167,0x2e...59e6,https://bscscan.com/tx/0x0096577ff7fce630928c0165bddbfedc9fc07c9f236e1ac767865185c393017e
2023-04-02 05:15:43,True,2.744e-10,8.702e-13,92519920932.0,0.8051,0x2d...e4dd,https://bscscan.com/tx/0x68f9280970d1ba7921e5947cc1c0726085a3e39350bbc9fd56de8bf9c3c803f8
2023-04-02 05:12:55,True,2.744e-10,8.702e-13,2000000000.0,0.0174,0x51...4050,https://bscscan.com/tx/0x9066dbd3450f1fc8925834da0f34fa7f9c00bd54da20b3fb716f3e299b526ef9
2023-04-02 05:12:31,True,2.744e-10,8.702e-13,1097273229.0,0.0095,0xec...0c67,https://bscscan.com/tx/0x6b1bfd13fa1d02ec000d32ef228c6a04e306b67a929cefb4a1673147770d3709
2023-04-02 05:12:16,False,2.718e-10,8.661e-13,1080000000000.0,9.35405,0xea...cfb5,https://bscscan.com/tx/0xf19e3b733aa55142ec288ca40aa2c51dfd11b40de38dc80e1d7a74395c3d39ea
2023-04-02 05:11:49,True,2.732e-10,8.707e-13,5909434323.0,0.0514,0x35...fd93,https://bscscan.com/tx/0xae333d19624ed563422d09e95daec5014276478b2b127059bbf48377613ce8b6
2023-04-02 05:11:34,True,2.732e-10,8.706e-13,4594012247.0,0.04,0x77...bdc1,https://bscscan.com/tx/0x03627b0904a96cd5b5c821a0e5150a86b75baab11588e15ee8458d89ee6e8f3c
2023-04-02 05:08:19,True,2.746e-10,8.706e-13,10944222882.0,0.0952,0xef...06f5,https://bscscan.com/tx/0x6387359540a56deabd268f71d1129f4c84c9df099539250f9ee0f33b30903d00
2023-04-02 05:07:19,False,2.732e-10,8.667e-13,1663348452564.0,14.4165,0xdb...a267,https://bscscan.com/tx/0x25632eeaa5e29cfac3c69887b29ecf4389180141c50bbd0e6bf660c2d347424f
2023-04-02 05:02:22,False,2.735e-10,8.67e-13,29555046746.0,0.2562,0x4c...0be7,https://bscscan.com/tx/0x25eec28fcc8c2183fe895c5d2caa5cb5735f3dd949c28560a6e9e88ef51544ae
2023-04-02 04:58:58,False,2.735e-10,8.67e-13,3669022454.0,0.0318,0xeb...93e1,https://bscscan.com/tx/0xd4efdf5812abf6c9e00bb241b49cf941ad0dd2e1de34fce852cc3f24b958d7ae
2023-04-02 04:58:10,True,2.749e-10,8.714e-13,19600000000.0,0.1708,0x58...2f2d,https://bscscan.com/tx/0xa5feb2bfbafa42051abaaba9e4a8793097edde9aaf8ddc22ac1b3d90fe2b409d
2023-04-02 04:57:52,False,2.736e-10,8.671e-13,110441581073.0,0.9576,0x85...86e0,https://bscscan.com/tx/0x567178773579d069cc45edbd6eb0ce7f2ab66749720f3fba97acededba43440e
2023-04-02 04:57:37,False,2.721e-10,8.671e-13,2250000000.0,0.0195,0x71...69fc,https://bscscan.com/tx/0xa84f2d47261a76dcf1ffedf45747f891018f103ae5f939c48f51c50dca0c5454
2023-04-02 04:56:55,True,2.735e-10,8.714e-13,2868700001.0,0.025,0xd5...051b,https://bscscan.com/tx/0x61a5606619cd2892559408da08add951e2dfea52d69077c04823bf0367ec6ec3
2023-04-02 04:55:58,True,2.75e-10,8.714e-13,36362670881.0,0.3168,0x1b...0362,https://bscscan.com/tx/0x36d35413a0ed120a3a7f940770c7b2d59ae6d76e2634c579cab1af1a506cb0c6
2023-04-02 04:54:39,False,2.722e-10,8.671e-13,58188736831.0,0.5045,0x0f...8ca4,https://bscscan.com/tx/0x33d66f4de5696961beb31987bcf86bf0468b3f4e0369f614b3b98817b6246ca8
2023-04-02 04:53:57,False,2.736e-10,8.671e-13,94323844240.0,0.8179,0x90...7cf7,https://bscscan.com/tx/0xdab84fc95e24495a24877e44e437a5e5c7c021549c29a0bdd6358e52a4f61d82
2023-04-02 04:53:21,False,2.723e-10,8.671e-13,6552511542.0,0.0568,0xee...3799,https://bscscan.com/tx/0x6fc91bbe2322fa37cc5fc3e409479b4fd6fb9475cc4c52556da59e8322975f4f
2023-04-02 04:52:02,False,2.736e-10,8.672e-13,149044011544.0,1.29255,0x2f...6000,https://bscscan.com/tx/0x621eb721d4abfbb2a8f5986a22590083b03ede9038b7b806e3e0a3af7d910211
2023-04-02 04:49:12,False,2.723e-10,8.672e-13,12764362655.0,0.1107,0x06...1a57,https://bscscan.com/tx/0xfdeec9c69a49a50fb5a0efc99d0daa0f918f18d1e6a0c42c429361b6a7fe5c06
2023-04-02 04:47:01,True,2.75e-10,8.716e-13,2200000000.0,0.0191,0x58...2f2d,https://bscscan.com/tx/0xe203a2a1793258d1f16426595d440f51579b5f99073d1c2ff6c3a880fb251016
2023-04-02 04:45:30,False,2.736e-10,8.672e-13,168458525241.0,1.46104,0x70...3ea7,https://bscscan.com/tx/0xdb7a035bac34c7ecce5740a0c0bbaa242c77b8164557b034714ed58e88d8da28
2023-04-02 04:45:06,True,2.735e-10,8.716e-13,722734480.0,0.0063,0x19...44fd,https://bscscan.com/tx/0x6427dd6399a093cd3e3ca85a80f5b9c2f326b28fb4e02b6e455c042e8018b62a
2023-04-02 04:43:02,False,2.722e-10,8.673e-13,6660000000.0,0.0577,0x2a...fa34,https://bscscan.com/tx/0xae9c10d1a2387deffb25a13ec7d9826888feaf89364789cd0e9082438e15a32b
2023-04-02 04:42:47,False,2.723e-10,8.673e-13,14991807537.0,0.13,0x71...2ce0,https://bscscan.com/tx/0xfe6b7a5025951379291581c5f3d2d9fa1f4b738486ed20572f8724f71c10a08b
2023-04-02 04:41:41,True,2.736e-10,8.716e-13,135794838504.0,1.18368,0x58...0a11,https://bscscan.com/tx/0xaaab8156b405e7266a9b36b170ffdc636d54d9846a3a86b5f4c3e92e4258ea51
2023-04-02 04:41:23,True,2.75e-10,8.716e-13,10003906457.0,0.0872,0xc5...0762,https://bscscan.com/tx/0x5cdc6d0f58d70f521cc291af78c9c0d678e472518d45ae9cf616dca21ccdc28f
2023-04-02 04:39:59,True,2.737e-10,8.716e-13,10276785137.0,0.0895,0x83...91a6,https://bscscan.com/tx/0x8b7790471dac3a11159996ff0a0ff73d1f2c2ad16627443d6e348938b8bb9a4b
2023-04-02 04:39:53,False,2.723e-10,8.672e-13,31526377815.0,0.2734,0xf2...d3ce,https://bscscan.com/tx/0xf61745d9134c6fd45fd6db6566f4bcbf8a394df6c119b270e72ad82498c9096f
2023-04-02 04:39:41,False,2.724e-10,8.673e-13,155947955177.0,1.35258,0xe7...9d8a,https://bscscan.com/tx/0x6bcd0bfd80cff9e412fb9dc16d5669370a919144d5512ceb24a13c63584e0942
2023-04-02 04:34:08,True,2.75e-10,8.717e-13,6420257441.0,0.0559,0x9c...a089,https://bscscan.com/tx/0xfe032355b77c9cbacaa0505d83d7c9268a53408739214711756ba361760c87ba
2023-04-02 04:32:41,False,2.736e-10,8.673e-13,31569505376.0,0.2738,0x22...46c1,https://bscscan.com/tx/0x683e6b607e933ed23b5829c5f442f967326d8d71c708e963c33a2c2122cc249e
2023-04-02 04:32:32,False,2.736e-10,8.674e-13,135000000000.0,1.17099,0xe7...9d8a,https://bscscan.com/tx/0x46c7b02bcb65205f08c537b0312799bdb6a65e4c7c69ddfdb0a506bf5dcc0913
2023-04-02 04:31:41,False,2.736e-10,8.674e-13,4507104117.0,0.0391,0x3f...cc22,https://bscscan.com/tx/0xa84551063ac5355e2fca24b6f5fb9339f58e5d25f0a6e4a29b8ae6e320788a8a
2023-04-02 04:30:32,False,2.727e-10,8.689e-13,6959341461833.0,60.4754,0x37...6bae,https://bscscan.com/tx/0x0bad4037eaf9fbe41f3aaa02db5511139b82d9fc8b5b4a9d2acc503fcfc7c2f7
2023-04-02 04:30:11,False,2.737e-10,8.72e-13,6959333821465.0,60.6914,0x37...6bae,https://bscscan.com/tx/0x94b2a804c833b264a333f5d4e3859182e32d3b7a736bd5a1f46809b21b66f679
2023-04-02 04:29:47,False,2.744e-10,8.746e-13,4639552485331.0,40.5815,0x37...6bae,https://bscscan.com/tx/0xd079a10a1c93a68a4a1ce65ab2ad01a3f939c648305d09f9f0cd5240c4be3e3d
2023-04-02 04:28:50,True,2.776e-10,8.801e-13,3389690273.0,0.0298,0xf6...faf9,https://bscscan.com/tx/0xa8150dc0bad3b0afac204d045daa4e27b3b678529c8a96bec31e32625d3a8f4a
2023-04-02 04:27:23,True,2.776e-10,8.801e-13,62000000000.0,0.5456,0xc7...9bfc,https://bscscan.com/tx/0xa2340c678bacdb41f23abc31b0d998ede388a0297184c37d1b3c48e16fdd299f
2023-04-02 04:25:38,True,2.776e-10,8.8e-13,51152327198.0,0.4501,0x59...057b,https://bscscan.com/tx/0x50c860e138fa37f228b6eb923bf48d6277e4998b44ab53396e12e8378ce5ed52
2023-04-02 04:24:44,True,2.775e-10,8.8e-13,24059691058.0,0.2117,0xe9...18ae,https://bscscan.com/tx/0x0de43cd68e816406fabd1ea74b95cab788ae840559c2170ab2848baf9bfc6ec9
2023-04-02 04:21:29,True,2.761e-10,8.8e-13,2272576223.0,0.02,0xe4...add4,https://bscscan.com/tx/0x27de83266f4ce06108dc95324c3b8b90ead040a654b28603c5f05c9a0aab8790
2023-04-02 04:19:38,True,2.775e-10,8.8e-13,3893404817.0,0.0342,0xbe...4c03,https://bscscan.com/tx/0x2e8add4482f363f9e9bfa188830bf8a2bea756b7b31bad3d3555890519f6bb7c
2023-04-02 04:18:08,False,2.747e-10,8.756e-13,1232637914.0,0.0107,0xfb...e926,https://bscscan.com/tx/0x7f7abd2b74c3db3128df827157500fe70908706a9b0887a35acd18f740a82e9e
2023-04-02 04:18:05,True,2.761e-10,8.8e-13,38865534823.0,0.342,0xf0...b9d6,https://bscscan.com/tx/0x21f26cc41ca9a6e3406b80d4cbf786cf1027c1e38c3ec3098c70ce39f828768f
2023-04-02 04:13:41,True,2.761e-10,8.8e-13,170454459337.0,1.5,0xd6...4ef7,https://bscscan.com/tx/0xf6911915b3113eba024e4e1702e44bfc693e11da9ff3e00d516274311d64acb8
2023-04-02 04:13:14,True,2.775e-10,8.799e-13,468320226.0,0.0041,0x89...014f,https://bscscan.com/tx/0x4d284343de22b9c37bd811c92410b2ed4e9dfdaf437b652e76f389450feb19c7
2023-04-02 04:13:08,True,2.775e-10,8.799e-13,39920827774.0,0.3512,0xf0...b241,https://bscscan.com/tx/0x14812c44cf1acaab8936b3935d050301832e798706160506775ac2fa743d25e6
2023-04-02 04:10:20,False,2.747e-10,8.755e-13,16694032452.0,0.1461,0xcc...bc18,https://bscscan.com/tx/0x597ef39804607ee2e76c12897f3093eaf94bdc7a7ce7dc396c92628d2754ec29
2023-04-02 04:10:11,True,2.775e-10,8.799e-13,4530044093.0,0.0398,0x18...0005,https://bscscan.com/tx/0x1edbe96f1e8c0309b42f8bd089f5f88c03c66eaffcceb6f0a74803ea4761c4ff
2023-04-02 04:05:38,True,2.762e-10,8.799e-13,11163808515.0,0.0982,0xf5...386e,https://bscscan.com/tx/0xa76a47de64e65015e8f00e7ddc4dd978345c61f28d65635670bcc8c04790ab74
2023-04-02 04:03:53,False,2.762e-10,8.755e-13,19440000000.0,0.1702,0x14...3a16,https://bscscan.com/tx/0xf2dbbf4b15dc04d43a8df604ddf2078174362a589b4dcfde5fba6f04737f37a8
2023-04-02 04:03:32,False,2.749e-10,8.755e-13,40127454157.0,0.3513,0x9f...016f,https://bscscan.com/tx/0x87d3a7798e86c9a1383f58eec50c170e6ae1d58a79e9b6015e553863e64871a2
2023-04-02 04:02:14,True,2.777e-10,8.799e-13,3749850941.0,0.033,0x77...32c9,https://bscscan.com/tx/0xce3ebcca57d4e452dbf66cd460f1d92f60e95f334262917e4e800428ea5181d4
2023-04-02 04:00:03,True,2.763e-10,8.799e-13,67694116616.0,0.5956,0x18...0005,https://bscscan.com/tx/0xdb0222d77f8078b9860df21c68ad5edfe348fe89d574b1d46d6dcc7dfc10f758
2023-04-02 03:59:24,True,2.763e-10,8.799e-13,25523387336.0,0.2245,0x6b...a303,https://bscscan.com/tx/0x9a997a30e09e170f7a4c5756f39fd6874cf821af6529495216974b7c8f82a9f1
2023-04-02 03:57:27,False,2.764e-10,8.755e-13,19883581495.0,0.174,0xd8...5b47,https://bscscan.com/tx/0x2f7937bb55f238e055e5c8610bf6da4b32a33448520a39e22c2f361e4866666c
2023-04-02 03:53:27,True,2.763e-10,8.799e-13,5111410000.0,0.0449,0x09...ae90,https://bscscan.com/tx/0xe94b63ff77cdf387b252ac9859f22c2237b0d20dbe2f62e077db869d01de57b4
2023-04-02 03:48:21,True,2.764e-10,8.799e-13,152091464.0,0.0013,0x94...4a7b,https://bscscan.com/tx/0xcdad275a2c2a96beba8363f65b59857f357a70de57ecca957c81eca793d85810
2023-04-02 03:47:45,True,2.763e-10,8.799e-13,2206227649.0,0.0194,0xb8...037d,https://bscscan.com/tx/0x9cfc1edd0b7cbc1f11d1523844bae6cdd95502adf9ca8b93b550fda4aac2e380
2023-04-02 03:42:06,True,2.764e-10,8.799e-13,24358526848.0,0.2143,0x6e...49e7,https://bscscan.com/tx/0x2c42da0ea65fe2e9043bc4661c43e5788a04946206afcf88b33cb5ed45ebb1d0
2023-04-02 03:41:53,True,2.764e-10,8.798e-13,210484748149.0,1.852,0xcb...063e,https://bscscan.com/tx/0x2f1f1b654becb33c0c64c01ba6bf4a2df9831a1a52b86a17126d91f7feb3770e
2023-04-02 03:41:15,True,2.764e-10,8.798e-13,66661833728.0,0.5865,0xa7...be77,https://bscscan.com/tx/0x3923b8c02ce0b6ae13d5f1d1b148d66571269fcc9ecbae434daad965e9a7366d
2023-04-02 03:40:13,False,2.762e-10,8.754e-13,104109587692.0,0.9114,0xdb...aaad,https://bscscan.com/tx/0x0202f69d49981a43c843820e7bb39a4f89a441d089c8df2ea2d39f1a0ec5e7fe
2023-04-02 03:40:07,False,2.762e-10,8.754e-13,9001295236.0,0.0788,0x58...0836,https://bscscan.com/tx/0xd766907cf8152d127bcc2429de82f1f950c8324a7797e23d5a9ccd3fe93817d2
2023-04-02 03:38:12,True,2.776e-10,8.798e-13,2426073899.0,0.0213,0xfb...7afc,https://bscscan.com/tx/0x3bec6650bfb74f13f31f7bdec77d1b9297882b5cb6c0989c6ccffa42951eafb9
2023-04-02 03:37:27,True,2.763e-10,8.798e-13,811698120.0,0.0071,0xbd...b28e,https://bscscan.com/tx/0xc987ff6ea0494fb82b24edd5952c8c87409ecd27552f6df53caa5bbc0d7c42bc
2023-04-02 03:37:27,True,2.763e-10,8.798e-13,725000001.0,0.0063,0xa1...e763,https://bscscan.com/tx/0x4d6919dffcc9c517a0e9b6fd28c1c6b179f5f40ded33bece5fe5c5932b4e8777
2023-04-02 03:36:33,True,2.763e-10,8.798e-13,145130343024.0,1.27687,0x6e...3bd9,https://bscscan.com/tx/0x3884dd352d3a010d131d3282ee768df86486fc053966cfb3cd2ba4182e64fddf
2023-04-02 03:35:54,True,2.777e-10,8.797e-13,2336714409.0,0.0205,0x47...26a4,https://bscscan.com/tx/0xe5d494151b4048ba7b81c061e85126252ea3e2c5355f730ff59ce26ae3fe6d28
2023-04-02 03:35:54,False,2.763e-10,8.753e-13,7200000000.0,0.063,0x82...a63d,https://bscscan.com/tx/0x5a682d735f823951a3eeea001b027b8bab91a3c7cc83ff2f62ee9f700b976510
2023-04-02 03:32:51,True,2.762e-10,8.797e-13,8524861607.0,0.075,0x86...a2d0,https://bscscan.com/tx/0xa8ed474258189282c68ab1ee780e1f07fd6c78d9273267222383bf79092a1c8f
2023-04-02 03:32:42,False,2.748e-10,8.753e-13,45002917666.0,0.3939,0x5d...2827,https://bscscan.com/tx/0xa3f3a5df5e39aaf6a2e1e579629809c7ee2452de0dfc09dd5763881e0c59d1de
2023-04-02 03:32:03,False,2.762e-10,8.754e-13,48232744203.0,0.4222,0xf1...e9a6,https://bscscan.com/tx/0x02f3b7a96cde7dc2d9ba549f1d314c7c0e1605730e124424a498e19636b787d2
2023-04-02 03:31:45,False,2.762e-10,8.754e-13,3600299393.0,0.0315,0x44...e373,https://bscscan.com/tx/0x6ee1a9efeab066d97205c8dacc1ca59d0a9bd54df0ef5476635f99947e520b8b
2023-04-02 03:30:54,True,2.776e-10,8.798e-13,64620542419.0,0.5685,0x47...26a4,https://bscscan.com/tx/0xe73768e40ce91285ef4c703190168c3533f3f60f38f930414b500740db633a38
2023-04-02 03:29:35,True,2.776e-10,8.797e-13,43000000000.0,0.3783,0xeb...132d,https://bscscan.com/tx/0x4cde7edc8a9b13df491269b825c33af444e838defb594a3823a4fb0336b6bcd4
2023-04-02 03:28:23,True,2.776e-10,8.797e-13,1704986498.0,0.015,0x0e...26e6,https://bscscan.com/tx/0xbef62957b52a174fa199bee94b0b656da88e63d23aee950c6c08803488c67a0d
2023-04-02 03:27:32,False,2.748e-10,8.753e-13,4184517666.0,0.0366,0x5b...16c3,https://bscscan.com/tx/0x7c82d3f02130ae445347a4ec57153b3ca77aff579afce4c7381f7addbc242b24
2023-04-02 03:25:47,False,2.762e-10,8.754e-13,383646052212.0,3.35869,0xf1...3954,https://bscscan.com/tx/0x528ae5446d41e227a5e96833fa0f664632cff282abcac0a76f597e9107b2eb87
2023-04-02 03:24:47,True,2.762e-10,8.799e-13,42182709314.0,0.3711,0xce...4481,https://bscscan.com/tx/0x95f34886201f5257588f8a3afa061f38b8588b8259347a14296b7ac4017d307a
2023-04-02 03:21:05,True,2.761e-10,8.798e-13,167293588405.0,1.472,0xcb...063e,https://bscscan.com/tx/0x620f5dea7c0a05e828fdaf40daedabb4837c5e11f45ad6db4deab8078af45ffa
2023-04-02 03:20:38,True,2.761e-10,8.798e-13,30909976974.0,0.2719,0xa6...3b94,https://bscscan.com/tx/0xb56bc0450b8896e76ca8559ef8554a07efb2ec263dc4fe0d6c30a0d8c0ae948a
2023-04-02 03:19:59,True,2.774e-10,8.798e-13,113660570530.0,1.0,0xcb...063e,https://bscscan.com/tx/0x9b45bd3faba26797ac5d6eaf210e4de6e99e6a8d1b44e79fd0aaa1bbf9789bc8
2023-04-02 03:19:26,False,2.746e-10,8.753e-13,18797863070.0,0.1645,0x8a...7fa7,https://bscscan.com/tx/0x1465c5677aa83897fa668432dfe16c1ec8b552b0b4956733c15b24e42fa391e5
2023-04-02 03:17:26,True,2.76e-10,8.797e-13,1000000000.0,0.0088,0x54...630a,https://bscscan.com/tx/0xf8eaf7d5712084ee1241efd09f842dd93225c52ca956be3af4855721b3d8a530
2023-04-02 03:17:23,False,2.746e-10,8.754e-13,45002898250.0,0.3939,0x5d...2827,https://bscscan.com/tx/0x687929a158c169d096be223773dc3e7c108b8457e1e36c6e2a167bf6389dafd7
2023-04-02 03:14:44,True,2.76e-10,8.797e-13,75000000000.0,0.6598,0x12...bc25,https://bscscan.com/tx/0x570db0b92f90cfee84e598b8f289776972574c3579412db5be864d301c71e9a5
2023-04-02 03:12:41,True,2.773e-10,8.797e-13,1960962880.0,0.0172,0x08...4f0e,https://bscscan.com/tx/0x9c71989d49d1829eead79feb7f7f519e5406182ea960666ba69acd9d63576d9a
2023-04-02 03:11:53,False,2.759e-10,8.753e-13,5346629976.0,0.0468,0xa4...89e2,https://bscscan.com/tx/0xd74b7dfd0f4c791712423c1730257133d110559694d6f67caaf1b9497680695c
2023-04-02 03:10:04,True,2.759e-10,8.797e-13,5848441104.0,0.0514,0x94...ef01,https://bscscan.com/tx/0xea6309b473aade50faf0493a37749991a42a29e1ee54b83135bfb06faa679b86
2023-04-02 03:09:24,True,2.759e-10,8.797e-13,5740079051.0,0.0505,0x5b...16c3,https://bscscan.com/tx/0x8b107b3d5b970e9188fac90ddaad33d81e790866ae5b28e68e7dd04014b6e8c7
2023-04-02 03:05:36,True,2.76e-10,8.797e-13,14004695021.0,0.1232,0xb3...961d,https://bscscan.com/tx/0xa9556f49d208ef8c9de2118c36859b2f27652272b7c78afbd120f3f621d037a9
2023-04-02 03:02:57,True,2.778e-10,8.797e-13,1274270000.0,0.0112,0x52...23ad,https://bscscan.com/tx/0xe76af3e0a1d2f113f529f28798c3c9d164fdc118084bc7d96e8492e37db187d8
2023-04-02 03:02:33,True,2.763e-10,8.797e-13,612112852.0,0.0053,0xf8...5e56,https://bscscan.com/tx/0x3f71b8fc0832af66e23733c55309b19b264a21770be7cd54d6cf480f674fb160
2023-04-02 03:02:30,True,2.763e-10,8.797e-13,113666034.0,0.001,0xc1...f2af,https://bscscan.com/tx/0x495926112bdd5273d36544cf38a8bdb2cc6d819602c6107d41003d705d5161d4
2023-04-02 03:01:03,True,2.763e-10,8.797e-13,28589399015.0,0.2515,0x18...0005,https://bscscan.com/tx/0x7a5675dc24452e728ef8d35ac0c6a650acefad2870171dd3ae63303032c9a472
2023-04-02 03:01:03,False,2.749e-10,8.753e-13,14041274815.0,0.1229,0xd8...7ad9,https://bscscan.com/tx/0x9c98484c23c111314c1fc9b8187d6d64e5165d0b516f72fe9fc4d97c7ae560e8
2023-04-02 02:59:39,False,2.747e-10,8.753e-13,28520890319.0,0.2496,0x95...cfc3,https://bscscan.com/tx/0x37a033fa554a97b54a489b9cbc6666de39fdd72394690a88ce1e3cd2e64eb6f8
2023-04-02 02:57:07,True,2.762e-10,8.797e-13,35000000000.0,0.3079,0xa4...368f,https://bscscan.com/tx/0x8d6b277d84a17b92078947dabef71deb328f542354114854f98c8072c5ba7970
2023-04-02 02:56:36,False,2.762e-10,8.753e-13,16465258689.0,0.1441,0x47...1c84,https://bscscan.com/tx/0xd537e8a940c3d8d36eb0839723d0921316d7f1556dc778e1b4c10347455ef96f
2023-04-02 02:56:15,False,2.749e-10,8.753e-13,34209521073.0,0.2994,0x67...14d9,https://bscscan.com/tx/0xc7cc32ef44a9339f8a7beecf85996eb690c9e614741f40e640189c23c0548630
2023-04-02 02:53:51,True,2.763e-10,8.797e-13,56800000000.0,0.4997,0x45...21ee,https://bscscan.com/tx/0xe88752b23c6098790b96e1d159f48247f94592c25958891f445341d7961622a6
2023-04-02 02:53:42,True,2.762e-10,8.797e-13,397836000.0,0.0035,0x06...f81d,https://bscscan.com/tx/0x41ad79097adf0d4981ea77cf66c66f684f41620845e4dac321189f991cf924a1
2023-04-02 02:52:00,True,2.777e-10,8.797e-13,1023009246.0,0.009,0x44...142f,https://bscscan.com/tx/0x35e5b74c53d3b2549a0a1e93136398d8da83cfe478df03c748d6c4989a961d16
2023-04-02 02:50:23,True,2.776e-10,8.797e-13,60146027696.0,0.5291,0x18...0005,https://bscscan.com/tx/0xa361834527364d09dbaa1f143095e5c67c7db2e8700c41cf7716190aab0d1cff
2023-04-02 02:50:08,True,2.763e-10,8.797e-13,30000000000.0,0.2639,0x07...d71d,https://bscscan.com/tx/0x27369a68057a65fbb1e3f8f6d68c23da957ef0f415d73e146ac0d3aedf4dc0bd
2023-04-02 02:49:10,False,2.749e-10,8.753e-13,95928453163.0,0.8397,0x74...ff77,https://bscscan.com/tx/0x2cdef0e974e16536961daaccc767ccc06cea1fbb76aeb4f2f23e9a80d1164cb4
2023-04-02 02:48:17,True,2.763e-10,8.797e-13,1658825510.0,0.0145,0x92...f02a,https://bscscan.com/tx/0xc01c028e86908529103722e164abc288c4f61eb05998eee526fda9fca8edd0be
2023-04-02 02:46:44,True,2.763e-10,8.797e-13,568337566.0,0.005,0x5b...16c3,https://bscscan.com/tx/0x37a7b485bddc87e2bbccd5e1fc6b593031340aabe24a270e6806b5103bb4156a
2023-04-02 02:46:41,False,2.749e-10,8.753e-13,4219221379.0,0.0369,0x3d...ca1b,https://bscscan.com/tx/0x21441b56f8aab5ed5d025be05f5f142f2606d6fa7c0b9da056f6a3e8e3976f26
2023-04-02 02:46:38,True,2.763e-10,8.797e-13,17127210140.0,0.1506,0xe4...8aa3,https://bscscan.com/tx/0xa6109e628953f1267ea3abd02b4cebbcdbdbd1300c54dbcc9a97932389491972
2023-04-02 02:46:08,False,2.749e-10,8.753e-13,920706052.0,0.008,0x5b...16c3,https://bscscan.com/tx/0x20fbc0f7783dc87d39647e796be258455abbd69c1b5aaa290ee5b968046a4248
2023-04-02 02:44:41,True,2.777e-10,8.797e-13,6933774589.0,0.061,0x8b...ec29,https://bscscan.com/tx/0x0f7bbe202ceba7a41c6f13c05380f51d5248876b8a686de1650dd18ea2623966
2023-04-02 02:44:05,False,2.749e-10,8.753e-13,9757005203.0,0.0854,0xf3...9d03,https://bscscan.com/tx/0x69d195f0f8b6afeaafce35b3cd71a812fdfd38e6e996729e4a3eb86bc5cad8cd
2023-04-02 02:43:59,True,2.763e-10,8.797e-13,1979962366.0,0.0174,0x5f...44a7,https://bscscan.com/tx/0x86643db5192c7686f426fb334cdb171485df00510bf27f8d4fd0e82c950c250a
2023-04-02 02:41:56,False,2.749e-10,8.753e-13,22041822033.0,0.1929,0x07...4d63,https://bscscan.com/tx/0x579d90ce652cbdca7a50911bd40471fc77d5916f7dbf7db33babb1fca3ea8aee
2023-04-02 02:40:53,False,2.763e-10,8.753e-13,4483474480.0,0.0392,0x8c...11b1,https://bscscan.com/tx/0xaa052d6bd020b5787560ad66018c54cd0d6d81ec5641ea48237e4a54c3cee085
2023-04-02 02:40:08,True,2.763e-10,8.797e-13,12654604619.0,0.1113,0x38...3b06,https://bscscan.com/tx/0xef22c2121722283c2cbd07366195a60645d0c59f64129f4a2676107ffd735ae6
2023-04-02 02:36:14,True,2.776e-10,8.797e-13,1136674095.0,0.01,0x5b...16c3,https://bscscan.com/tx/0x18d92c7f458b3079424038d05d6d7796b27f3d92f901907303f3f5beba08c04f
2023-04-02 02:33:59,True,2.776e-10,8.797e-13,22633678587.0,0.1991,0x03...46ed,https://bscscan.com/tx/0xbb1c028a57a84f5e93746e0fc01f75c27fadacb74678fe81b7409bff2bdf5045
2023-04-02 02:31:05,True,2.776e-10,8.797e-13,5526285864.0,0.0486,0xe0...cffe,https://bscscan.com/tx/0x4a1039fdb96f684af01393319219afd0ef697564d129cf58b6b756f7ed738ad3
2023-04-02 02:29:11,True,2.762e-10,8.797e-13,6663356.0,5.862e-06,0x46...420b,https://bscscan.com/tx/0x2beeb8c7e661110b4fda0b514f44bdc01a67798f25e1954fb09e39b8bc5e42c6
2023-04-02 02:27:11,True,2.762e-10,8.797e-13,16139599467.0,0.1419,0xef...20ab,https://bscscan.com/tx/0xb90425e82474ac2785d47d14830f31890f5d3b351d7dd1b9f3540d32c7af3630
2023-04-02 02:24:59,True,2.762e-10,8.797e-13,3500000000.0,0.0307,0xe0...24f9,https://bscscan.com/tx/0x1e48f76e9aa5a8945ff65d5113dd39fe6251fab07f409cf0d05abe580e56578b
2023-04-02 02:22:59,True,2.776e-10,8.797e-13,7000000000.0,0.0615,0x3b...abc6,https://bscscan.com/tx/0xfaa975c925dcab2671ef814d6bff42600df0af063d5a1b94180621a45474ff9a
2023-04-02 02:21:14,True,2.762e-10,8.797e-13,1200780202.0,0.0105,0xd9...331d,https://bscscan.com/tx/0xf1e5983189cad1cdf1d63c838bec75ce3cd9fec6c570138c609ce410f3cfc58b
2023-04-02 02:18:35,True,2.762e-10,8.797e-13,3410124685.0,0.03,0x16...cce0,https://bscscan.com/tx/0x034c4db90d53875e9e1472673a97102bab2271a67d55b18ef326dccf83bb5aa1
2023-04-02 02:18:08,True,2.776e-10,8.797e-13,394819180.0,0.0034,0xf3...06ea,https://bscscan.com/tx/0x701db27cc878dd6af8efbc7f077bbc35ef9c1fbbfaa31247f74b1723f854f956
2023-04-02 02:17:20,True,2.776e-10,8.797e-13,3265675144.0,0.0287,0x77...cfb6,https://bscscan.com/tx/0xd58df31991192eae2d9b867a2b40bcb1b0392848d0c508020365c77ab9603430
2023-04-02 02:17:08,True,2.776e-10,8.797e-13,48038017695.0,0.4226,0x6b...81bd,https://bscscan.com/tx/0x27fd391c43a151b4b5317d56421d1a5a074141a2badfbe568a2ca25502654dd9
2023-04-02 02:16:38,True,2.776e-10,8.797e-13,1131892209.0,0.0099,0x42...3118,https://bscscan.com/tx/0xc16fa91f596d978ab9097c79fd41ac1cee217ca93969eb615f109188c53e4527
2023-04-02 02:15:53,True,2.762e-10,8.797e-13,1435720000.0,0.0126,0x68...a28b,https://bscscan.com/tx/0xa28640f25b4c69d2d74f7e4a50822cd9060f6b49d5a059a854a83bd4bcdf9b61
2023-04-02 02:15:50,False,2.748e-10,8.753e-13,44644980405.0,0.3907,0xb8...a7e1,https://bscscan.com/tx/0x79df49496eeeb380ffd08982827a147843421d94bcf2e6ed53720ccc59a2967e
2023-04-02 02:15:47,True,2.762e-10,8.796e-13,165982993552.0,1.46014,0xc5...08fe,https://bscscan.com/tx/0x27332ab62ef6d3ae9329375f8b8b7ddd552a92fe574f657688aa737f8b034872
2023-04-02 02:14:23,False,2.748e-10,8.752e-13,12642118385.0,0.1106,0xf9...840e,https://bscscan.com/tx/0x33a0981ac3e068f3fadf11b2be522e10af68ba493d2ab4ea271771446a06d4ef
2023-04-02 02:13:02,True,2.762e-10,8.796e-13,7161883172.0,0.063,0xed...d49f,https://bscscan.com/tx/0x3cf0df16ae27c6531c6d9d71fbee1fdb1d42e3866098e6fb0b56dc095089d582
2023-04-02 02:12:44,True,2.762e-10,8.796e-13,16942552226.0,0.149,0xbb...cad0,https://bscscan.com/tx/0xe9bbadf8dda0d33c45feda7c7c37af6f0ccaf7488a06f952f83d910c05f328d8
2023-04-02 02:11:56,True,2.776e-10,8.796e-13,5239946302.0,0.046,0xb8...f085,https://bscscan.com/tx/0x56f755b73ec891f334d3471829f1535c3cfa8bad3da97315d55e02b8caf252ea
2023-04-02 02:11:38,False,2.749e-10,8.752e-13,2421564519.0,0.0211,0x4a...648e,https://bscscan.com/tx/0x1b0fa718df605319a00819d1719d71908d25dd04decff53ce0261bf9f8ae55b6
2023-04-02 02:10:14,True,2.763e-10,8.796e-13,16877440432.0,0.1484,0x06...c865,https://bscscan.com/tx/0xa7e4c2427d165376ebf1e67a0cdbd104de79624c01d5532da5f7e2d9fbf0ce2d
2023-04-02 02:09:35,True,2.777e-10,8.796e-13,2727635824.0,0.0239,0xdd...2b11,https://bscscan.com/tx/0x3e825a8b2fe0ce5c94ff41491a71e26a039fd3bc2b8bf1ef3741a1909b143875
2023-04-02 02:09:32,True,2.777e-10,8.796e-13,45000000000.0,0.3958,0x15...2575,https://bscscan.com/tx/0x231895dc1888c3df5dd799acbb04d64a68b6c7119cf00f2d841b133d93847496
2023-04-02 02:09:08,False,2.766e-10,8.752e-13,91923782206.0,0.8045,0x7a...7129,https://bscscan.com/tx/0x6ec50d51aa51231187842bd5fa0149c955f4849129fce2b7e880d1defd455a06
2023-04-02 02:08:18,False,2.752e-10,8.752e-13,4568877288.0,0.0399,0x8b...d137,https://bscscan.com/tx/0x06fb8af06e0ffab4cd82c41ec566ded217a8bbb89beff053771a11659cf30a3d
2023-04-02 02:07:22,False,2.753e-10,8.754e-13,735827867890.0,6.44168,0x05...1349,https://bscscan.com/tx/0x3499c755aa56d2523b5614128693751b004a03e6248abdcddfc1e664a9acf098
2023-04-02 02:05:58,False,2.753e-10,8.755e-13,1594496520.0,0.0139,0xde...6e13,https://bscscan.com/tx/0xdc81e5326dec7071229ca12beb9f825bbf56a8ba49d14c56c37b8d81dd8d0025
2023-04-02 02:05:58,True,2.767e-10,8.799e-13,71092118506.0,0.6256,0xd8...28b0,https://bscscan.com/tx/0xf8f6ba42e6c2f85ee6e66d067077829aebe79d2d404161f79a8f322f0ab985aa
2023-04-02 02:03:28,False,2.767e-10,8.755e-13,9978420323.0,0.0873,0xd2...c139,https://bscscan.com/tx/0x5a1df03dc43f2638daeb0806ef5ce2afb6b962270f420858dc26500de5345c8f
2023-04-02 02:02:04,True,2.767e-10,8.799e-13,18064535486.0,0.1589,0x35...17c1,https://bscscan.com/tx/0x9db4754b1aed1642e628bb3732e7499abeff4b0d1c246524b13df7688ae27e2a
2023-04-02 02:01:31,True,2.767e-10,8.799e-13,25000000000.0,0.2199,0xc7...639d,https://bscscan.com/tx/0x9dae66d767b6c48f717da790b91b0e30233dd78b5b6e596ec8ac2c46f531a2a5
2023-04-02 01:59:13,False,2.766e-10,8.755e-13,42304982293.0,0.3704,0xc4...c84f,https://bscscan.com/tx/0x5e38f813db2b45fcede7be99c863b0dc654a6d4548f7044901b7cba1f830daea
2023-04-02 01:57:31,False,2.766e-10,8.757e-13,753569247062.0,6.59932,0x16...7c81,https://bscscan.com/tx/0xbb96d8b04edf4c85297cb9b8febc64feb9ed98683062bd917337ea089515552b
2023-04-02 01:54:55,True,2.767e-10,8.803e-13,18862795214.0,0.166,0xbe...787e,https://bscscan.com/tx/0xe2be32dcf110e9186981e791f62214dd18b61b474b5b53e2fdec1a36e9a68854
2023-04-02 01:52:52,False,2.767e-10,8.759e-13,15120752350.0,0.1324,0x46...3185,https://bscscan.com/tx/0x414173c556f71ab7f2a1f3f17dff2d6b1c34479cfe6b44cd79e4b6aa09454ec3
2023-04-02 01:51:58,False,2.753e-10,8.759e-13,336940629075.0,2.95155,0x31...69a2,https://bscscan.com/tx/0x4bc61896e724e2da34e9e8f50bfa233e5c65c82bb06ef0dcbee8e524d01cdf16
2023-04-02 01:51:25,False,2.768e-10,8.76e-13,4011001261.0,0.0351,0xd6...9d7b,https://bscscan.com/tx/0xb21e76cf8fcca7ab4fb207a6d0abdb1c5563d04597acf47f5fddb17ebf67b7d9
2023-04-02 01:50:58,False,2.754e-10,8.76e-13,2287835219.0,0.02,0xd5...32e3,https://bscscan.com/tx/0x0f88d9cbaa46cdf905aa1225241a45c103d1477e6a42f3fe4687bb85ee0f4067
2023-04-02 01:49:31,True,2.781e-10,8.804e-13,3850261240.0,0.0339,0x27...af36,https://bscscan.com/tx/0xf32e322c7d9e9e9703f0035a29b09fb920db8bf511cc40320010f8b9076c8c87
2023-04-02 01:47:39,True,2.781e-10,8.804e-13,997926209.0,0.0087,0xf1...0592,https://bscscan.com/tx/0x7090d4977489926beb17d61bd4ba902cb6bead4bd0f9228dbd94d5f0a7df1e7e
2023-04-02 01:46:00,True,2.767e-10,8.804e-13,44936781757.0,0.3956,0x8c...78fe,https://bscscan.com/tx/0xbc621a95400202f3325609cdbbb39e2ccd71511e3aca557bc8aa292d8661b1dc
2023-04-02 01:45:24,True,2.781e-10,8.804e-13,4209595676.0,0.037,0x73...93b0,https://bscscan.com/tx/0x1b98105876b862c67da9188b2f06dd3d3dfb18bfa0a760a5f8e973204cf7aeec
2023-04-02 01:44:33,True,2.767e-10,8.804e-13,11358040877.0,0.1,0xeb...2e5e,https://bscscan.com/tx/0x8a96219ecb1b95f2ec42a5ec98d120faa5353b39ee5680bf71d0396911f47635
2023-04-02 01:43:45,True,2.767e-10,8.804e-13,11810679921.0,0.1039,0x67...8621,https://bscscan.com/tx/0x5d4a78420ee43500ef4330a8d93d29627b5589e0ac6452b5651c81a4cf063ca4
2023-04-02 01:43:39,False,2.767e-10,8.76e-13,5824151003.0,0.051,0xfd...6933,https://bscscan.com/tx/0xdc817d7fcf6bac690a7875863fc3e3daa9de6cf75235da63520c556a66dd2816
2023-04-02 01:43:03,True,2.781e-10,8.804e-13,1326949146.0,0.0116,0x5d...13c9,https://bscscan.com/tx/0xc1dbc0617af71839931b52ac2b3298e3487ad90498d7101ecf98241c14200e8d
2023-04-02 01:39:27,False,2.754e-10,8.76e-13,9103112021.0,0.0797,0xce...2918,https://bscscan.com/tx/0x6e4042cfa83bcbfe095eac048baf2e408169bb5fa71b2697a350fe38b0a80b28
2023-04-02 01:38:48,False,2.754e-10,8.76e-13,45445373766.0,0.3981,0x21...e617,https://bscscan.com/tx/0x978d96ebe5c88572bcdac002fb1ddf83b5f72687850ec2d4af624a9bb29a4506
2023-04-02 01:38:33,True,2.768e-10,8.804e-13,1930826696.0,0.017,0x4f...4208,https://bscscan.com/tx/0x6a03a7314d8e8a1262c0dff77fb0697706bbe2e3a4b378b04dbd981c24921d1d
2023-04-02 01:35:15,True,2.768e-10,8.804e-13,4656707590.0,0.041,0x0f...56e9,https://bscscan.com/tx/0x59b6e4cd336134340510ef627f2dabb559d8485f6bfe9434a74786ed9bae31ad
2023-04-02 01:34:18,False,2.768e-10,8.76e-13,9104836541.0,0.0797,0x9f...fd49,https://bscscan.com/tx/0x6a88aac2ad54aa154f780ea045c3bd5aa857904ac886ce8044cab1c612a67da4
2023-04-02 01:34:06,False,2.768e-10,8.76e-13,144000000000.0,1.26157,0xaa...f4dd,https://bscscan.com/tx/0xa3768114cd317b7d1b7accc56c03940c86973b649cdfec523248d694994503de
2023-04-02 01:34:06,True,2.782e-10,8.805e-13,10221275609.0,0.09,0x71...93a5,https://bscscan.com/tx/0x2f0e79828386918a94faec76ad824835b32770dbb80dd904e36fd7b61c45080a
2023-04-02 01:33:30,True,2.768e-10,8.805e-13,9641260474.0,0.0848,0xf8...bfb4,https://bscscan.com/tx/0xbbcd7e8ecf0ea5045837b81a3c12260106fb735c63675e422e890171562cd36f
2023-04-02 01:33:27,False,2.754e-10,8.761e-13,27868344267.0,0.2441,0x90...f74a,https://bscscan.com/tx/0x3e167af8e9e78ce8a91a22a907d5f1f157703c88749556fd1da3168d0c9ed6a5
2023-04-02 01:31:30,True,2.782e-10,8.805e-13,5521222718.0,0.0486,0xfa...d819,https://bscscan.com/tx/0x0cdedb94641b88f85452ca59073eddd2c00e00cd2399bd726ce0798966a04f03
2023-04-02 01:31:24,False,2.754e-10,8.761e-13,10125242848.0,0.0887,0xb3...b439,https://bscscan.com/tx/0x2f723c1a2c98125112ffbe7d061d1f16c130aeb3ab64c760cf1f669c755bf79e
2023-04-02 01:31:06,True,2.782e-10,8.805e-13,36118589289.0,0.318,0x3b...abc6,https://bscscan.com/tx/0xe47614438b8edd974b6ff82de12e3f67a3ab88e5741f748818cbc089a3c5c018
2023-04-02 01:30:10,True,2.768e-10,8.805e-13,2844293290.0,0.025,0x48...e6f7,https://bscscan.com/tx/0xb6a0c5df335dcdb12a7fbd0a26d68b97bd235c184eb5650c545cffdf77539dfe
2023-04-02 01:28:21,False,2.768e-10,8.761e-13,6250342075.0,0.0547,0xe3...1dd3,https://bscscan.com/tx/0x896e4ba78d64a1904144df7238355a6c27e9e5ccf936f792d0c8018ab45ba86f
2023-04-02 01:27:56,True,2.782e-10,8.805e-13,1047160643.0,0.0092,0xc6...b815,https://bscscan.com/tx/0x0a94cb9c9d2938428b5502c955c61bc3a4d5ce07c0d5360f5dea0202353f1d64
2023-04-02 01:26:57,False,2.754e-10,8.761e-13,29576055756.0,0.2591,0xd4...cc47,https://bscscan.com/tx/0xd2fd5b492cc2cdf72ab8fde7abb31b9211ba41e2f5ab093db2f960f47760ccc8
2023-04-02 01:25:09,False,2.753e-10,8.761e-13,93763098285.0,0.8215,0xa9...d794,https://bscscan.com/tx/0xc72eb0763f8bfcf611c5c22776dc3723afd05d8c47d7baedb3ae2c2d015ca702
2023-04-02 01:21:18,True,2.768e-10,8.805e-13,1078853.0,9.5e-07,0x84...b685,https://bscscan.com/tx/0x7c07d5beb411c65dffd7fc6d4442d9b8cf80915820a905257281449a0970363d
2023-04-02 01:18:17,True,2.782e-10,8.805e-13,6077018169.0,0.0535,0x8e...c5b6,https://bscscan.com/tx/0xcc72e09d09d51d9997b4aaa9a0d8aaa0c6b2eaf5438c34b4b3f157f968934c47
2023-04-02 01:18:05,False,2.768e-10,8.761e-13,16491997636.0,0.1445,0x6b...8ff5,https://bscscan.com/tx/0x849d5c24abc5631afb3fe9ddcd784a2a3dcc5281623319e8f2034c2fab33a3fb
2023-04-02 01:17:41,True,2.767e-10,8.805e-13,963323642.0,0.0084,0xa0...f233,https://bscscan.com/tx/0xdc1a4d029559db1dc7999df64a0f8618d97e980045e9fb5461e792d220d31d8b
2023-04-02 01:17:20,False,2.767e-10,8.761e-13,6286136426.0,0.055,0x94...b88b,https://bscscan.com/tx/0x2512ff02cfa26c6d07dbbf8ef0b475d1a78576b400b0551f8c8af93a33291e6c
2023-04-02 01:16:29,True,2.781e-10,8.805e-13,19232484610.0,0.1693,0x2e...3548,https://bscscan.com/tx/0xac8e7f18b762be7766eab8e87993ee0cdab07dfd6886ba55a878f4eb5690ccfc
2023-04-02 01:16:23,True,2.767e-10,8.805e-13,1112924382.0,0.0098,0x67...9b13,https://bscscan.com/tx/0xb3c0783d7a6eb04b1fc77e1ff7898de5f6e4d3e7614717f9078b9271fb3e59ca
2023-04-02 01:15:59,False,2.754e-10,8.761e-13,33300000000.0,0.2917,0x02...423a,https://bscscan.com/tx/0x90b81bd365795702129161ae08099f345d4f2c00c259ea37b0e3463442d7298a
2023-04-02 01:13:20,False,2.752e-10,8.761e-13,62686800000.0,0.5492,0x06...4172,https://bscscan.com/tx/0x376d9c4c4e7d894e68a5f51657db77197595e5d131f71a58acecd5eb693a4c12
2023-04-02 01:12:44,False,2.766e-10,8.762e-13,75853969740.0,0.6646,0x96...ba89,https://bscscan.com/tx/0x7f37840020c6899368ad6547e96ebeb2a5498934bddddbff71e756cec995a27b
2023-04-02 01:11:47,False,2.752e-10,8.762e-13,9000000000.0,0.0788,0x25...8b90,https://bscscan.com/tx/0x81ce655c75d25b27f6b5fb4bcc50c4faee169b705de12ec23a0fefbf8eb479d2
2023-04-02 01:11:29,True,2.766e-10,8.806e-13,31717985231.0,0.2793,0x5a...048b,https://bscscan.com/tx/0x46abeb66100b847ba6d21c394b48a1c55c23128dfc3caa85de56d18f2b60ffc1
2023-04-02 01:10:56,True,2.78e-10,8.806e-13,2441434943.0,0.0215,0xd1...bd42,https://bscscan.com/tx/0xbfaa98e533e92317af1d0526024ff01f9039c1e9e46615b1b974d9b35ad6cb7e
2023-04-02 01:10:38,False,2.766e-10,8.762e-13,4500000000.0,0.0394,0xeb...0d6d,https://bscscan.com/tx/0x9653c5562ea936a5b4c89a298882fb5450348db275cd774a988cae5c50b1c1c1
2023-04-02 01:08:49,True,2.765e-10,8.806e-13,1700000000.0,0.0149,0x9f...7e6a,https://bscscan.com/tx/0x8e7a7f724ee1203d215e6608b0c5d1ff718cfe556662df931a2f5b47233d1b78
2023-04-02 01:08:12,True,2.78e-10,8.806e-13,4542206195.0,0.04,0xab...3092,https://bscscan.com/tx/0x99d2c8421f5cfff14646d97bc93f3eb14b47353a4cd7c76c4ae1e830178d989a
2023-04-02 01:07:30,False,2.766e-10,8.762e-13,3737327132.0,0.0327,0xef...4039,https://bscscan.com/tx/0xd8864886f07bb49fea0f925c27cd857a31f92d5c0154de9796c6ebd5fe4b3af4
2023-04-02 01:06:32,False,2.766e-10,8.762e-13,13999250231.0,0.1226,0x8e...0924,https://bscscan.com/tx/0x85e6743490ce073e31eb071f306809bca17914331a50e134d834e41de181f5c3
2023-04-02 01:05:08,False,2.766e-10,8.762e-13,24757406962.0,0.2169,0x95...e11c,https://bscscan.com/tx/0x7978a358a9db5d5371ab574bcc7e45e3b87fd0aac703585fb37e4dd085e7cb73
2023-04-02 01:04:56,True,2.78e-10,8.806e-13,4773357072.0,0.042,0x1c...3034,https://bscscan.com/tx/0x0aaabb41fe064005f7b6c9f2f950a8c8027c1d3e0631888d741f2a6372a9f079
2023-04-02 01:02:56,True,2.78e-10,8.806e-13,9923649879.0,0.0873,0xbd...f0b7,https://bscscan.com/tx/0xbd9e90ab2bbce286bcbb80833ca6dd4c2f55e00ea065b3a1f840a0d2b9df9fbc
2023-04-02 01:01:14,True,2.78e-10,8.806e-13,700528594.0,0.0061,0x04...3a8a,https://bscscan.com/tx/0x808a8e767d0282a892dfd191abd08041730f591ab7de53d5f83775707113b5bc
2023-04-02 01:00:47,True,2.766e-10,8.806e-13,56777685798.0,0.5,0x17...5ecd,https://bscscan.com/tx/0xb508d12654ad367205ffb3c6ee203b2e7882a7212081ff17823d57dd30edb0b3
2023-04-02 01:00:41,True,2.766e-10,8.806e-13,2222222222.0,0.0195,0xf6...74b7,https://bscscan.com/tx/0x0d09b63f892409a2c1ccb1a3a9cacaffcfa1231503bf3c6b662ae6364cdb3940
2023-04-02 01:00:28,True,2.766e-10,8.806e-13,113557000.0,9.999e-05,0x4a...47c5,https://bscscan.com/tx/0x6843d7b4ddd77b4c427e217299dfb475e74bfc71754861c6384a68c70e5bf527
2023-04-02 00:59:00,True,2.766e-10,8.806e-13,282785758.0,0.0024,0x67...c74f,https://bscscan.com/tx/0x43983a5c1333fdaaa217def097481a61d3f75889c5df6a460e63528c78c1d44e
2023-04-02 00:58:03,False,2.766e-10,8.762e-13,65160000000.0,0.5709,0x80...ce60,https://bscscan.com/tx/0x7462955d30fde81dad9ef8c3c00d3f478237a0d408e736208fe09cc29f385c74
2023-04-02 00:57:43,False,2.752e-10,8.763e-13,270794200070.0,2.37299,0x28...9298,https://bscscan.com/tx/0x7e0647fe415f548785c8a68e8899d3831da3ccca35a35d6aaab69f0aa37695d8
2023-04-02 00:57:02,True,2.78e-10,8.807e-13,340612736.0,0.003,0xd1...2fe4,https://bscscan.com/tx/0x0264b7c6182fe77000802316cf7408c73076ee26ac9b331ea31c9f9a64f369a7
2023-04-02 00:56:53,False,2.766e-10,8.763e-13,7255065780.0,0.0635,0xe5...ce49,https://bscscan.com/tx/0x9bb62562055e22fd849518fa9ebd59ae6f3f788da7750524448c041f34c45a17
2023-04-02 00:56:04,True,2.78e-10,8.807e-13,66166772043.0,0.5827,0x2b...3372,https://bscscan.com/tx/0x9ff7df9ca43483521465cb4cf8ae6b476095bc0e34a89b7f9274cd7a0946a0e8
2023-04-02 00:55:16,True,2.78e-10,8.807e-13,2918006875.0,0.0257,0x4f...c1da,https://bscscan.com/tx/0x680ee15f5c7dae39c3fecf9a0c967773d102f2591c795a1090f2a7e1b4cb6cfa
2023-04-02 00:54:52,True,2.766e-10,8.807e-13,3000000000.0,0.0264,0xa5...86d2,https://bscscan.com/tx/0x35716f63583942d53ca7e5dfed9e2f258edac2f84e3f4bec59ebced45f60fe42
2023-04-02 00:54:31,False,2.752e-10,8.763e-13,13500000745.0,0.1183,0xe6...9645,https://bscscan.com/tx/0x5c6e87a7deb177f162ffc53dba074995603b52b7b04d6ab1dcef9ed0cb9071da
2023-04-02 00:53:40,True,2.78e-10,8.807e-13,10000001000.0,0.088,0x9f...7e6a,https://bscscan.com/tx/0xcf3b6dc59b843c6296d7f8c9a238a624e66e44d852a024a1e513b1fb5c906d06
2023-04-02 00:53:37,True,2.766e-10,8.807e-13,8721363886.0,0.0768,0xf3...2358,https://bscscan.com/tx/0x09af6416b15b1358ec1937d9398ec08ca241e5f2c41773f9970113efdb5a4569
2023-04-02 00:53:19,False,2.766e-10,8.763e-13,4272176928.0,0.0374,0xb0...8ff9,https://bscscan.com/tx/0xfb33c75e1dbaf3158b6aa560ee1f02ac3e729af72f954aff63f1caa8894b7636
2023-04-02 00:53:13,False,2.766e-10,8.763e-13,4896013235.0,0.0429,0x8f...998f,https://bscscan.com/tx/0xf04d548df3c5d8061deef7a6102761cf51deb26166affaee16696940335c6360
2023-04-02 00:52:34,False,2.766e-10,8.763e-13,13500003121.0,0.1183,0xe6...9645,https://bscscan.com/tx/0x2a38e80a4eb5ea430376d4f7237fd87ab6eb886affbe10f04c6ac7440ad36843
2023-04-02 00:52:19,True,2.78e-10,8.807e-13,1000000000.0,0.0088,0x3a...7e11,https://bscscan.com/tx/0xebda0e68e68291708726e4d08c56894c1a07f132b9e386cff46cdf545e7e64bf
2023-04-02 00:50:43,False,2.752e-10,8.763e-13,72000000000.0,0.6309,0x21...10ab,https://bscscan.com/tx/0xe3004619f7c7f2d16d2bfb1131ac36820b7b9de17d9f7c36f4abb635c416088b
2023-04-02 00:50:10,False,2.766e-10,8.763e-13,18000482932.0,0.1577,0xe6...9645,https://bscscan.com/tx/0x86be406e52f635cecf00f46afc98b296e66d3c5fffb642cf14dde23b87c7ae0f
2023-04-02 00:49:52,True,2.766e-10,8.807e-13,57045157267.0,0.5024,0x95...3017,https://bscscan.com/tx/0x9971c3df015996ea7e1bf7e713da549783b521e5c341e1590364966ab0f7d838
2023-04-02 00:49:25,True,2.78e-10,8.807e-13,1659200286.0,0.0146,0xe3...d572,https://bscscan.com/tx/0x82a8750d91079117165a26b9546493c58d68f9b247e3d1f9dfe88b283c8977c1
2023-04-02 00:48:37,True,2.766e-10,8.807e-13,2388381087.0,0.021,0xda...f1d8,https://bscscan.com/tx/0x83aef6afc09a7cc67b186f2eb98060c5c2c44c507c8b4b0b105ec95ceb93d927
2023-04-02 00:47:46,True,2.78e-10,8.807e-13,10791100001.0,0.095,0x63...4a32,https://bscscan.com/tx/0x2e4731e7bf1425c09e9577938c6e2ed2bf9a6351ed1d7dbc7a43a29b0d504a71
2023-04-02 00:47:46,True,2.78e-10,8.807e-13,30000000000.0,0.2642,0x11...690f,https://bscscan.com/tx/0x75c43d530e3b03cc9af3f8b4129ee7c6ed359fc0d5b42ddf4fade459fdd73f6d
2023-04-02 00:45:34,True,2.78e-10,8.807e-13,1000000000.0,0.0088,0xf0...59c0,https://bscscan.com/tx/0x6bf04a0afe6ea7c34e4dedaf43bce5b06ec824ed131d8bcaca3ee91bfcc77e5c
2023-04-02 00:41:49,True,2.779e-10,8.807e-13,4525701656.0,0.0398,0xd1...2fe4,https://bscscan.com/tx/0x8da8b11b45a6a5c6b086292b0495e88eefb33eb49f6625720f0e94c2d85cb963
2023-04-02 00:39:04,True,2.765e-10,8.807e-13,3860413459.0,0.034,0x17...d850,https://bscscan.com/tx/0x204d3460e8311b9a30a62c79d4e935fa50143c22b01ece2d84363cc62ecfd9d7
2023-04-02 00:30:52,True,2.779e-10,8.807e-13,12276603326.0,0.1081,0x15...f0ed,https://bscscan.com/tx/0x1f224f3e2345e075e73ab3ecbb53af7ba79077c92e6f08b3620cd2c1edbc0cbd
2023-04-02 00:30:04,False,2.751e-10,8.763e-13,30224666099.0,0.2648,0x87...b77c,https://bscscan.com/tx/0x890bddd18adda2cbaed944e73cd981ae1a718da0d7601fbdbddea64b8e883de2
2023-04-02 00:28:37,True,2.78e-10,8.807e-13,8189204484.0,0.0721,0xe2...9f78,https://bscscan.com/tx/0xbf4dcaf5369229283ad9df68db17c208b3d69a6ee8daee5b04d2b5c1e90f2197
2023-04-02 00:26:31,True,2.766e-10,8.807e-13,9651019100.0,0.085,0xc4...e320,https://bscscan.com/tx/0x7a8ab373b28d20fc86322a5b701001671737963d965d161d346c05ba6b888a84
2023-04-02 00:26:25,True,2.766e-10,8.807e-13,17950326025.0,0.158,0xb1...907c,https://bscscan.com/tx/0xbd517b0d513dc2cba50f471e53a7924532678109c595881055ec974505aa7ad8
2023-04-02 00:25:46,False,2.752e-10,8.763e-13,2035611100.0,0.0178,0xb2...12d9,https://bscscan.com/tx/0x998185d43a20272e47c5aa4fc094503a2390bacfb32ed0170cfa570a121477bd
2023-04-02 00:25:31,False,2.752e-10,8.763e-13,8334677350.0,0.073,0xfd...56ef,https://bscscan.com/tx/0x7c972b8a2d0c3dd8eb2c6b965ca0fb717ea00a083c14dcc8a7adcdcb98e6f92b
2023-04-02 00:25:31,True,2.766e-10,8.807e-13,44208803474.0,0.3893,0x15...f0ed,https://bscscan.com/tx/0xdcda526c37813ddb5f8b8090875d1ceb0d8d30c5e6b16fa35a734549b2dd66db
2023-04-02 00:25:04,True,2.779e-10,8.807e-13,1958192824.0,0.0172,0xda...1636,https://bscscan.com/tx/0x2b51e4defa230e416cd9540d594dd2ba0a873f4acc409a58da7632feb2eb1f71
2023-04-02 00:24:34,True,2.779e-10,8.807e-13,605633000.0,0.0053,0xe7...9adb,https://bscscan.com/tx/0x80b2916c5667db6f0c6e7c9e9d4c4ada88374f66433d8a82d4874708fef92f59
2023-04-02 00:23:52,True,2.765e-10,8.807e-13,2809298783.0,0.0247,0xc4...0296,https://bscscan.com/tx/0x003cf3665c4501a42e38654c8e74cced5121b92ff037dc5c428e2722bdfc30ba
2023-04-02 00:23:19,True,2.766e-10,8.807e-13,7865790477.0,0.0692,0x1b...5b03,https://bscscan.com/tx/0x6dde9f6261f323994d0d85248854137dfc7a74eb3f34864da5e0cd0663c7d6bd
2023-04-02 00:23:10,False,2.752e-10,8.763e-13,81853354174.0,0.7173,0xdc...d9c8,https://bscscan.com/tx/0xc167518dda933d247bf3d5b056c59cc61c0cdd34d107f7bf88b3239a526dd5af
2023-04-02 00:22:55,True,2.766e-10,8.807e-13,22708275469.0,0.2,0xe5...95f7,https://bscscan.com/tx/0x2ed6d000bff31db9a4c9a8e1d0b9ffe74f557546a8cc0de153b9d3020b0187d8
2023-04-02 00:21:43,True,2.78e-10,8.807e-13,2200003006.0,0.0193,0x5c...92cc,https://bscscan.com/tx/0xc99a6fa7953e47cdffb27e8cbd427b4fd2a84639b340cc02b32f0961908ca989
2023-04-02 00:21:37,True,2.78e-10,8.807e-13,1078650914.0,0.0095,0x02...a59f,https://bscscan.com/tx/0xb39c5f6e84d55d3226a96e34cef9738652bf8d8efc10cceef9ce2b7278db44f1
2023-04-02 00:21:04,False,2.766e-10,8.763e-13,1329762871.0,0.0116,0xbc...7489,https://bscscan.com/tx/0x434cb4312b6df3710b506e8a21bce4144d351320fcde4c7d2399bfb8d725efd6
2023-04-02 00:19:39,False,2.767e-10,8.765e-13,1106701301435.0,9.70114,0x67...051b,https://bscscan.com/tx/0x79e53d647e293f1923052b4a98a15ec53d36676118f75d79cba018beacce4ef1
2023-04-02 00:19:02,True,2.782e-10,8.812e-13,16116369781.0,0.142,0x1a...23f3,https://bscscan.com/tx/0x1d22807c4c51b00c9db4a8ca310a0c7a32dc936c5225dfd04e576953a4c90c0a
2023-04-02 00:18:07,True,2.781e-10,8.812e-13,74655920344.0,0.6578,0xb3...5fb1,https://bscscan.com/tx/0x57021bcc67753a0c23a8be53e50af97821dd0cc7ff8c770cd001dcd4278fd3e5
2023-04-02 00:17:29,True,2.781e-10,8.811e-13,5638234410.0,0.0496,0xe3...20ff,https://bscscan.com/tx/0x6fea191d1ce2a31f515bcde86e1901f3e624b99f71ab3bb59211205c064ff8ee
2023-04-02 00:16:14,True,2.781e-10,8.811e-13,72076794810.0,0.6351,0x4e...f987,https://bscscan.com/tx/0xbebefced8fc15fba3b5d38ded3a4c2377856aa429b8d912d249b3bf0ef19ed95
2023-04-02 00:13:33,True,2.782e-10,8.811e-13,13672051160.0,0.1204,0x47...ed75,https://bscscan.com/tx/0xdfd5524a201a62bd27e8715d0ce858961ee9be82522eef8f919ca874868e4b03
2023-04-02 00:13:21,False,2.768e-10,8.767e-13,7138038014.0,0.0625,0xdd...1a88,https://bscscan.com/tx/0x3fe24f446699ae1217eba5b8a85d4737f978ce219b325920da6efc7036e96727
2023-04-02 00:11:51,True,2.769e-10,8.815e-13,8816589910.0,0.0777,0x56...d922,https://bscscan.com/tx/0xc7005b740f591b2f990814434a01e350d00b856fad6b13b9e36b3fc1ac230fa5
2023-04-02 00:10:57,True,2.782e-10,8.811e-13,72559999.0,6.393e-05,0xda...6985,https://bscscan.com/tx/0x195ba95371be7fe0187fac6fd9125235dce21133a438afe452f4a7ab2b397b8b
2023-04-02 00:10:48,True,2.782e-10,8.811e-13,66508662564.0,0.586,0x13...ba65,https://bscscan.com/tx/0x1e281d7ba36f9211436880a6bb77f366519b818cfb2472da75f1db40cc001918
2023-04-02 00:10:45,False,2.768e-10,8.767e-13,18441150286.0,0.1616,0x09...5262,https://bscscan.com/tx/0xdd0fbac7654c6fb92b5abe0b79242ea3cd330e2aeb0e7ae97058caa59431a171
2023-04-02 00:09:15,True,2.782e-10,8.811e-13,4539650374.0,0.04,0x9c...ada7,https://bscscan.com/tx/0xbb0b6534289b48ecf1f6696af6587fa1d772093dac114c1d0c48665c069dcdaf
2023-04-02 00:08:42,True,2.782e-10,8.811e-13,6593861100.0,0.0581,0x32...efa8,https://bscscan.com/tx/0x5669ec565502969bc060ed9203b654e16cefff6829e3f7ed9b999c7ed76e9835
2023-04-02 00:08:24,True,2.783e-10,8.811e-13,5901599333.0,0.052,0xed...d5e1,https://bscscan.com/tx/0x1faa7387073abd6adce2b9be44eda82f199fe29e754d1aae8a1255526f299d1c
2023-04-02 00:07:36,False,2.768e-10,8.767e-13,69808333695.0,0.612,0x5f...2701,https://bscscan.com/tx/0x97dd183c7f75447aa501eea89618966d5b7b7101c6a0043dd43f231f445b02ff
2023-04-02 00:06:42,True,2.782e-10,8.811e-13,400000000.0,0.0035,0x72...2d90,https://bscscan.com/tx/0x3e86e1e5dfb3dac8ea85d986fa088c69c9947cd00ec03e644b0145ceb1185b73
2023-04-02 00:03:24,True,2.781e-10,8.811e-13,1500000000.0,0.0132,0x39...832b,https://bscscan.com/tx/0x3dfbaa6fff5f66a09d963244fb7a3c975d3ca89075002c2ecf93d35c153161ac
2023-04-02 00:02:47,True,2.781e-10,8.811e-13,8833938478.0,0.0778,0x87...ea58,https://bscscan.com/tx/0x4c2609895f0eec6ceda1a5bf313b06d849bf80f3cd6bffec9042b3c5d88deebf
2023-04-02 00:01:45,False,2.768e-10,8.767e-13,4539173989.0,0.0398,0x4c...3189,https://bscscan.com/tx/0x365e10e422c1df70e72050ff6868704eb9798c9fb5a86516d0634b10306956d6
2023-04-02 00:01:45,True,2.782e-10,8.811e-13,117000000.0,0.001,0x72...2d90,https://bscscan.com/tx/0xa1c247ea33535c905208f0cc283b84b5d6764ff2091aee935f48e8d0a6015d4c
2023-04-02 00:00:56,False,2.754e-10,8.767e-13,11087695464.0,0.0972,0xac...f138,https://bscscan.com/tx/0x8c103bedf80d89e5caedabc686d94121fc12cc066cda7c0324c85848bf458baa
2023-04-02 00:00:29,True,2.763e-10,8.811e-13,46908420985.0,0.4133,0xf6...0f0a,https://bscscan.com/tx/0x1af5654d4e8e9e184329d9e888d2f20e0a48196a1d6cfc6e3ec084e7a97c74b2
2023-04-02 00:00:05,False,2.763e-10,8.767e-13,1894511234.0,0.0166,0x68...3617,https://bscscan.com/tx/0xf65e67b91184edb032e3a95a6a1766e08056a059b364de86d19e972cc0ff166d
2023-04-01 23:58:08,False,2.749e-10,8.767e-13,21600000000.0,0.1893,0x71...5f73,https://bscscan.com/tx/0x800dd5531bce04d3f7b794bf2324e51350e612eb8b32e5435eb4c86d7204bd2e
2023-04-01 23:56:47,True,2.763e-10,8.811e-13,2615204760.0,0.023,0xc1...e2b2,https://bscscan.com/tx/0xc4a7e0f7b96c3b1a0fb6d25f669b58d6e044a81e8c4bbda86c7f6e374235c088
2023-04-01 23:56:47,False,2.749e-10,8.767e-13,23765551019.0,0.2083,0x8a...019f,https://bscscan.com/tx/0x161611e30bce519cafbdbb3dd94617e9cbe26d9f90f412b6574956d250b65ecf
2023-04-01 23:54:14,True,2.777e-10,8.811e-13,907903496.0,0.008,0xe4...cd23,https://bscscan.com/tx/0xd8a139907e9c7b1c3c6289084e4206630a951110f2cb93ae0b63588a19250a8f
2023-04-01 23:50:50,True,2.776e-10,8.811e-13,47665531206.0,0.42,0xcb...83d0,https://bscscan.com/tx/0x87aed43b942cd6ed5912ce2e8cd45397e7f7deff3ca572a52253c3a8e803390e
2023-04-01 23:47:32,True,2.778e-10,8.811e-13,100000000.0,8.811e-05,0x0e...0bb4,https://bscscan.com/tx/0x07013d279bf92d041e1440749486387f08c1e2926b30d70b6ece94f615b490ce
2023-04-01 23:47:08,False,2.749e-10,8.767e-13,63055775357.0,0.5528,0xe5...614d,https://bscscan.com/tx/0x0c9666d521cea11389f225384ed656269f9d7198efac602629965595d4b74775
2023-04-01 23:46:14,True,2.763e-10,8.811e-13,1557913081.0,0.0137,0xc5...6abd,https://bscscan.com/tx/0xf9a006e0b16d1c02b7d8187af649ac54e8d58b9e65dd0beb4ecb601d40e1358f
2023-04-01 23:45:53,True,2.776e-10,8.811e-13,1475774414.0,0.013,0xaa...f4dd,https://bscscan.com/tx/0x1d709f8a59c1738223a98accedefeb5406d36e335a5002aa90ec37666924af16
2023-04-01 23:45:47,False,2.763e-10,8.767e-13,811505572.0,0.0071,0x1c...b72e,https://bscscan.com/tx/0xa26bdbedfe950cb5d7ee5a8498db272060ed3f6eba1f076c7d0a63545ff1130f
2023-04-01 23:43:29,False,2.763e-10,8.767e-13,4437212937.0,0.0389,0x31...6c1f,https://bscscan.com/tx/0xf4698b72ac1b510373f377f72bc32b5ef0dc3ac876e24f9ff67c227f84edb6b0
2023-04-01 23:41:29,False,2.763e-10,8.767e-13,20061725704.0,0.1758,0xda...123b,https://bscscan.com/tx/0x929a00a9655e70f2139fc7b8e061606f6dbad50c797e96de54017f05beadc957
2023-04-01 23:40:32,True,2.763e-10,8.811e-13,32962100000.0,0.2904,0x91...7967,https://bscscan.com/tx/0x3de6afb982e93cfbc48e725d8d76264073637fb61aba1fb6080a6fe2638c1a26
2023-04-01 23:40:11,False,2.763e-10,8.767e-13,9238140089.0,0.081,0xf4...9713,https://bscscan.com/tx/0x77b5594d149475b59b3dbd9182a0d6ce12052aeda62388a9a821e8ea54872911
2023-04-01 23:39:41,False,2.763e-10,8.767e-13,86037666062.0,0.7543,0x57...f8b5,https://bscscan.com/tx/0x4a825932a1093bfac2870d12267d2b4f329383753ac301b24fa68ca245a0ff89
2023-04-01 23:39:35,True,2.777e-10,8.811e-13,7500000000.0,0.066,0xda...9161,https://bscscan.com/tx/0xe868dc99dd5e037d5c4703cbfdafb8107fdde7b81f0a5bb1333f9e5cb54737a7
2023-04-01 23:36:59,True,2.763e-10,8.811e-13,16124873090.0,0.142,0x54...0ef9,https://bscscan.com/tx/0x5e05bb28f3e80b210f568b58d7f7a2a3eeee33c40e0082971695bc25e1ac68a7
2023-04-01 23:36:53,True,2.763e-10,8.811e-13,703909652.0,0.0062,0x8d...283b,https://bscscan.com/tx/0x4c0fff9e89a30b13f229db54d1e0148e65dc413895a4dfaa098f3908d63af6f6
2023-04-01 23:36:02,True,2.777e-10,8.811e-13,567417570.0,0.005,0xe4...cd23,https://bscscan.com/tx/0xaeb04fecaa3e5f2dd5c71526af6da1c9c2f1160a87eacb0d5a5b7f108efe3e69
2023-04-01 23:34:05,True,2.763e-10,8.811e-13,2348913938.0,0.0207,0x68...b94f,https://bscscan.com/tx/0xd7eb3db4d42c0b8099fc792bf42c0585d697fa3964d8212f69d0624bff16466a
2023-04-01 23:33:53,True,2.763e-10,8.811e-13,6696551398.0,0.059,0x33...45a8,https://bscscan.com/tx/0x9f73192f2716bdd993e4de7e245f547c277f9a031ab952f92e306f267ae24bb9
2023-04-01 23:32:56,False,2.763e-10,8.768e-13,112124802897.0,0.9831,0x75...5cb3,https://bscscan.com/tx/0x4427ff9a2228e398c7ab68d4c5b3d63f3f16a2100f9c36cab1a88264e6709e98
2023-04-01 23:29:53,False,2.763e-10,8.768e-13,4241847756.0,0.0371,0x5c...9762,https://bscscan.com/tx/0x1f80a8f4bd33d029e1a48887dd2c9d61672090e8787cd59e50896e15c7dc4471
2023-04-01 23:29:38,True,2.777e-10,8.812e-13,10099541179.0,0.089,0x7a...75fa,https://bscscan.com/tx/0x615e26bedf97f16071721cffb7e2d3a73f58adc7c7d1bd0e56e7d8637b10b610
2023-04-01 23:29:20,True,2.763e-10,8.812e-13,11347857325.0,0.1,0xdf...87ba,https://bscscan.com/tx/0x2a903cef8112b2e126055426a30b22efdb2945f1e9e320100e0f6c481b51e1b5
2023-04-01 23:28:17,False,2.749e-10,8.768e-13,5343832793.0,0.0468,0x06...5868,https://bscscan.com/tx/0x973059b7b954582216d0a3333aeab59aa0676e94694d5e6ea38c97e2e1bb1777
2023-04-01 23:27:50,False,2.749e-10,8.768e-13,2487293448.0,0.0218,0xf3...b92a,https://bscscan.com/tx/0x2d112bdba65c4943eac9bcc5573ef12e6bff655102d947dc95237253067f1f55
2023-04-01 23:27:38,True,2.763e-10,8.812e-13,45391876390.0,0.4,0x23...e62b,https://bscscan.com/tx/0x0ec5701b7d994dff569035fd566ab819f39e9fde5fb6948025a03b4ba03f7aa0
2023-04-01 23:27:23,False,2.749e-10,8.768e-13,29827625350.0,0.2615,0xe9...0601,https://bscscan.com/tx/0x3c9868d704c3896a882b772b6f7f44dd62829f238c78361ce5aacef85ec15c5d
2023-04-01 23:26:23,True,2.763e-10,8.812e-13,15887163337.0,0.14,0xc5...646a,https://bscscan.com/tx/0x9dda528aeb23ca4ac32a9c05894da6ff5afd3a8d67d33d70aafc567a1beac3b7
2023-04-01 23:23:11,False,2.763e-10,8.768e-13,4844822092.0,0.0424,0x4d...5938,https://bscscan.com/tx/0xf2225b99961d60161e2e882cd6fdfab0cda33b665d2ee98393d4b73fef3f3861
2023-04-01 23:23:05,True,2.776e-10,8.812e-13,513128058.0,0.0045,0x98...6813,https://bscscan.com/tx/0x1a369cd4de1c39b1731a7576f2f7577c40d4094c6eb4971aedf6c090add6bb79
2023-04-01 23:21:02,True,2.776e-10,8.811e-13,63121290502.0,0.5562,0x5d...e80b,https://bscscan.com/tx/0x6d04e2cc4087a7c54ddabaae3cb8396db297c73191d328c5bd51085c1485854b
2023-04-01 23:20:53,True,2.776e-10,8.811e-13,2547450001.0,0.0224,0xf1...0c94,https://bscscan.com/tx/0xc9c9abbdd6e4a005a8ec8919c6c78e7cf35dee9bc3153376045e404e419bc253
2023-04-01 23:19:56,True,2.776e-10,8.811e-13,87250787.0,7.688e-05,0xd2...3977,https://bscscan.com/tx/0xcdb105347d0f2571060c61cca4b2a7b98fb5d9a0c4438d7f4d58e9f307daa3ed
2023-04-01 23:19:17,True,2.775e-10,8.811e-13,4000000008.0,0.0352,0x91...c7fe,https://bscscan.com/tx/0x909a5aae7e71b10585cdd70955572df9a4cb20bdf7c4d3d6adeb2838ce8224da
2023-04-01 23:16:26,True,2.775e-10,8.811e-13,2884766250.0,0.0254,0x81...f1bc,https://bscscan.com/tx/0x093d20d7a3edc84c3fcf57e73e69fa135438833a108558882d523890ace5757d
2023-04-01 23:14:59,False,2.746e-10,8.767e-13,9961304068.0,0.0873,0x97...b796,https://bscscan.com/tx/0x892d6183f2986cab1b6482b4f2cb7ffca5aba8aa4c878a2bcf617e866a9c81e4
2023-04-01 23:14:55,False,2.746e-10,8.767e-13,49707277278.0,0.4358,0x79...cacb,https://bscscan.com/tx/0x574f95e2fb2852ce2d81d007237e5af6c4a389d3434cd9f1e437986f8b5aacb2
2023-04-01 23:14:30,True,2.774e-10,8.812e-13,35322995757.0,0.3112,0x8b...c3ea,https://bscscan.com/tx/0xb4084f7f0a85eab33a3c67964707555a7aab32920c57982a92aad21aef7894e9
2023-04-01 23:12:56,True,2.764e-10,8.811e-13,111215877815.0,0.98,0xb9...b402,https://bscscan.com/tx/0x542934d03bf7f8fcc268438519cd25437dd978dff855466c74b9caf99cfbec04
2023-04-01 23:12:38,False,2.751e-10,8.767e-13,108000000000.0,0.9469,0xb1...af5b,https://bscscan.com/tx/0x48a09b2ff813a99bc49ddb92d5636a1ce036b951f67e7365eafa9a4ed333babc
2023-04-01 23:12:17,True,2.764e-10,8.811e-13,113485840661.0,1.0,0x7a...7129,https://bscscan.com/tx/0xd98603ada94aa877104055957d2dd62e235ccf9b362240ac82a394d2d1a33691
2023-04-01 23:11:41,True,2.778e-10,8.811e-13,19003477426.0,0.1674,0xb1...cbbf,https://bscscan.com/tx/0x72a77f47fe0468c3f248c3be3834065d9f53e0b134e3a032f5cdf7c53eea15c5
2023-04-01 23:11:29,False,2.751e-10,8.769e-13,900020709854.0,7.8925,0x7a...7129,https://bscscan.com/tx/0x894cd516fdbd12ffed609e4b2f8a0569fbc6adf81eae64f5230d9d277072a856
2023-04-01 23:11:08,True,2.766e-10,8.815e-13,1595227811.0,0.014,0x16...e831,https://bscscan.com/tx/0x460999715f8d83bf07137ec0f81f1d50bbc0d57573aff096f3b864ef6b2fb8ca
2023-04-01 23:10:20,True,2.779e-10,8.814e-13,300781798634.0,2.65124,0x98...2c8a,https://bscscan.com/tx/0x838f1c8af6523f807379bd4e24ad6c119206e487f764a2cac1359b4fdf2c4c43
2023-04-01 23:10:20,True,2.779e-10,8.813e-13,36050113701.0,0.3177,0x85...c4b1,https://bscscan.com/tx/0x20878710976b1c9e2700c3e072e55b21bf765ac4973eaa6806feef150576f512
2023-04-01 23:09:02,True,2.765e-10,8.813e-13,317997963.0,0.0028,0xf1...5145,https://bscscan.com/tx/0xf31c30064e8aa9fa17a42b61f99c76031ee1142b2165c711b195e69cab8c9a4b
2023-04-01 23:08:59,True,2.765e-10,8.813e-13,25000000000.0,0.2203,0xea...2483,https://bscscan.com/tx/0xf3371534ba7ac710ab88e7c58329cec1f9fc4006940cb682fd7893900e416a49
2023-04-01 23:07:20,True,2.765e-10,8.813e-13,500007000.0,0.0044,0xb3...1260,https://bscscan.com/tx/0xf2ee38d0fabff63fde57fd3b596954428c18f7abbb7d2eb04fc6b10faeb4df57
2023-04-01 23:04:47,True,2.779e-10,8.813e-13,2507587182.0,0.0221,0xe0...77d5,https://bscscan.com/tx/0x8172e6006e07aaa558aeb851788554c4ec00240406529c9c1ec62affaebdb6d3
2023-04-01 23:04:41,True,2.779e-10,8.813e-13,19429314696.0,0.1712,0xd7...1b0c,https://bscscan.com/tx/0x8efdb46792146ebf26397347208e51dd68f6daff7cd44c888bc3e84cb09a6d51
2023-04-01 23:03:50,True,2.765e-10,8.813e-13,32428307713.0,0.2858,0x10...8b11,https://bscscan.com/tx/0xbc4cc52d6f36899fc8c1a46ed8ea2c64a47059215d86fd8475e28c9c3e21e7da
2023-04-01 23:01:59,True,2.765e-10,8.813e-13,15375186234.0,0.1355,0x39...395b,https://bscscan.com/tx/0xba059b304191e7ad8860dd093fe48ef187811cbb24e9db8cf1182fd533af3585
2023-04-01 23:01:59,True,2.765e-10,8.813e-13,18383936699.0,0.162,0x80...26bf,https://bscscan.com/tx/0xa0fd68af4c3209aaee8982ffb85ed7b46449a4190d516dd371837482473d2657
2023-04-01 23:01:50,False,2.752e-10,8.769e-13,27000000000.0,0.2367,0x31...24c7,https://bscscan.com/tx/0xc3971c78046cefb068e8cdd29dce25b6c8b3efe272fc17a9709e2b7c8b7b0e8f
2023-04-01 23:00:17,True,2.779e-10,8.813e-13,136161599475.0,1.2,0xb9...b402,https://bscscan.com/tx/0x4c7641065adab7fc7c0d98eb9e70a392bd4c3c58d86858e360b3b601d804ae22
2023-04-01 22:58:53,True,2.765e-10,8.812e-13,3970706457.0,0.0349,0x62...0dee,https://bscscan.com/tx/0x59e739fc1758cc309bb834231ff92130378ab0d3680fe7e9ed140da05a079e91
2023-04-01 22:58:32,True,2.779e-10,8.812e-13,6000000000.0,0.0528,0x1d...4b17,https://bscscan.com/tx/0x31ff598c6883c4d64e18f73667473ebb29671776788a3686e76e575a5d4ae527
2023-04-01 22:57:50,True,2.779e-10,8.812e-13,5673619412.0,0.05,0xb3...b731,https://bscscan.com/tx/0xdf2080346fbee2ec4b43a186f1e47b0d68c691adf8d363bbcbd410c254a51722
2023-04-01 22:54:47,False,2.766e-10,8.768e-13,27000000000.0,0.2367,0x31...24c7,https://bscscan.com/tx/0x2c06efdfda15001fe69161fb396090ee086a99d04a039b5a258da46e0489259d
2023-04-01 22:53:41,True,2.766e-10,8.812e-13,11237046512.0,0.099,0x06...5466,https://bscscan.com/tx/0xd1a0c4c1a792fc014754d0355a2aa111ae79e494d2586c29bd90cbddfecef870
2023-04-01 22:49:41,False,2.752e-10,8.768e-13,30423653698.0,0.2667,0x86...df43,https://bscscan.com/tx/0xe38a44d544a4ddab5639bcdcc4cb765031404aeb781cce4024ee2c5956377813
2023-04-01 22:47:50,True,2.779e-10,8.812e-13,6853493308.0,0.0604,0x16...e831,https://bscscan.com/tx/0xa9c5af62223888b2690069117788aa379e3ef3feb0a5e8698ea3c95e757bbe01
2023-04-01 22:47:19,True,2.779e-10,8.812e-13,4538821484.0,0.04,0x64...a2ed,https://bscscan.com/tx/0xd48c34ef28899ddc51ed832826fe1cb8e7823df62b556c5580e9adae18fc1c0d
2023-04-01 22:46:07,False,2.765e-10,8.769e-13,111998017921.0,0.9821,0xc2...e217,https://bscscan.com/tx/0xa66c2eb2736b9dc1e125f57843ffa3ff3790ce7d46cacfa0aa3472e9bcb2fc63
2023-04-01 22:45:10,False,2.765e-10,8.769e-13,18000000000.0,0.1578,0x31...24c7,https://bscscan.com/tx/0xc565ec27ddf8447846ea1edc9d76c24fcfcbd3b986c94eb026a610638720bc72
2023-04-01 22:41:28,False,2.752e-10,8.769e-13,35861864462.0,0.3144,0xc1...81dc,https://bscscan.com/tx/0x7f9cb9a875ea867caf4ca748b7c03a43f65de1c45bf4841791a0961764363950
2023-04-01 22:41:07,False,2.766e-10,8.769e-13,126624933695.0,1.11048,0x2a...b847,https://bscscan.com/tx/0xc33a83b5587b23a4881d926e05994fd13f115f194c2cbcfe4eccf7287ae4e270
2023-04-01 22:39:42,True,2.779e-10,8.813e-13,79419882272.0,0.7,0x6e...54ea,https://bscscan.com/tx/0xe16ef3d5569f8371191ef4172349fd1e17ed826ba79e25b815994e24781cdbfc
2023-04-01 22:38:57,True,2.779e-10,8.813e-13,1089207918.0,0.0096,0xae...5612,https://bscscan.com/tx/0x148f7b84d91b49f2ea8c3c2b32bf3cea649b3af85e19c65be34320c5d832b638
2023-04-01 22:38:57,True,2.779e-10,8.813e-13,29251028401.0,0.2578,0xd7...1b0c,https://bscscan.com/tx/0xae289a6c0e40aa9dd361b24437e4ff1cda517ef66e71685847c500a81948a517
2023-04-01 22:38:15,True,2.779e-10,8.813e-13,18702937191.0,0.1648,0xed...669a,https://bscscan.com/tx/0x5fe11834f5cbd0fb2c61e93b1295852957af4e8e7b3463e0eca57efead84ea53
2023-04-01 22:38:15,True,2.779e-10,8.813e-13,20827896496.0,0.1835,0x91...ceff,https://bscscan.com/tx/0xb9af1daec686e681554ad44829064d8981a52a20e55992710f4f86071329b598
2023-04-01 22:35:57,False,2.766e-10,8.769e-13,16221301368.0,0.1422,0x2a...4101,https://bscscan.com/tx/0x7beb20730d4d7c665409b878de9001d28e22c1635beb1b4fa0a35c276852d2ec
2023-04-01 22:35:39,False,2.766e-10,8.769e-13,4105125001.0,0.036,0x43...cbf7,https://bscscan.com/tx/0x5994e003aa3b888f9e4d997db3a6fcef838af7e10a9b08c4bc8b87e1eb810103
2023-04-01 22:34:42,False,2.747e-10,8.769e-13,16177188368.0,0.1418,0x60...b8fa,https://bscscan.com/tx/0xce60b3156185b060fb0d29788121519f465fa9fde49534570559a8f9be997ccb
2023-04-01 22:34:06,True,2.776e-10,8.813e-13,15000000000.0,0.1322,0x85...f219,https://bscscan.com/tx/0xa56107bf83067422cdc2c9ebb6917bb90f8150dacf5127589a78ab5e0d5a79eb
2023-04-01 22:31:36,False,2.763e-10,8.769e-13,14420246045.0,0.1264,0x66...43df,https://bscscan.com/tx/0xb5e5fe696b89c4a99b891a7c02875017d02bda43991e763b8a3b7c813d582f7a
2023-04-01 22:31:24,False,2.762e-10,8.769e-13,4105089001.0,0.036,0x43...cbf7,https://bscscan.com/tx/0xf51cec155fe6d1c1f099811fd806fadfa048afe94bb2a8e7cb7b60aeded03997
2023-04-01 22:30:39,False,2.762e-10,8.769e-13,832690755.0,0.0073,0xe8...c7bf,https://bscscan.com/tx/0xc1d01b8f3faa28a876061bcd1c02b88c4f87b78df84f257353fb05e93039040e
2023-04-01 22:30:09,False,2.762e-10,8.769e-13,892466106.0,0.0078,0x7b...c8ff,https://bscscan.com/tx/0x30134062d02f8115cee07557e15bf51e69a13762ec9764d061967b4f2f10f768
2023-04-01 22:28:27,True,2.762e-10,8.813e-13,52518904978.0,0.4628,0x01...74b8,https://bscscan.com/tx/0x31f1cdff97794c1572ed3f4e38ccdadf2d40d99a898aa830265764a09d0434e7
2023-04-01 22:27:33,True,2.776e-10,8.813e-13,22692826485.0,0.2,0x6e...54ea,https://bscscan.com/tx/0x62d0fc74ea48d0a333f4d4b71d85c3481227b027174580753e9d230e147b8903
2023-04-01 22:26:57,True,2.776e-10,8.813e-13,107458000009.0,0.947,0xf6...38f7,https://bscscan.com/tx/0x831dae2617c96c6bb2ea00efd9a2f035cbba3c5e912b05fc701b81db186a5cf9
2023-04-01 22:25:33,True,2.776e-10,8.812e-13,113473669160.0,1.0,0xf7...50ee,https://bscscan.com/tx/0xdf470354c9adda548489089c1a1411e24c3fc7ef9be4f7dfe7413b12765378ca
2023-04-01 22:25:21,True,2.762e-10,8.812e-13,5000000000.0,0.044,0x1b...cd55,https://bscscan.com/tx/0x4922a11ceb5c1b6899a212d1897b19fe4a4d315b0a3a4ab4588997c38de3c862
2023-04-01 22:25:09,True,2.776e-10,8.812e-13,71759900009.0,0.6323,0xf6...38f7,https://bscscan.com/tx/0xc9b2acabf634979afa5f83bae1a436877a179a354068c1506e3ca7c6ade94d11
2023-04-01 22:24:27,False,2.748e-10,8.768e-13,5982908949.0,0.0524,0x88...4232,https://bscscan.com/tx/0xdaa35f6484aaa978865ced967d7b8dfa309cac4956cb49c8530762762ac7a8de
2023-04-01 22:23:57,False,2.748e-10,8.768e-13,83049999127.0,0.7282,0x4b...ab85,https://bscscan.com/tx/0x6321f43b301d61d8ce3c795274a96d7c148146580e53e969ad183d7e0ac386cc
2023-04-01 22:16:06,False,2.748e-10,8.768e-13,19320002042.0,0.1694,0xf0...8d04,https://bscscan.com/tx/0xdd32a15bdbb2c73d8d99acd25c5534a010ea61d283a4899161d136475daf0fdc
2023-04-01 22:15:22,True,2.775e-10,8.812e-13,5090981120.0,0.0448,0x54...828f,https://bscscan.com/tx/0xdd4446c8a9725ee89b8fb5d3f52c4be4ee4dcc3d12ff6500e42551170688b035
2023-04-01 22:15:07,True,2.761e-10,8.812e-13,1929081368.0,0.017,0xba...ea99,https://bscscan.com/tx/0x59ddf21f2b87423eff679c86dc443ae03036f865c4d83dee66ce33eba7efb6e0
2023-04-01 22:14:10,False,2.761e-10,8.769e-13,436348611000.0,3.82651,0x87...edc2,https://bscscan.com/tx/0x6cb21aa1e0dfa814f2fef48655c0a02d2f8a4243dd2c433c47bf2421e51905f0
2023-04-01 22:13:49,False,2.748e-10,8.77e-13,20009049965.0,0.1754,0x1f...a8ae,https://bscscan.com/tx/0x9a715b1f559872cecbe5aff54e7d042a4854ae8206b55533a6f550c36c1584f7
2023-04-01 22:12:46,True,2.775e-10,8.814e-13,22690300001.0,0.2,0xfe...2765,https://bscscan.com/tx/0xa32ade22be6a87b878f5e7cdd4fefcf8172973172297468183dbefaf5c2bb0c0
2023-04-01 22:12:22,True,2.762e-10,8.814e-13,10000000000.0,0.0881,0x90...78ae,https://bscscan.com/tx/0x760ad87820cf8629c33feedbe2f47c176cec72426d7314b216ba5dff78601cfe
2023-04-01 22:11:58,True,2.776e-10,8.814e-13,3000000000.0,0.0264,0x98...d275,https://bscscan.com/tx/0x6415751a19cd98cd592e598ec7ca38ca3e2a8dd72e0cb54a3cedfc84db0e911c
2023-04-01 22:11:10,False,2.762e-10,8.77e-13,21947933979.0,0.1924,0xe9...18ae,https://bscscan.com/tx/0xe7d5c97956aee3c612ec9c84c44e5baaf438fbf6465f5947742c7849d22e2150
2023-04-01 22:09:04,True,2.776e-10,8.814e-13,28363056255.0,0.25,0x67...dbba,https://bscscan.com/tx/0xa186aa10196827dd0a2efcabc7f476a5229249b02950ddbb5b1397b6d77740a3
2023-04-01 22:08:34,True,2.762e-10,8.814e-13,13180718357.0,0.1161,0x3b...4747,https://bscscan.com/tx/0xcfb511d08bf5ff64880205ad36187674dafda50b070eccba2faf37520965e880
2023-04-01 22:07:52,False,2.748e-10,8.77e-13,66661200000.0,0.5846,0x3a...5b66,https://bscscan.com/tx/0x8706c6aeb47ae5a5440dacc9416e297fa8549be187629b365aca778ad82da9a2
2023-04-01 22:06:40,False,2.763e-10,8.77e-13,5205509612.0,0.0456,0xfa...9f2f,https://bscscan.com/tx/0x6589c555dc81d3bc557b5177a781e6b57712d1b2723eae3c77d5470b9a818380
2023-04-01 22:03:31,True,2.762e-10,8.814e-13,32106545223.0,0.283,0x22...bde5,https://bscscan.com/tx/0x29372967d5c3201d1a6b76e79c05f1044a55b2017da0b6d8a65d60818c15aa1e
2023-04-01 22:02:22,True,2.762e-10,8.814e-13,10000000.0,8.814e-06,0x9d...62b0,https://bscscan.com/tx/0xc8284b3dd9b7cf824cf15b1a3b30f65ae57ae41bd1b5a47b49ca0dd68b3682cb
2023-04-01 22:00:55,True,2.776e-10,8.814e-13,18038654376.0,0.159,0xb6...c0ba,https://bscscan.com/tx/0x654f761fb793ad9078a8c1aedd63a3c86f3c6a7e5a5d1d40fc2e977737951e2a
2023-04-01 22:00:43,True,2.776e-10,8.814e-13,26078290540.0,0.2298,0x2f...1c1b,https://bscscan.com/tx/0x06d6efaf5cf13ee99ea6eb394faca29a36d5010538c6012cd16f123e8f4dbef8
2023-04-01 21:59:52,True,2.762e-10,8.814e-13,11200771959.0,0.0987,0x6a...d328,https://bscscan.com/tx/0x701d76f8397ecdd0deac917ff3e7d33c1a77faa6574916578644bfff9e1c02ae
2023-04-01 21:59:46,True,2.762e-10,8.814e-13,1212158689.0,0.0106,0x99...5cf5,https://bscscan.com/tx/0xb157df0dec78f0c0b4b2fa099daa54f1edda9c6a58f9fe3deb64afd7d9bf445a
2023-04-01 21:59:31,False,2.749e-10,8.77e-13,104760965942.0,0.9187,0x4d...396b,https://bscscan.com/tx/0x71da46cbbc49c8c828fd5300e163ab5cb284adb86e460e1d30d3e1f242064dc0
2023-04-01 21:56:58,True,2.776e-10,8.814e-13,114629865314.0,1.01038,0x02...8d82,https://bscscan.com/tx/0x5523f785dc8b6d139e2c034c55088e28dffe94bf36d71672caa01836c52d7ebc
2023-04-01 21:56:49,True,2.776e-10,8.814e-13,56727591.0,5e-05,0xb4...6b63,https://bscscan.com/tx/0xf57616d5969cf309b5e93b817e25b119df338c401d6e2f517e6f40a819367683
2023-04-01 21:55:13,False,2.762e-10,8.77e-13,9000323263.0,0.0789,0xec...f611,https://bscscan.com/tx/0x6106f3c053f2a7857ebd9320b720a0662090cb1892494ee03d91ed00d966e71b
2023-04-01 21:54:34,False,2.748e-10,8.77e-13,5580000000.0,0.0489,0xec...f611,https://bscscan.com/tx/0xe0752fc78501155115ed2830e1df8eb4857b051147fd73679245c78556299644
2023-04-01 21:54:01,True,2.776e-10,8.814e-13,4321846775.0,0.038,0xb4...6b63,https://bscscan.com/tx/0x9e369363e13996d4fe68fdeb356bc5bfcdd3bf25d1426db8a68b210e3decb950
2023-04-01 21:53:55,True,2.776e-10,8.813e-13,236671000001.0,2.08592,0xcf...51be,https://bscscan.com/tx/0xb8a8642ea39e5dfa4d2eb0004eecd1ebb1d9a91450138df0ccec117e60d229ca
2023-04-01 21:52:39,True,2.775e-10,8.813e-13,1712284236.0,0.015,0xc1...b64f,https://bscscan.com/tx/0x48e167b19a1b9bb16f2a5795f4a6530d02bafc1855b9d754de9709425f51f6c3
2023-04-01 21:51:27,True,2.761e-10,8.813e-13,35467668087.0,0.3125,0x4d...ea73,https://bscscan.com/tx/0x388893f98007791531fa680ad47a7d26d4d0e45cdfabae45573f77eb11bb3cb7
2023-04-01 21:51:21,True,2.761e-10,8.812e-13,710319201.0,0.0062,0xff...cf75,https://bscscan.com/tx/0x580f3edddcce6899445332e25d1cc4da3148e163e8185f4cc2370f29660cf829
2023-04-01 21:50:24,True,2.761e-10,8.812e-13,3744498185.0,0.033,0x14...b398,https://bscscan.com/tx/0xa7ad45b2b057fe3596673eff9083e245da3a7f535ab3565594bce3136f86eca5
2023-04-01 21:48:45,False,2.748e-10,8.768e-13,1673674411.0,0.0146,0x94...28ff,https://bscscan.com/tx/0x107341252547fc1af4247bc78dd7cb8a1656496bb85c0bce6085349e2c2bc913
2023-04-01 21:47:54,False,2.762e-10,8.768e-13,13157678168.0,0.1153,0x07...14ad,https://bscscan.com/tx/0x5795a9a5ce4377a4fa35aa6ba1521f5dc4a65206b140da4450a726aa29164d75
2023-04-01 21:47:06,False,2.762e-10,8.769e-13,22316648296.0,0.1957,0x85...171c,https://bscscan.com/tx/0x3ce9729995c14fd61477d0e510e4cb07b690a4f4f423fc13a36f791a20b34b55
2023-04-01 21:46:18,True,2.776e-10,8.813e-13,2113710000.0,0.0186,0x8a...ae8d,https://bscscan.com/tx/0x8f0a7266f1bcf02298bedcf912073d60c453ef2a978b08834aed1c3e9ef84fb4
2023-04-01 21:44:45,True,2.776e-10,8.813e-13,141765831.0,0.0012,0xe9...a4e0,https://bscscan.com/tx/0x2767d4f3822acbc4bf5465d51fd45a3e794363468bf52d8aeaac69b38fdf1c97
2023-04-01 21:43:39,False,2.762e-10,8.769e-13,18312257407.0,0.1605,0x3b...17d2,https://bscscan.com/tx/0x22d813b791127b7a0416fbd52d09d4fc3734bf785c373bad31236869e273eff1
2023-04-01 21:43:09,True,2.762e-10,8.813e-13,145129852.0,0.0012,0xe9...a4e0,https://bscscan.com/tx/0x64e9869e0c515a22a25d2a6a11cd7df6ed2c5d5b298d63540fa0b2b7f349cf76
2023-04-01 21:42:57,True,2.762e-10,8.813e-13,7428771426.0,0.0654,0x08...2721,https://bscscan.com/tx/0xcb6336c94158a2550a3a9d3109b3ef8c30758aa30455599b27785ba226b14ae1
2023-04-01 21:41:27,False,2.762e-10,8.769e-13,845221445.0,0.0074,0x49...932d,https://bscscan.com/tx/0x849241fc9b6537c1218241988306a4dd4beeeb0d95859ada82b58b18146ba166
2023-04-01 21:40:33,True,2.762e-10,8.813e-13,6150868950.0,0.0542,0x15...4042,https://bscscan.com/tx/0x6af5d1229ed229776dbfa67e6c8343e7943d5f0a688d8c75c4ff9185d6b4bcc3
2023-04-01 21:38:45,True,2.776e-10,8.813e-13,12771133975.0,0.1125,0x97...415d,https://bscscan.com/tx/0x8029a0c52841208828952f8a5900f24ff602b78a7d76ce7b86ef58255746a086
2023-04-01 21:37:51,True,2.762e-10,8.812e-13,21640344125.0,0.1907,0xea...a24d,https://bscscan.com/tx/0x6fd67079b430d6e1c29ef68d034ba78f4a870f5098ff628e93bbab66e12eb0e5
2023-04-01 21:37:33,True,2.762e-10,8.812e-13,18722539941.0,0.165,0x8d...f12d,https://bscscan.com/tx/0x4285abea7593e9ad3e57072630c4dc5ebb33ef1fcde89062a08abca017581531
2023-04-01 21:36:21,True,2.762e-10,8.812e-13,175970486866.0,1.55074,0x5e...ae83,https://bscscan.com/tx/0x0bc79f57613e02de142abbe06b264be24e3e9b98925413dcbfe35a850ed60902
2023-04-01 21:35:57,False,2.762e-10,8.768e-13,3064230000.0,0.0268,0xf4...8690,https://bscscan.com/tx/0x2dd91e22ea0626de0657ad6287d200e7e6899fd638ca95d76fec65fd53cf1791
2023-04-01 21:34:30,False,2.762e-10,8.768e-13,27693630000.0,0.2428,0xf4...8690,https://bscscan.com/tx/0xf5c2ef4932f3d713a50c4fd58a2acc1ae894768ed62ada7d47b00ffcefcaf64a
2023-04-01 21:34:27,False,2.762e-10,8.768e-13,7287122615.0,0.0639,0xb5...92e1,https://bscscan.com/tx/0xeeed3b23f98329ff4ef14894ddc1b94b16238640261430fb53957a8d6f3b12e5
2023-04-01 21:34:09,True,2.775e-10,8.812e-13,805196250.0,0.0071,0xaf...191d,https://bscscan.com/tx/0xe44eb5a5f5ee9b70f79579380d65d594c8e6b9846e462c9d499971329f5511a1
2023-04-01 21:33:24,True,2.775e-10,8.812e-13,425639000.0,0.0037,0x05...d4d8,https://bscscan.com/tx/0xae0873aab5349dd006725407234e98e43dc738663382620358e21203150f0d6f
2023-04-01 21:31:51,True,2.775e-10,8.812e-13,45391697590.0,0.4,0x57...e7f3,https://bscscan.com/tx/0x3eb41424f0bfc9da8881c97d598c0d80e3b3834453f09704be1fcfaef771c200
2023-04-01 21:27:57,True,2.776e-10,8.812e-13,14879049717.0,0.1311,0x55...cfad,https://bscscan.com/tx/0x062632b5036d0c8302cde5fceed4253d081596fc111f5dd50cc9900e4428e03b
2023-04-01 21:27:39,False,2.762e-10,8.768e-13,14835709675.0,0.13,0xe4...2b05,https://bscscan.com/tx/0xe342837e4a26957242620534f8bf02c4ebeeff1ec23db7315d24cb39465e8f2a
2023-04-01 21:26:48,True,2.776e-10,8.812e-13,50.0,4.406e-11,0x4d...ea73,https://bscscan.com/tx/0x63037cb946e06bcba12fe626c6f13c3ec80533d50d19b06aea4ad2a8cb062892
2023-04-01 21:25:18,False,2.762e-10,8.768e-13,121759555072.0,1.06763,0xe4...9af4,https://bscscan.com/tx/0xc2a3e6e67761d09855560dc07b1f1044f54f24973905bc807f2cd3ab886a36da
2023-04-01 21:22:48,True,2.776e-10,8.812e-13,566644333.0,0.0049,0xfd...17c9,https://bscscan.com/tx/0x6a1c315942f116db1cfd3323b56496a9cfa1bda7d06d44b328f18f00a8c19886
2023-04-01 21:22:30,False,2.762e-10,8.768e-13,4282266551.0,0.0375,0x74...0223,https://bscscan.com/tx/0xee2ae591a7b4d1002ad43285ec9e4b0434b670e9b66ad998324a1d0836501cf8
2023-04-01 21:20:45,False,2.748e-10,8.768e-13,16769613093.0,0.147,0x41...c440,https://bscscan.com/tx/0xe3483a13cb43b861893f224adcd20d52b5bd24f4f2098b70489117cd5c4352a2
2023-04-01 21:20:33,False,2.762e-10,8.768e-13,5889293609.0,0.0516,0x6c...088b,https://bscscan.com/tx/0xdf2b66da396f48a068d7af59f2b59d882d0af9f8babaef61dfc0e5131593af75
2023-04-01 21:17:36,True,2.775e-10,8.812e-13,6513366834.0,0.0574,0x08...9dca,https://bscscan.com/tx/0x41cb93983e60a3448dc94df5e2525552d99e2ab3b2c25044b11b1f29ec802d19
2023-04-01 21:16:51,False,2.748e-10,8.768e-13,2170504823.0,0.019,0x44...f428,https://bscscan.com/tx/0x1d80454e046b8aad3c3d8fc3367b345154592ff15b989cb0461506e9e9bed4fc
2023-04-01 21:16:18,True,2.775e-10,8.812e-13,8022330001.0,0.0707,0xa7...27f2,https://bscscan.com/tx/0x1b6cb31e26bac62d2c2f6b82e9a42529ebeadb150418b7638fcdb49418ba4de4
2023-04-01 21:14:24,True,2.775e-10,8.812e-13,93886887006.0,0.8273,0xfa...666b,https://bscscan.com/tx/0x4edd64921ff0715df0ac54917ba2637ef537910db8a204ecd41756cb372797a3
2023-04-01 21:10:43,True,2.775e-10,8.812e-13,5545537543.0,0.0488,0x22...b5aa,https://bscscan.com/tx/0x64b0133f861f6441c4d7bd9c729085053ec7d2d35d9812cd5d4fe89ce63922b9
2023-04-01 21:09:34,False,2.762e-10,8.768e-13,364768956455.0,3.19866,0xb8...87ef,https://bscscan.com/tx/0x001a4e90028b0a389e14452836d5ab8113e53ac67a30a4a6fb6a562c01593012
2023-04-01 21:09:25,True,2.776e-10,8.813e-13,484689661.0,0.0042,0x9a...a448,https://bscscan.com/tx/0x5b1d775ae2f1f71bd4549f878ebc76a41bd6a875417d4428c17bf947dc160354
2023-04-01 21:09:19,True,2.776e-10,8.813e-13,5672947293.0,0.05,0xfb...70fa,https://bscscan.com/tx/0xadeff4a34295296545044df8d111362bcae6b59ffd924b24ecf4d1e323b21ac4
2023-04-01 21:08:16,True,2.777e-10,8.813e-13,33652635447.0,0.2966,0xf4...d691,https://bscscan.com/tx/0x993f9cecf9b2384dc2782494026bba227491e887203242756672ccb39aff5525
2023-04-01 21:05:55,True,2.775e-10,8.813e-13,97200000000.0,0.8566,0xe3...7638,https://bscscan.com/tx/0x5f23a04e84b7ead72d6cf4fc7da27dcc0ad4873cd7b816dd8b18eff59c3bcc5b
2023-04-01 21:05:49,False,2.761e-10,8.769e-13,13142975369.0,0.1152,0x30...d81b,https://bscscan.com/tx/0x127ca194e360c26c47ea86a62fd41d39ab8a4a730a083582c241270de14cf08f
2023-04-01 21:03:34,True,2.775e-10,8.813e-13,4697476745.0,0.0414,0xe1...5d7b,https://bscscan.com/tx/0x6e4a7aa14b58c275a617d7f4fc123bfdcb46d1fc7aa6977c4226552c8794e5aa
2023-04-01 21:03:25,False,2.761e-10,8.769e-13,31194000000.0,0.2735,0x5d...2827,https://bscscan.com/tx/0x56274a4bd6912b1fe91546ca3f12b86b7639aec666fdfce201f368e5330626c5
2023-04-01 21:02:28,True,2.761e-10,8.813e-13,6153272667.0,0.0542,0x15...4042,https://bscscan.com/tx/0x0b2635354e50962addef8d36a73df6d7094a657b4e24a97b6018fab992184e12
2023-04-01 21:02:13,True,2.775e-10,8.813e-13,31241681121.0,0.2753,0x08...2721,https://bscscan.com/tx/0x600582e79efee65e860f3408a2af12637376e219c7aa9cf615c451c4d8a16391
2023-04-01 21:01:35,True,2.761e-10,8.813e-13,20742569069.0,0.1828,0xa4...0cbd,https://bscscan.com/tx/0x27369790673d440bf1e139370b84b36a43143148a31a06b82651d08cabaaed3a
2023-04-01 21:00:47,True,2.761e-10,8.813e-13,363095001.0,0.0032,0x06...7478,https://bscscan.com/tx/0x975606af7f5a189a2ad3c37f51b970856b080d8dafb550976ee14884a49f7e0f
2023-04-01 21:00:11,True,2.761e-10,8.813e-13,3500000000.0,0.0308,0xc0...5d49,https://bscscan.com/tx/0xdbb110d7d469c632021352a868f0c174beeeeb84fa4583733139d3f229e4f7e0
