datetime,buy_order,price_USD,price_native,amount_token,total_native,maker,etherscan_url
2023-03-31 09:20:23,True,2.778e-10,8.771e-13,17100324320.0,0.15,0x66...0a4f,https://bscscan.com/tx/0x81472273e846846b477e5d631a760249596ddfe86020ae62e35cbd81a93861a6
2023-03-31 09:19:20,False,2.764e-10,8.727e-13,7068824111.0,0.0617,0xc0...6720,https://bscscan.com/tx/0x47cd6274e1772c54b4213c950a981cfac082260d67d5b810858ebc35600f45cf
2023-03-31 09:18:11,True,2.764e-10,8.771e-13,20939530682.0,0.1836,0x3f...b92a,https://bscscan.com/tx/0xd90601194c883b9227aa68fbbcf6d4f3852d5ee9b7458b7e0328978a48aa7b46
2023-03-31 09:18:05,True,2.764e-10,8.771e-13,101378127273.0,0.8892,0xda...e7aa,https://bscscan.com/tx/0xbb4e74dfa6177efa1ba4edc8678dfe1a99487ae21c68cacc4ab7b4724e1e1a2d
2023-03-31 09:16:38,True,2.757e-10,8.748e-13,10675784715698.0,93.4015,0xb9...f731,https://bscscan.com/tx/0x2b538ad53adb0faf5f54e4a9666026f92645b1dbf8e74cbe189f0d3085e47601
2023-03-31 09:16:32,True,2.75e-10,8.726e-13,11160000000.0,0.0973,0x6c...6fc9,https://bscscan.com/tx/0x978dbc21fba42ff7e1c767dee8aa37120b1b86714586153d701e65e639918aaa
2023-03-31 09:16:17,True,2.75e-10,8.726e-13,30570700001.0,0.2667,0xdd...1f30,https://bscscan.com/tx/0xe9e3553521cc522f8ca31860bd203078392f2d20a5498a9349c3cef64a5358dd
2023-03-31 09:15:53,True,2.764e-10,8.726e-13,40000000000.0,0.349,0xe4...9432,https://bscscan.com/tx/0x28bc024770a542e7fab40b37b5e19ea208d67e58f15d099e4a25335225180fe1
2023-03-31 09:15:41,True,2.764e-10,8.726e-13,73344831307.0,0.64,0x61...47b1,https://bscscan.com/tx/0x3aebb8fa12238ded04e2e17284859ab3193671d6885e36782c1ae331a1955802
2023-03-31 09:15:29,True,2.75e-10,8.726e-13,22694506555.0,0.198,0x97...069d,https://bscscan.com/tx/0x42f70e5cd5956df1fb3cfe8cb97ee290ac1751efe6a18857345263d7a52c0169
2023-03-31 09:14:53,True,2.75e-10,8.725e-13,5930419761.0,0.0517,0x7f...edba,https://bscscan.com/tx/0xa30566a71c7de5e9c99b06c4bcb2ad0270c5a29a8fd8bb7a0751ed653b24f125
2023-03-31 09:14:53,True,2.75e-10,8.725e-13,4584041510.0,0.04,0x4b...ea31,https://bscscan.com/tx/0x77f854003e26df0409aafde41576ddf95afedb6962265dc16c185abed7b05e56
2023-03-31 09:14:44,False,2.736e-10,8.682e-13,2392873799.0,0.0207,0x4e...4b76,https://bscscan.com/tx/0x24cb9d4ebe77896700313f4b4cb943a742b582c8c67368a84e16e5053ef6ed31
2023-03-31 09:14:29,True,2.75e-10,8.725e-13,91030722009.0,0.7943,0x1a...6298,https://bscscan.com/tx/0x6d0f8e75ac2882c109f858273c57ecd6c40d08e357b6e7ba594b03f9f47bb5e1
2023-03-31 09:12:59,True,2.75e-10,8.725e-13,2293990001.0,0.02,0x25...9259,https://bscscan.com/tx/0x283089ba1ecbc569bc7e8b5f9d011a5cf877fe2b382ce123d27f6e5aa517b5e0
2023-03-31 09:12:15,True,2.764e-10,8.725e-13,2698829808.0,0.0235,0x17...4129,https://bscscan.com/tx/0xdb789059f82099eca56cdce38b31b2a25aa9dd2702bea66394bb1d4bac8afe39
2023-03-31 09:11:21,True,2.75e-10,8.725e-13,134178875409.0,1.17074,0x4d...f04a,https://bscscan.com/tx/0x898fa3467b07d58530c14b4c7c5fbaef22af819a9d6d117086b9e32fbe86a6ef
2023-03-31 09:11:12,True,2.75e-10,8.724e-13,22922800000.0,0.2,0xd7...bb3a,https://bscscan.com/tx/0x84581c36d8ae43d022199cb92893c7221200714b9ea886b7955e1622dcd21e40
2023-03-31 09:10:12,True,2.749e-10,8.724e-13,18000000000.0,0.157,0xcd...213e,https://bscscan.com/tx/0x5b16d979bd40506268fe955ec3a47b8e01af04f3ac39017322daa1326c0ead50
2023-03-31 09:09:45,True,2.749e-10,8.724e-13,17400000000.0,0.1518,0xd2...b465,https://bscscan.com/tx/0x37cd49cfc25cd87b528efdecf602b7f49b98efba7b89d3e2f7f50d8f3f2e68ee
2023-03-31 09:09:45,True,2.749e-10,8.724e-13,4095766167.0,0.0357,0x8c...11b1,https://bscscan.com/tx/0x9521245dfeda3358ed803cfa377df7a1c930d5c5021c4469a139863efdaece4c
2023-03-31 09:09:39,True,2.748e-10,8.72e-13,2089247491855.0,18.219,0x5a...ea8a,https://bscscan.com/tx/0x1b4d64ce1f2258d8c796f0ddcb977df77867916d2cd2963d3582455a6735aad6
2023-03-31 09:09:24,True,2.746e-10,8.715e-13,25799611866.0,0.2248,0x49...5835,https://bscscan.com/tx/0x1784e4db381db66117fed05323ebe96af0704f8de1fd498c3207595cb5af43d3
2023-03-31 09:08:54,True,2.746e-10,8.715e-13,14990371403.0,0.1306,0x33...3d56,https://bscscan.com/tx/0xd5855bd4c638f3669b7e89b31aee7f84e1089c3a7053f0a0c8f53d6b639cb7e2
2023-03-31 09:08:48,True,2.746e-10,8.715e-13,8085125107.0,0.0704,0x17...d2d2,https://bscscan.com/tx/0x0891987c768ab7e7f40f4b6700ad276f04f3f7fe393639dd8f4d4e5065cd967f
2023-03-31 09:08:36,True,2.76e-10,8.715e-13,2492355881.0,0.0217,0xd9...2fdd,https://bscscan.com/tx/0xaec029bb93d6d7f2c64e7a054ffa0cc683c7d4ac769428ec2edd1a0cd553bfc0
2023-03-31 09:08:27,True,2.76e-10,8.715e-13,3625449200.0,0.0316,0xba...4931,https://bscscan.com/tx/0x7a9a4e92c9f59343b65c5330f2a67db986909e8629e15c6a7dad7641fd35fdec
2023-03-31 09:08:18,True,2.761e-10,8.72e-13,8027375919.0,0.07,0x28...3cae,https://bscscan.com/tx/0xb65649d511b82e152a30f5b9190895423fd7a266dbc10db9387ebbe019a9abbf
2023-03-31 09:08:18,True,2.76e-10,8.715e-13,17669191825.0,0.154,0x8d...f99c,https://bscscan.com/tx/0xc57616fe528255be6f4e93dd3ab487460883d3b0c510b305e785d4e5c341e403
2023-03-31 09:08:12,True,2.76e-10,8.715e-13,4200000000.0,0.0366,0xf5...ce20,https://bscscan.com/tx/0x66082efb5ddaa45346520194495fedfdd52b5ab46fbd00d84dd37a16cbe8839b
2023-03-31 09:08:06,True,2.76e-10,8.715e-13,36410332991.0,0.3173,0xfc...1bd7,https://bscscan.com/tx/0x6e08e78c88abcc9e733b5fff67a98d6db4647cb7352151c418689b2e5b7a503c
2023-03-31 09:06:36,True,2.746e-10,8.715e-13,2000000000.0,0.0174,0x2f...a703,https://bscscan.com/tx/0x93bbf4070c9cc108658b6d76230d513f13273efcf1e7196f890ccdcdf93d00f8
2023-03-31 09:06:27,True,2.746e-10,8.715e-13,7523028972.0,0.0655,0x83...055b,https://bscscan.com/tx/0x7a4628b45800d651e00bbb604095850913202d14621b6de091391ee8dc599be4
2023-03-31 09:05:39,True,2.745e-10,8.715e-13,18356325465.0,0.1599,0xdb...aa29,https://bscscan.com/tx/0x5979ce25c6f06812e6dceb62ba3ef5418ea8fd92a819efe440949d7418af1b0f
2023-03-31 09:05:33,True,2.746e-10,8.715e-13,13768700001.0,0.12,0x20...962f,https://bscscan.com/tx/0xf4462c39e036e9483ef97cdee354eb48052391b99b7d4188c0de69796fd7fbc6
2023-03-31 09:04:45,True,2.76e-10,8.715e-13,7694174192.0,0.067,0x61...b8f5,https://bscscan.com/tx/0xfcbcadf47ac3038172ca3b2dc41afb4c48020a6e22311f2e4e2579e1f660fe7e
2023-03-31 09:04:30,True,2.76e-10,8.715e-13,4811047774.0,0.0419,0x0f...38b4,https://bscscan.com/tx/0x741585604763f30a9ecbf070dbaa5692aa82cb8ec9e34bc556ad66b9e2de7151
2023-03-31 09:04:18,True,2.745e-10,8.713e-13,757425112328.0,6.6,0x48...70eb,https://bscscan.com/tx/0x56679eb04f1ea597b50280d0e6574694b931c893807555c51abb4a38b8682de2
2023-03-31 09:04:06,False,2.745e-10,8.668e-13,1051104390.0,0.0091,0xf6...dd71,https://bscscan.com/tx/0x3cfdb6225d4e57fdff138703cc5621f8873e9d9528b11cae028441a024b8d971
2023-03-31 09:03:42,True,2.745e-10,8.712e-13,32172408942.0,0.2802,0x1a...2873,https://bscscan.com/tx/0x5100d88cc59b00328f1baa0e4143ac873c655c891e733e92ab15fcd7a93d3536
2023-03-31 09:03:30,True,2.759e-10,8.712e-13,13211413409.0,0.1151,0xcd...ddd5,https://bscscan.com/tx/0x16d63edba58bb5ab0dfc36e7aa53ce3e24474c645a6b724376a5971b6475596d
2023-03-31 09:03:27,True,2.758e-10,8.711e-13,2459339347.0,0.0214,0xb3...ea70,https://bscscan.com/tx/0x2fd41c58c8b4fe4369e16adb21792e0abf5593464231b4e58c468740c8f01c25
2023-03-31 09:03:15,True,2.744e-10,8.71e-13,765207648005.0,6.66525,0xd7...1e51,https://bscscan.com/tx/0xb2c0234369a6b420c8dcc9d7f431af77a511421a692e5385b142feb3eef2914b
2023-03-31 09:03:03,False,2.744e-10,8.665e-13,36397779477.0,0.3154,0x2f...6750,https://bscscan.com/tx/0x08fbb217df047e301683afe8e430150dec912baac8efef9b6e2bbb272df96062
2023-03-31 09:03:03,False,2.744e-10,8.665e-13,47966794848.0,0.4156,0xdf...2030,https://bscscan.com/tx/0x588e9ff3b23aa2ba2f704b3bcc0283fb8d9cc6bc6c3c3bb5b48f49192b81dcea
2023-03-31 09:02:57,True,2.758e-10,8.709e-13,32252389572.0,0.2808,0xe6...4441,https://bscscan.com/tx/0x6ed0f2c23c79a9adf98d56974bd3d01a57e65dcc92d623874198ed94a66fcc0e
2023-03-31 09:02:54,True,2.758e-10,8.708e-13,90976535017.0,0.7923,0x21...85ac,https://bscscan.com/tx/0x32ade3989073e5a956de3bea68e2241c9d93f6506d3116cef5eedfc90d3adf6f
2023-03-31 09:02:09,False,2.73e-10,8.665e-13,23225859360.0,0.2012,0xaa...f1b9,https://bscscan.com/tx/0xc0af39ce3e7301fe2e21b0a6d48accf8c1daec3048d1f0287fbe2872ae77b817
2023-03-31 09:01:48,True,2.758e-10,8.708e-13,14697942825.0,0.128,0xca...ed15,https://bscscan.com/tx/0xde08f6f2e649dc18bb260a9618c9ff9e18bea4e28e29820293cd139f5d2dd795
2023-03-31 09:01:27,True,2.744e-10,8.708e-13,13901600099.0,0.121,0xd9...efce,https://bscscan.com/tx/0x602d446e4fbdc71de5224cc02ea154f99859f55a4b60d0e581d997083397fe88
2023-03-31 09:01:15,True,2.744e-10,8.708e-13,2381477003.0,0.0207,0x4b...bab1,https://bscscan.com/tx/0xc222989a5d58cec6554de63ebc8dc9bf8ae07895501f7cbbd443777844dfd76e
2023-03-31 09:00:27,True,2.757e-10,8.708e-13,27627704211.0,0.2406,0xac...055c,https://bscscan.com/tx/0xcd0bde0c0e7a1ec4f8dce75a019a75b897683672cd719348bb9ce6119549fbad
2023-03-31 09:00:12,True,2.757e-10,8.707e-13,361410377909.0,3.14707,0x13...df72,https://bscscan.com/tx/0xc01cdf3d5e0ef0af3a23778b3ebfaa56fcbcc36d26930b3fbe93dea80510f5c0
2023-03-31 08:59:36,True,2.743e-10,8.706e-13,18880407385.0,0.1643,0xd5...fcfe,https://bscscan.com/tx/0x0696b7f404eb17414f3afee2fd7c203ced3b6e03364a5bcf51f30e8f11f9cd20
2023-03-31 08:59:33,True,2.743e-10,8.706e-13,10000000000.0,0.087,0x9d...7533,https://bscscan.com/tx/0x6d3c12cbfae2dcf3faa2b7d13041af1100a3a1bcf09fa15957c0d2bb78c6ba9a
2023-03-31 08:59:09,True,2.757e-10,8.706e-13,26483464310.0,0.2305,0xa2...4c9c,https://bscscan.com/tx/0x921908b6cbb671bfed094d6059e7d0d742526cdcaa429b7e27e051f636d2b893
2023-03-31 08:59:09,True,2.757e-10,8.706e-13,1000000000.0,0.0087,0x82...25cb,https://bscscan.com/tx/0x35a3767a194a9ae3a5680bbdfedfef662ce30edaa969c8abb9c7975240ca051c
2023-03-31 08:58:51,True,2.743e-10,8.706e-13,36000000001.0,0.3134,0x7a...9cc7,https://bscscan.com/tx/0x8387a05477d1ed4d9bc27591b692905287b90fb4e680e173e9c74358e3e63698
2023-03-31 08:58:48,True,2.743e-10,8.706e-13,59392233970.0,0.5171,0x9b...5537,https://bscscan.com/tx/0x044c0c6e48a7ac6c6bd2fc7d36cd03c8ae722b9070f312b8bdf24af2db3b3118
2023-03-31 08:57:42,True,2.743e-10,8.706e-13,978155000.0,0.0085,0x7a...82b5,https://bscscan.com/tx/0xde0780491fabf1d8f3cb9dcfda7777f62b29a5d029f84e6183b041885aa00f24
2023-03-31 08:57:42,True,2.743e-10,8.706e-13,7239364416.0,0.063,0x09...ba79,https://bscscan.com/tx/0x3e7b8cabe2c30297ecfcfd0acc5ec60220cf678323de35dcf42f0dc794c34ac5
2023-03-31 08:57:30,True,2.743e-10,8.706e-13,26590867970.0,0.2315,0x5f...192e,https://bscscan.com/tx/0x8e31a73803fde615be6c12735ec33c471bd9bf4b6f2d4cde59c593dc87406931
2023-03-31 08:57:18,False,2.743e-10,8.664e-13,615689199798.0,5.33434,0x7e...b8c2,https://bscscan.com/tx/0x407e28f864598f19c67b4eeeb4428b0aec660fc7d96caf14faa2fe51086ad3c3
2023-03-31 08:57:03,True,2.758e-10,8.708e-13,1000000000.0,0.0087,0x82...25cb,https://bscscan.com/tx/0x09271f8098264e079e5fe40851de11a1dc52d37aa2dc64a6e1fa1aa29304b436
2023-03-31 08:56:51,True,2.757e-10,8.708e-13,138560804782.0,1.20665,0x1b...211d,https://bscscan.com/tx/0xc69ac0382ef8a65b2aa7017cfc313be7dad36ba255c711330cb8120886c03963
2023-03-31 08:56:33,True,2.757e-10,8.708e-13,5000000000.0,0.0435,0x3b...cf93,https://bscscan.com/tx/0x15807c76cbd67321f7239cc19e0a28d816e3eefc822fc3f958c6860305b98b0c
2023-03-31 08:55:51,True,2.758e-10,8.708e-13,13780216650.0,0.12,0x12...b903,https://bscscan.com/tx/0x579eda52dda79cdd40ad0f1c64a92452e207e9b94c3b3031c639deef2e7e6023
2023-03-31 08:55:36,True,2.758e-10,8.708e-13,4593425617.0,0.04,0x44...1e7a,https://bscscan.com/tx/0x063dba20085acb4f7390186f6571383ecbbb443f56d02722e83b02f0a0624cb9
2023-03-31 08:54:24,True,2.758e-10,8.708e-13,2067044801.0,0.018,0xa4...09e4,https://bscscan.com/tx/0x3758e6addcd6d40603483da2128a2e01b9c09655e0d4feba14ea5473d1d84f77
2023-03-31 08:54:18,False,2.744e-10,8.664e-13,75667275662.0,0.6556,0xa1...aa5c,https://bscscan.com/tx/0x4b841569a52bfe42a6b30662e117fa3d233f6c51de9d08fdf65164b5c6cc38bb
2023-03-31 08:53:57,True,2.758e-10,8.708e-13,4213323691.0,0.0366,0x62...0dee,https://bscscan.com/tx/0x1b1db5d025113438f9654c79425bae81f73020e4748c01174511d782a3c270d6
2023-03-31 08:53:48,True,2.744e-10,8.708e-13,41006000000.0,0.357,0x22...147a,https://bscscan.com/tx/0xf4ec88ad4c034fbd1f6af6c8ecb218c3af24a4571cc2dff02c93e192358327ba
2023-03-31 08:53:30,True,2.744e-10,8.708e-13,2526354477.0,0.022,0x76...fee3,https://bscscan.com/tx/0x4decb4caa060026de47f90fcb1db96cad89c4aecdcad37079221caaa96975db0
2023-03-31 08:52:48,True,2.744e-10,8.708e-13,59896750569.0,0.5215,0x19...9a46,https://bscscan.com/tx/0x9046767e65ba9d07487ac0dd0435f1e036e7d1376087fe79049164018e712a21
2023-03-31 08:52:39,True,2.744e-10,8.707e-13,22829297081.0,0.1988,0xf8...61f7,https://bscscan.com/tx/0xaa712f0aeb89be1e656b9b2c07f153e1899f6f024f8c251713bc1dbfbf95d72f
2023-03-31 08:52:00,True,2.757e-10,8.707e-13,18227381999.0,0.1587,0x6d...c6cf,https://bscscan.com/tx/0x1e6d2f8abcf490e12c15079787577509f78fa8e98427f797c79f1db23ebc0f44
2023-03-31 08:51:57,True,2.757e-10,8.707e-13,6509948001.0,0.0566,0xc1...7a50,https://bscscan.com/tx/0xc0388b1d3783cc43c76e78d6c200af7e6bb278c68190da87f34b815ba318919d
2023-03-31 08:51:36,True,2.757e-10,8.707e-13,206722602897.0,1.8,0xff...4edf,https://bscscan.com/tx/0xe698b525718b81e3e61bf7fa79467219de537e035dccaa433bf866b62c7b071f
2023-03-31 08:51:30,False,2.743e-10,8.663e-13,21557727382.0,0.1867,0x0d...254a,https://bscscan.com/tx/0x19b2cd8d2dcf5a8c9e47e62b6b36eb42d8fb54d3752cfe073796a8c316a3567c
2023-03-31 08:51:24,True,2.756e-10,8.706e-13,406597794139.0,3.5399,0x1f...65cd,https://bscscan.com/tx/0x61022858499e695cfe5540ecd10ced32664bf4810f0e51324fc2b049976e4dce
2023-03-31 08:51:18,True,2.742e-10,8.705e-13,13961552543.0,0.1215,0xd1...0e37,https://bscscan.com/tx/0x99ff3b46b2f655d135cb4a9c5f6aa8d47e0f2afd3eed18c1f4bf3af6868ff688
2023-03-31 08:50:45,True,2.756e-10,8.705e-13,1828435638.0,0.0159,0xc7...d71c,https://bscscan.com/tx/0x8b15407ee3328015e8e1cef70181ec764eda9c9b7fccc7139abf50d53cc4b4b2
2023-03-31 08:50:45,True,2.756e-10,8.705e-13,33313561761.0,0.29,0x48...132d,https://bscscan.com/tx/0x569dba62d79974861201f9310a3b9b05b271d13ba0ba9da2ebfd6c34196328ac
2023-03-31 08:50:03,True,2.756e-10,8.704e-13,69241045775.0,0.6027,0x4d...f04a,https://bscscan.com/tx/0xdfc345d30cd9614662ee2079944ee2ea134f2741ef46e9ceab707ad601075e27
2023-03-31 08:49:57,True,2.756e-10,8.704e-13,73523875774.0,0.64,0x89...16f2,https://bscscan.com/tx/0x22c1720747a739b23d96371767bab03185618b1d28bde17c085f47f3000e1ea9
2023-03-31 08:49:48,True,2.756e-10,8.704e-13,19530211476.0,0.17,0xa0...eda2,https://bscscan.com/tx/0xdc245b9775a807ac9c018f4037cd03638a29060564bcc1f90c91f98597a7e574
2023-03-31 08:49:30,True,2.756e-10,8.704e-13,100000000000.0,0.8704,0xf0...b63c,https://bscscan.com/tx/0x90c1b171099d89c60044a320f4361f8d82cdd794c72971485997b5de375ac12d
2023-03-31 08:49:27,False,2.742e-10,8.66e-13,4535110697.0,0.0392,0x20...aaaa,https://bscscan.com/tx/0x80d6c579312d91df15e66872796174ca1e196bc5342acd86a18e8c873696bd2d
2023-03-31 08:49:21,True,2.756e-10,8.704e-13,402112757.0,0.0035,0xed...ce4e,https://bscscan.com/tx/0x754d98791911c23f919d5a726254cf24a7c588d21a3fcc82d427649d61e2a09e
2023-03-31 08:49:09,True,2.756e-10,8.703e-13,13557954851.0,0.118,0xf6...da54,https://bscscan.com/tx/0x56d377ffe92f0216b0c8990a1ab6e11b760ed36c16aa976b8f8b58de3dafc066
2023-03-31 08:48:54,True,2.755e-10,8.703e-13,2957751229.0,0.0257,0x80...05fa,https://bscscan.com/tx/0xfcd188dac5f6cca2084474eb015bdde5909a5f31ead9e01551c153dd7af7f4d7
2023-03-31 08:48:48,True,2.755e-10,8.703e-13,31614800001.0,0.2751,0x95...d5ed,https://bscscan.com/tx/0x048496970f8de122b1c80d7633a9c62b166d0ce5946988d1fded499a61799e30
2023-03-31 08:48:45,True,2.755e-10,8.703e-13,161000920749.0,1.40127,0xce...e345,https://bscscan.com/tx/0xa23964a80d7c48a6abe479eb85d582f30af51128f5e1af55d330f01b5b81a0ff
2023-03-31 08:48:45,True,2.755e-10,8.703e-13,22405775646.0,0.195,0xb3...b5b5,https://bscscan.com/tx/0xefcf1bd5361dbf997e4ac3d74b355f909c9762a59b5f576feb11294f49ec542c
2023-03-31 08:48:36,True,2.755e-10,8.703e-13,884677334.0,0.0077,0xed...ce4e,https://bscscan.com/tx/0xa4d84d436cbfea4e24f861e36b16b623a4207d29389fa3f107f9f5e6fd453bc0
2023-03-31 08:48:24,True,2.741e-10,8.703e-13,549969000.0,0.0047,0x7a...82b5,https://bscscan.com/tx/0x105b4e1160c73a54e76c75e4db4ff05c63306d37e63eb67c32598f6ec2d71e29
2023-03-31 08:48:06,True,2.755e-10,8.703e-13,1149021350.0,0.01,0x06...9cf4,https://bscscan.com/tx/0xd88384c7b0b8546b11dce21cd6b6629ade0ea00f8d793fc722f0355aa0cc1be7
2023-03-31 08:47:30,True,2.755e-10,8.703e-13,3262649548.0,0.0284,0x8b...a906,https://bscscan.com/tx/0xe31e9e2db509ab8f79a9bfaf3627a5ba47825396257d2bd642145d8386b6bedf
2023-03-31 08:47:15,True,2.755e-10,8.703e-13,2685963823.0,0.0233,0x34...fc75,https://bscscan.com/tx/0xbcb09d54e52cafbe02ece06bfcb7e573247154d647941dbff0cd3a050001d7bb
2023-03-31 08:47:00,False,2.728e-10,8.659e-13,10765843071.0,0.0932,0xd1...71f5,https://bscscan.com/tx/0x97c355062a27ade73d36e8c019e32a5614427b828e368f2ff4dcca6fde16d0ef
2023-03-31 08:46:12,True,2.741e-10,8.702e-13,193468184800.0,1.68369,0x90...dde5,https://bscscan.com/tx/0xdf81f967ca365c81f26ef6d6b3f7ccdd0921d48dc422f3ed7a91e0bda863f449
2023-03-31 08:45:54,True,2.755e-10,8.702e-13,848446000.0,0.0073,0x7a...82b5,https://bscscan.com/tx/0x56580a0689c0792501a371859a2a9adae93a40f4d00ade85f8cf6a90216ae89d
2023-03-31 08:45:30,True,2.755e-10,8.701e-13,371451761759.0,3.23219,0xbf...d2ae,https://bscscan.com/tx/0xc0a82cbb8fb12f7f202dab3bbfa458feeb8f314ecb0681a20f782314a1b2d957
2023-03-31 08:45:09,True,2.754e-10,8.7e-13,13012080784.0,0.1132,0x73...8229,https://bscscan.com/tx/0x44db997f9d27ebb530639a57da0794a6ef59cf0e25e6250ed277ad374431eeb2
2023-03-31 08:43:51,True,2.739e-10,8.7e-13,17240102022.0,0.15,0xca...e92e,https://bscscan.com/tx/0x916d3118e8631deaf852450d894821861a385bb70f55f35cd393e219a9eca0df
2023-03-31 08:43:36,True,2.754e-10,8.7e-13,7600000000.0,0.0661,0x55...3d23,https://bscscan.com/tx/0x0fda80c3c62fa1353e224d1288c03787221ffe9e593f9098e178f9045dbfd1f5
2023-03-31 08:43:24,True,2.754e-10,8.7e-13,393075244.0,0.0034,0x53...929a,https://bscscan.com/tx/0x0fd1e8924787b52077130b7e04065a096237047a336ba769941aa52dfbea2eda
2023-03-31 08:43:21,True,2.754e-10,8.7e-13,4382927107.0,0.0381,0x94...1ecd,https://bscscan.com/tx/0x0886ffbf266828c0fbb94471331348b751c9b3d12364a3fea648fe67a806f930
2023-03-31 08:43:12,True,2.754e-10,8.7e-13,10866101133.0,0.0945,0xc1...bf82,https://bscscan.com/tx/0x7a5780bf4928552a434a47699a2dfc9e25fc2912f426860dae168dcdbc0d7104
2023-03-31 08:43:03,True,2.748e-10,8.68e-13,9856592926391.0,85.5566,0xb9...f731,https://bscscan.com/tx/0xf4ccb323cbdeabd70a38e04d0e52e319053fef6839d4b803fd820c0b9d4e1b60
2023-03-31 08:42:51,True,2.741e-10,8.659e-13,5773768271.0,0.05,0x59...5613,https://bscscan.com/tx/0x89bb2063648e1a46d320bbbc2a02694c103279dc71bd4e61a58a6c6c73bd796c
2023-03-31 08:42:30,True,2.741e-10,8.659e-13,4849977571.0,0.042,0x40...6755,https://bscscan.com/tx/0x3c641b807dafed39a256a95e52aaa0f3d76c1468430ce721dc71a5352ac38429
2023-03-31 08:42:30,False,2.727e-10,8.616e-13,871470000.0,0.0075,0x49...30b9,https://bscscan.com/tx/0xf04565a3cc3e17888b77c3fef9fb4aaeed5917429e5063645a5d07c9ebd6844d
2023-03-31 08:42:09,False,2.714e-10,8.616e-13,13000714768.0,0.112,0x7a...d03a,https://bscscan.com/tx/0x0b5bac2e9aa38d215f3759a051058291af8dad5641a36d96c294add1ba955ae8
2023-03-31 08:41:48,True,2.741e-10,8.659e-13,364783664623.0,3.15871,0x00...64f7,https://bscscan.com/tx/0xb880d15c79929cec70f14554092f6ddbd701b1f5083ebe0c03934d2f292b3c8e
2023-03-31 08:41:33,False,2.727e-10,8.615e-13,900000000.0,0.0077,0xb9...eee3,https://bscscan.com/tx/0x89212e56a1eba0f79b45f2fb035fce16cff97b487d8e84f27f7361846c637c2a
2023-03-31 08:41:33,True,2.74e-10,8.658e-13,34648776367.0,0.3,0xd6...744c,https://bscscan.com/tx/0x0c0fa3dff7db02b640232aeaf03017a8c5462c492d9a5381c08471e2a80264e7
2023-03-31 08:41:21,True,2.741e-10,8.658e-13,36484678802.0,0.3158,0x4c...0be7,https://bscscan.com/tx/0x788c18034798b54a544a344104d0257653f553193fba4b7a46370879227c083f
2023-03-31 08:41:15,True,2.741e-10,8.658e-13,5075794023.0,0.0439,0x25...8782,https://bscscan.com/tx/0xe8ce9e38f811343b9985cd206aeee386530896d5e4ecf494c76aa58c941e6c6c
2023-03-31 08:41:02,True,2.727e-10,8.657e-13,211756409328.0,1.83331,0xe0...cd9a,https://bscscan.com/tx/0x99796dc590f6c410e93d247d278dbc6a8122a6cecae14577a3a6be99d58de03e
2023-03-31 08:40:55,True,2.726e-10,8.656e-13,364895765557.0,3.1587,0x84...40b6,https://bscscan.com/tx/0x96ef3a9b1d6298d0b52e441d86849801b399dd30d02f2802d06115959faa7d93
2023-03-31 08:40:44,True,2.74e-10,8.655e-13,3555690000.0,0.0307,0x04...00eb,https://bscscan.com/tx/0xd0a8e26ee915cdab1bf0a8e9392f317365aed3484af4b4b48d0b99a4be046fc8
2023-03-31 08:40:15,True,2.74e-10,8.655e-13,9098081538.0,0.0787,0x56...ca53,https://bscscan.com/tx/0xf7e5cefc6172701fd386e55e92752259aeef1d9262ac318b2ea8722d2a060a22
2023-03-31 08:40:12,True,2.74e-10,8.655e-13,5038000000.0,0.0436,0x4f...5120,https://bscscan.com/tx/0xc9db887c01cfcf01d28c5f52c18514bb9dbf74d4b44b9b6c2437e3a325cee07d
2023-03-31 08:40:09,True,2.74e-10,8.655e-13,20212200000.0,0.1749,0x04...00eb,https://bscscan.com/tx/0x9e74e1d6402d748186a9adc13cbf96670adfab2fdae3df3fc2226be46cba389f
2023-03-31 08:40:09,True,2.739e-10,8.654e-13,364975460588.0,3.15879,0x00...64f7,https://bscscan.com/tx/0x5fce319463af8fb47fbad4ff4efaf8b69439eae5fd6e53a0c054477c5750654d
2023-03-31 08:40:09,True,2.739e-10,8.654e-13,1001180000.0,0.0086,0x47...935c,https://bscscan.com/tx/0xe7ca40e95868757eebc8b9f70075cf362b2e6934dd0d9dbff9076a99403847d5
2023-03-31 08:39:52,False,2.712e-10,8.61e-13,2700000000.0,0.0232,0xb2...bd38,https://bscscan.com/tx/0xd6ecb68433d0d843b5adab6a1cb2525029bf3c369927f4d942a21541f3fc080f
2023-03-31 08:39:31,False,2.726e-10,8.61e-13,18389468772.0,0.1583,0x5b...1c1f,https://bscscan.com/tx/0x17e64a13c3a1324eb64b7b84b45fd072327d211c9fe522712dc401e1e35c09c4
2023-03-31 08:39:16,True,2.739e-10,8.653e-13,277351000000.0,2.40007,0xd3...5e23,https://bscscan.com/tx/0x7f08e9d71efb0e10f9d8a262a6f78115c791c3badc77811cdcf71b2a03164d3e
2023-03-31 08:38:37,True,2.725e-10,8.652e-13,3229484680.0,0.0279,0x62...0dee,https://bscscan.com/tx/0x600f2b143e2930541b67055d54fa21ece7ea3d15b914c8ebc0809d0b4fe8c400
2023-03-31 08:38:34,True,2.725e-10,8.652e-13,65143305331.0,0.5636,0xba...cc8c,https://bscscan.com/tx/0x9b9594a38d380c0b8b0a878df2d314a59dfa00dc1df5b917b0c96016f2f102fd
2023-03-31 08:37:55,True,2.739e-10,8.652e-13,3467123376.0,0.03,0x08...600f,https://bscscan.com/tx/0x11764851ec7f1732636763105e5653e69ed73a90970b1465bba0c636424767ea
2023-03-31 08:37:16,True,2.739e-10,8.652e-13,461897000.0,0.004,0x47...935c,https://bscscan.com/tx/0xa5ff7314271cafd6ced8532c6a2813e345949dd4f24c728e5eef07f0cc7b3592
2023-03-31 08:37:04,True,2.725e-10,8.652e-13,13349596462.0,0.1155,0xc3...e7e6,https://bscscan.com/tx/0x8e0eab85c06b8f12bfd337145169f4e2e743521a6e734b96e5586904552126c5
2023-03-31 08:37:01,True,2.725e-10,8.652e-13,10745433779.0,0.0929,0xa5...f075,https://bscscan.com/tx/0x4c1adfdd76a8aa47bfe72e894ea031134d02cb3c6d6c62a74744bc0e18c400a5
2023-03-31 08:36:52,False,2.725e-10,8.609e-13,47717474281.0,0.4108,0x59...5c77,https://bscscan.com/tx/0xcc8e15b32c74536609d552366f9b4280e341eb2334fc489221327f17ea9dc1b7
2023-03-31 08:36:52,True,2.739e-10,8.652e-13,1000000000.0,0.0086,0x58...6e5e,https://bscscan.com/tx/0x8520e8acf079ea14ebe6a58ebf6da2240c62846f0005d9d708e600bace11177e
2023-03-31 08:36:49,True,2.739e-10,8.652e-13,8100000000.0,0.07,0xb2...fcfa,https://bscscan.com/tx/0xe2e19f2606abafcf7efd23367580356ba6db9ffecff4ee4abb8b51a8924da35a
2023-03-31 08:35:10,True,2.725e-10,8.652e-13,11342051668.0,0.0981,0x47...935c,https://bscscan.com/tx/0x1b5984a7d40754f292c7f86da9f6137dfdb2db2b3026216f50793e6c7f72e854
2023-03-31 08:35:07,True,2.739e-10,8.652e-13,2885910537.0,0.0249,0xef...e8ed,https://bscscan.com/tx/0x844649bc732627df5bb129ec18c5875b6b63ac9d5e0b797f2828c80eecfa45c4
2023-03-31 08:34:28,False,2.711e-10,8.609e-13,1449829484.0,0.0124,0x95...15bb,https://bscscan.com/tx/0x24ac00ede21e26f7ed851f281b0cc6740e939b77493d728d8b3457eaae4f1f9c
2023-03-31 08:34:07,True,2.725e-10,8.652e-13,15024258973.0,0.13,0xdd...0357,https://bscscan.com/tx/0x67e1dd5427a6a68a1fb114619e8c5515c651385b9b8aa8b4f87670069b1eed8a
2023-03-31 08:33:58,False,2.711e-10,8.609e-13,1673499944.0,0.0144,0x77...66a4,https://bscscan.com/tx/0xf06883f758ff63c3a3cd00e94c91c33526a7137942a03e63562ecb8f22950fdb
2023-03-31 08:33:58,True,2.725e-10,8.652e-13,18428668126.0,0.1594,0x30...0016,https://bscscan.com/tx/0x7f6644f6592002cb37b62e6180de2a23ce6c2f985caa9dc36e339dde45fa471f
2023-03-31 08:33:01,True,2.738e-10,8.652e-13,9100000000.0,0.0787,0xf0...b63c,https://bscscan.com/tx/0xc2138d67a488ec73d5e80f081c527636881a9be5553a1c75861430969d73e4ca
2023-03-31 08:32:40,True,2.724e-10,8.652e-13,121259149361.0,1.04917,0x99...6ebe,https://bscscan.com/tx/0xa1c1395b9fc4daf4d616cc80424c91541f9e0b38708dc2b25194ef201ee7a4fc
2023-03-31 08:32:16,True,2.724e-10,8.652e-13,16935715510.0,0.1465,0x9f...3f5b,https://bscscan.com/tx/0x8f90bd3a3fc9e889cf3da2b5964e1a00b770db443cab73aad2ffb78edb68285b
2023-03-31 08:31:22,True,2.737e-10,8.651e-13,1303138458.0,0.0112,0x62...0dee,https://bscscan.com/tx/0x8540d4d5be62c4c4a975799fd3fc7abf58724d63751d4f77fbd70bd6b4b0002a
2023-03-31 08:30:49,True,2.737e-10,8.651e-13,18418643825.0,0.1593,0xb4...8521,https://bscscan.com/tx/0xc74626478cd736c5ef3b1e33e5d704f57dd3e227ec323fb59e46b5d2408a2efb
2023-03-31 08:30:34,True,2.737e-10,8.651e-13,520117752.0,0.0045,0x6c...523c,https://bscscan.com/tx/0xb53aca7867fc7427833f31c0a27bf97aa895f13d3a1805456d1563a116eea9c5
2023-03-31 08:29:55,True,2.724e-10,8.651e-13,42873574021.0,0.3709,0x28...bda2,https://bscscan.com/tx/0x46a1bc004b9d0f84b52176b3b883c88bdc20b20eca1a5c5dee47faa1d20a4d7e
2023-03-31 08:29:16,True,2.737e-10,8.651e-13,1618177844.0,0.014,0x2a...187e,https://bscscan.com/tx/0xd71ffd7062a6641e8363fb9f4a80b45447ce6f56ba06d629bd72ba17314fff23
2023-03-31 08:29:16,True,2.737e-10,8.651e-13,36756088754.0,0.318,0x06...0cb1,https://bscscan.com/tx/0x96e2ca56ae74036d9c77ba960a1eb4ee7e8a3409aeec13b11a9a6f07a501a097
2023-03-31 08:29:01,True,2.724e-10,8.651e-13,136891177004.0,1.18428,0x4a...f0eb,https://bscscan.com/tx/0x81232490da313b94c770bd95ca5027b36e6a8ac9fc686098fe478725dde5ca46
2023-03-31 08:28:58,True,2.723e-10,8.65e-13,1764198378.0,0.0152,0x91...e9cf,https://bscscan.com/tx/0xce3832d12dd4cb490eb24ba8784d3580e5dc13e6f78b3448817156e107a1e01f
2023-03-31 08:28:31,True,2.716e-10,8.626e-13,11999710590840.0,103.514,0xb9...f731,https://bscscan.com/tx/0x70e2d3cdd832ac5585f12f60ca415a92eec43fdd643218fc3859ded951f7aae9
2023-03-31 08:28:13,True,2.709e-10,8.601e-13,161.451,1.388e-10,0xb4...8521,https://bscscan.com/tx/0xa0bf1fd423688ced103388401b7f608479803329bb57a54dfab3ac1ae129dfbe
2023-03-31 08:27:19,False,2.695e-10,8.559e-13,3601571944.0,0.0308,0x3a...d46b,https://bscscan.com/tx/0x237ca7d170044103246d00f3f8253c9108bdd2cfd070150c79316cd9cea1ebac
2023-03-31 08:27:19,True,2.709e-10,8.601e-13,5378210001.0,0.0462,0xe5...7df2,https://bscscan.com/tx/0xae1cbd707cb084f2fb2d2c81ccae9c93a27dc90456ac1e5df9fe3b8ebf0d2058
2023-03-31 08:26:31,True,2.706e-10,8.601e-13,1995805748.0,0.0171,0xcd...ddd5,https://bscscan.com/tx/0xddbd13d15de080107387664bf6d5c2668c6d2998bacb7d7c05bf75046a7e5350
2023-03-31 08:26:16,True,2.72e-10,8.601e-13,4100000000.0,0.0352,0x07...a759,https://bscscan.com/tx/0xa3bc59d992d2afd1715d71bb961694963915f5601709fb11da05813d4bac204b
2023-03-31 08:25:58,True,2.707e-10,8.601e-13,4871934678.0,0.0419,0xa4...89e2,https://bscscan.com/tx/0x2870819755f716dfbe1e6267039f0afc5fd060d5466d7e96bc2254bea2a4c1c3
2023-03-31 08:25:58,True,2.707e-10,8.601e-13,2000000000.0,0.0172,0x85...720f,https://bscscan.com/tx/0x9237c4c9f7e966c6e00af478538b31a3da219b9683bd779d17c9d4659dce9d1e
2023-03-31 08:25:43,True,2.706e-10,8.601e-13,37017915220.0,0.3184,0x41...90b1,https://bscscan.com/tx/0xcb3955158830a4e442e716d9fc11530937e1029f403651a60771bbc26e7e435b
2023-03-31 08:25:19,True,2.706e-10,8.601e-13,40704871390.0,0.3501,0xd0...fc87,https://bscscan.com/tx/0x85a415c34b3a2829fdab42e390e3d6b8a3177d8e690808f8d8b778fbacd803c7
2023-03-31 08:25:16,True,2.706e-10,8.6e-13,422367169079.0,3.63266,0xd1...927e,https://bscscan.com/tx/0xb7f578b553265071b3c5fc6e33b173796715163d9e29474a775c41090f791fad
2023-03-31 08:25:07,True,2.719e-10,8.599e-13,30000000000.0,0.2579,0xf3...ed5b,https://bscscan.com/tx/0xb30dabc17dd3ca5f0236dba0a66eed6d6b8192d1c67072a281549139f90465ee
2023-03-31 08:24:25,True,2.719e-10,8.599e-13,44187827094.0,0.38,0x70...6fea,https://bscscan.com/tx/0x274e8f05571f02b35244ba55d051f7c1f717d45579ac3bee99d79ecb84a1e3e9
2023-03-31 08:24:13,True,2.707e-10,8.598e-13,366184035598.0,3.14875,0x20...946b,https://bscscan.com/tx/0xb611e2c7b2da84b643955a10207abc52bbde039ee58591866b9d62e427dec6d8
2023-03-31 08:23:37,True,2.706e-10,8.596e-13,735146810353.0,6.31975,0x00...64f7,https://bscscan.com/tx/0x2f984aab248d77142c4e57b98315edb7452ebcccdffd874f339e80b2810d0cc2
2023-03-31 08:23:25,True,2.706e-10,8.594e-13,367683042586.0,3.15999,0x84...40b6,https://bscscan.com/tx/0x85bd6e5d95f03a15bba4f30580b2cd60d020f45424afd25fe8036d6bf5a0f83e
2023-03-31 08:23:10,True,2.72e-10,8.592e-13,366333708141.0,3.14785,0x20...946b,https://bscscan.com/tx/0x5145b63f6cc715b801a07252e9299c435ef82be66d5a800456a34ff1d47e4619
2023-03-31 08:23:04,True,2.705e-10,8.59e-13,634548224956.0,5.45129,0xcd...c3b0,https://bscscan.com/tx/0xe8f19404df10e5db84f9cd47df25775e59910fbd28a0e8795e54fdddb02c8ec1
2023-03-31 08:22:55,True,2.719e-10,8.589e-13,3677653103.0,0.0315,0xdd...e798,https://bscscan.com/tx/0x38733f61965e92b6f85305616c242fed9d15a1fc497380b7a1e7cf1343f6f575
2023-03-31 08:22:49,True,2.719e-10,8.589e-13,345578000.0,0.0029,0x79...69e6,https://bscscan.com/tx/0xbf9d5cdcff6f65f8e8e7627d9670e4b374d8bb98fcc6a8b228a3e21327fbf170
2023-03-31 08:21:10,True,2.719e-10,8.589e-13,183953249447.0,1.58,0x91...9cc1,https://bscscan.com/tx/0x87945ad44cebc8fea2bdd799fe392727ddea09d470cd0c436c1fd04246dd15b9
2023-03-31 08:20:46,True,2.718e-10,8.588e-13,3406329108.0,0.0292,0x49...5835,https://bscscan.com/tx/0x1c8de12315f1461d1d27c0a7eb5bcabad4ae9540257e66cb7d0a35c05f139780
2023-03-31 08:20:25,True,2.718e-10,8.588e-13,13191424842.0,0.1133,0x3b...f9ad,https://bscscan.com/tx/0x59bf29a1aac49f58a013cacff320bb870a254ef35d5b2197f643994311cdbd2e
2023-03-31 08:19:28,True,2.706e-10,8.588e-13,7258155336.0,0.0623,0xb0...64c0,https://bscscan.com/tx/0x9df7f28a0b6427a3e71a24a89470b018020d7b53040f357b303e50dc63da0aac
2023-03-31 08:18:58,True,2.706e-10,8.588e-13,19107200000.0,0.1641,0xde...6d61,https://bscscan.com/tx/0x49083d83dc6e1335191a1a914c01bfe2cfebf50ea7aa801670dcef474d41caf5
2023-03-31 08:18:40,True,2.705e-10,8.588e-13,173000000000.0,1.48577,0x3f...2cde,https://bscscan.com/tx/0x27b5c9fbcd3d178f7deeace0005cbc9575595df5b3ad0b185e0c2c11693366dd
2023-03-31 08:17:55,True,2.705e-10,8.587e-13,14956400000.0,0.1284,0x79...69e6,https://bscscan.com/tx/0x0d55af1efac3824374bb0629ee4164ed70b86c92e91cf6ac393ee27ca3d6e9ca
2023-03-31 08:17:55,True,2.705e-10,8.587e-13,1728321136.0,0.0148,0xa4...89e2,https://bscscan.com/tx/0xda7ca515dfa17ada32cd43c9483b4920f9815d900bfa4fb40219cab796ef1a57
2023-03-31 08:17:49,True,2.705e-10,8.587e-13,5822206140.0,0.05,0x4f...d522,https://bscscan.com/tx/0x8b512c6a9dbfd2f7ad6792858872e4571f006801c63ff5856c4e3fa0f51db6e7
2023-03-31 08:17:25,True,2.704e-10,8.587e-13,3677353406.0,0.0315,0xab...3bb3,https://bscscan.com/tx/0x313a757e67f6935f4ebe75c19d8817fdfd65c32888529095cc1b543455ca9e92
2023-03-31 08:16:31,True,2.706e-10,8.587e-13,7867288111.0,0.0675,0x3a...c7cc,https://bscscan.com/tx/0xca24e7a3cb5c0fb12d70abc147546c2e02efacdc7835908693459ee14349aaf7
2023-03-31 08:16:16,True,2.706e-10,8.587e-13,25253681920.0,0.2168,0x87...b270,https://bscscan.com/tx/0xcb80ff733b14654d49a854ea05a877d12018e019937bc59b98d3eee3d6584535
2023-03-31 08:16:10,True,2.706e-10,8.587e-13,2462737973.0,0.0211,0xd1...fd2a,https://bscscan.com/tx/0x3457913e56ecae9a8a9d8198bfe3fb99cb9dedfce4bd57a5ee8857e68a06d494
2023-03-31 08:15:16,True,2.706e-10,8.587e-13,41341951825.0,0.355,0x09...3176,https://bscscan.com/tx/0xcf558580bf8c8a14ae02aea1784f17586ef55469e65545722d816437cb27e237
2023-03-31 08:13:01,False,2.707e-10,8.544e-13,63419119155.0,0.5419,0x04...d958,https://bscscan.com/tx/0x3ee06a7647c70a2b03ec02bc934cab49337717ec61eb6e35c46d81ae1b203e12
2023-03-31 08:12:19,False,2.706e-10,8.546e-13,900007187951.0,7.69205,0x49...9299,https://bscscan.com/tx/0xb552a14586387ac269caed4ae0d26921b143e620a5e21a6d0b74702cfbaa05b7
2023-03-31 08:11:43,False,2.708e-10,8.55e-13,1221003000000.0,10.4407,0x49...9299,https://bscscan.com/tx/0x612ef1169cd71df7a95d109bc71fe31dc56a6daab5688cada7d602c2caf0d5ae
2023-03-31 08:11:37,True,2.722e-10,8.595e-13,449298992531.0,3.86191,0xf7...a7a1,https://bscscan.com/tx/0xf613f1fbd52992589cd5fdbfe76c714103d036d5ed75767fb9b69e7b03d91968
2023-03-31 08:11:31,True,2.708e-10,8.594e-13,38924501685.0,0.3345,0x71...5f73,https://bscscan.com/tx/0xe1d53a181624678370a1a773c91fcd95fb509a09fa4782ac2056040dcce0085e
2023-03-31 08:10:55,True,2.708e-10,8.594e-13,44583949897.0,0.3831,0xb8...fcf4,https://bscscan.com/tx/0x8c8b0b348b979a2fd8956056196803faae1753c20be4dfb2a5b01c18bc18476f
2023-03-31 08:10:19,True,2.708e-10,8.594e-13,4597905655.0,0.0395,0x30...716b,https://bscscan.com/tx/0x8f1f6185b4b761def54d71827e49b0454c86df653b896361007852e239aaa70c
2023-03-31 08:09:16,True,2.708e-10,8.594e-13,2932233922.0,0.0252,0x6d...a829,https://bscscan.com/tx/0x3e9826ee9ec5d9685d14958ccb7daaf09e8caf62011d70bc80950297d33e04ab
2023-03-31 08:08:52,True,2.721e-10,8.594e-13,2130029470.0,0.0183,0x30...716b,https://bscscan.com/tx/0xfd74dc704fd0a7b495e78b5a610ce16a4a76283a89ce985c816fa7fba9ff077b
2023-03-31 08:07:43,False,2.695e-10,8.551e-13,9378661919.0,0.0802,0x67...ef6f,https://bscscan.com/tx/0x6476fb7b7daedd2ad5313bd48b19d263a5bfa641aa8074d22166587e1b963aa5
2023-03-31 08:06:52,True,2.721e-10,8.594e-13,14775212354.0,0.1269,0xe8...dc01,https://bscscan.com/tx/0x2cef71bb82df93f6ff210193c47f38881c05717a6a48179794b50d776d8db481
2023-03-31 08:06:07,True,2.708e-10,8.593e-13,69572200000.0,0.5979,0x19...b675,https://bscscan.com/tx/0x48873d61171dcb2a50a74c499079fbab4ce7b39d92b5c9f3f29c594012e000ec
2023-03-31 08:05:52,True,2.708e-10,8.593e-13,33673467808.0,0.2893,0x8d...5337,https://bscscan.com/tx/0x9d3bd0da1248e4b33ac6fef41fda4ea1c8494df73e3e9c007a97f9c27133b10a
2023-03-31 08:05:43,True,2.708e-10,8.593e-13,8257644697.0,0.0709,0x30...99e7,https://bscscan.com/tx/0x38f386c4bb4239579090e3863fe2ca464098cb6e617980c0078b2a96bca65f44
2023-03-31 08:05:25,True,2.721e-10,8.593e-13,13281567032.0,0.1141,0x0b...cf13,https://bscscan.com/tx/0xdde96238a48ec0636db6f75b67b3b0b133eb44606bd5582323add7d3f432bbc3
2023-03-31 08:05:10,True,2.721e-10,8.593e-13,68340700000.0,0.5872,0xc2...a064,https://bscscan.com/tx/0xa496ea9c6d10f406364354c8ea32e063a598ab3be082d709ebc850399869fa43
2023-03-31 08:04:25,True,2.721e-10,8.592e-13,164458687987.0,1.41319,0x27...fdd2,https://bscscan.com/tx/0x384b8fa59a175a48ed17749a73d624edc52a268b086d5bc3116815f8b22787c8
2023-03-31 08:03:34,True,2.721e-10,8.592e-13,3129094976.0,0.0268,0x82...a313,https://bscscan.com/tx/0x3092239cd4bfd133ed1ace7b85c8cbc070ae4206effc4df44daf259693f289c2
2023-03-31 08:03:04,False,2.708e-10,8.55e-13,514733061075.0,4.40136,0x31...255e,https://bscscan.com/tx/0x42c8364782cecebeeb0bbf253dd25b62bf0d94228cd8ffc84fce306da3300cf8
2023-03-31 08:02:25,True,2.708e-10,8.594e-13,486819185.0,0.0041,0xf7...b981,https://bscscan.com/tx/0x6b92fb243d945616d7757dd43f891c827f46a45d6fab7e95720b167cb8131d3c
2023-03-31 08:02:01,False,2.694e-10,8.551e-13,17609979337.0,0.1506,0xb4...8521,https://bscscan.com/tx/0x4991c875d185952bb2139567743409a1b5434043d3f1b7e57d1eb64dfd55cbb6
2023-03-31 08:01:37,True,2.722e-10,8.594e-13,23608173836.0,0.2029,0x82...a313,https://bscscan.com/tx/0x7e006ee9ac056fad37afa68b1f4300e1db3c29ac920e731b1bbfc86f5b2e7c38
2023-03-31 08:00:43,True,2.721e-10,8.594e-13,34442399661.0,0.296,0xbf...8259,https://bscscan.com/tx/0xdb24bb3e2c1e6cf329eb9d89581761b1a4f9e08cba85966ad849ccb09bc61c05
2023-03-31 08:00:40,True,2.721e-10,8.594e-13,8144714326.0,0.07,0x15...4c00,https://bscscan.com/tx/0xef477733e889b97aaecbedb2b7d5bcc68a53d43d59c0b984347aa81bc17d3e96
2023-03-31 07:59:34,True,2.708e-10,8.594e-13,6748501338.0,0.058,0xbc...f3ff,https://bscscan.com/tx/0x1cd692f0d9264ea8483b0bd2fd07028b35cdae9e01e20edf160fc469c30f2372
2023-03-31 07:59:31,True,2.708e-10,8.594e-13,4408827546.0,0.0378,0x0f...38b4,https://bscscan.com/tx/0x8c94a0a1f7826e488148f03777fd8ff17750709ecf6b32f7b20e34de92c12237
2023-03-31 07:59:28,True,2.708e-10,8.594e-13,100000.0,8.594e-08,0xe7...1361,https://bscscan.com/tx/0x4ea214bd946e52e888cdd375cdfa4187de96e170286e27f146aee7f90b26f069
2023-03-31 07:57:55,False,2.709e-10,8.554e-13,1458574191061.0,12.4774,0xae...08fd,https://bscscan.com/tx/0x7c90d22b84701ae57ee30691633bbe5138e880ff00124760649b6d160ad74d0a
2023-03-31 07:56:46,True,2.723e-10,8.6e-13,41945773920.0,0.3607,0x49...5835,https://bscscan.com/tx/0xf659eb638abf976730646f6dad9d4805183a83dc06b2778dc4ebd8a85d28b3c7
2023-03-31 07:53:34,True,2.711e-10,8.6e-13,25404509994.0,0.2184,0x89...db8f,https://bscscan.com/tx/0xb402cbbdb56f2c928893c188f93f801071c21db5dce265e9bc65cbde8a3d8856
2023-03-31 07:53:31,True,2.714e-10,8.6e-13,5064993843.0,0.0435,0x12...af70,https://bscscan.com/tx/0xb8859c8cb42d81518f8c67b734c22a018dcf31ceec62559a043200074a942f65
2023-03-31 07:53:28,True,2.714e-10,8.6e-13,4069729356.0,0.035,0x08...9213,https://bscscan.com/tx/0x5a3f477dd7059a01a54a6b67a64fbc35ffd01c15aca4de97e08d6fbc204ddec4
2023-03-31 07:53:19,True,2.714e-10,8.6e-13,32924201776.0,0.2831,0x46...ff09,https://bscscan.com/tx/0x7478439782991284feac3ed078d56c958ae7272b34b713e0a2508d11c23e5d06
2023-03-31 07:52:40,True,2.728e-10,8.599e-13,1571256672.0,0.0135,0x39...94e9,https://bscscan.com/tx/0x65bd4e4938a031c7e931e490f9a2b06730d87c795d57c0334665809e1b988170
2023-03-31 07:51:52,True,2.728e-10,8.599e-13,302327996.0,0.0026,0x34...fc75,https://bscscan.com/tx/0xf6510e98a39c0521fcf7594f7d728e045e15fb761ddd7ef105c9994cb54b62ee
2023-03-31 07:51:49,True,2.728e-10,8.599e-13,7052062038.0,0.0606,0x0d...c520,https://bscscan.com/tx/0x85552477053177d414dc9b85dca1f4dfecce2d192a68e8307f73b4a2908bfc82
2023-03-31 07:51:10,True,2.729e-10,8.599e-13,4808178369.0,0.0413,0x0f...38b4,https://bscscan.com/tx/0x9be2cd53f60099f78da05313c4d24060d3b06e42760863b81d9f32a6233383b3
2023-03-31 07:50:34,True,2.729e-10,8.599e-13,54515600001.0,0.4688,0x0a...1a30,https://bscscan.com/tx/0x3ed01c940ffd45aba813315ceaedb72fc81a5135041d96c970d616524dd778b9
2023-03-31 07:50:28,True,2.715e-10,8.599e-13,278000000000.0,2.39055,0xfd...71ac,https://bscscan.com/tx/0xf0e66f530c1106cf5e5883b10e55ce5d4fdb93b6864909d225334e6325d328a9
2023-03-31 07:49:22,True,2.715e-10,8.598e-13,7608872057.0,0.0654,0x34...75ce,https://bscscan.com/tx/0xbb1477b064330f0b704ee9cd40160b43c8f21383995fa7a1f4c6e39f86caf404
2023-03-31 07:49:13,True,2.714e-10,8.598e-13,4763508775.0,0.0409,0x5c...e99f,https://bscscan.com/tx/0x2d09ad4fa20fd4236be236d721a9b60971475e17ab24dbba68df94ef3458b9c4
2023-03-31 07:48:01,True,2.729e-10,8.598e-13,4204204200.0,0.0361,0xfb...08f4,https://bscscan.com/tx/0x282e03b29e18d2b21148d24abe058215475abddccb64cd8b4a360bacb86d71b9
2023-03-31 07:47:58,True,2.715e-10,8.596e-13,749643968917.0,6.44464,0x1e...393c,https://bscscan.com/tx/0x536bc63320f2f1f13591d83bb5ec064fb1858e29d7467ab9396c4b74245bc400
2023-03-31 07:47:25,True,2.714e-10,8.595e-13,13544567496.0,0.1164,0xdc...83d7,https://bscscan.com/tx/0x77c4dac36f9cc8a10595ebe4df7b8e4f3f61c4613b1af73b49b5afafc4abcd36
2023-03-31 07:47:10,True,2.728e-10,8.595e-13,15124491543.0,0.13,0x57...2097,https://bscscan.com/tx/0x6a2438aa54c0c91dfdb57e6ba4c752aa1349a7d15dee7f7472bbadbad944e7cf
2023-03-31 07:46:55,False,2.7e-10,8.552e-13,2971544838.0,0.0254,0x30...19f6,https://bscscan.com/tx/0x2f73877d4a2b3bcad25836c82721d2efbe78f8f4632012045e66c178068c8d0d
2023-03-31 07:44:28,True,2.728e-10,8.595e-13,34621010591.0,0.2975,0x30...521d,https://bscscan.com/tx/0x9584072398bbdf44d46ba2399acac578b756ca45b75ef24206e87866de3a70ac
2023-03-31 07:42:55,True,2.727e-10,8.595e-13,47836924963.0,0.4111,0xeb...b93a,https://bscscan.com/tx/0xa4aac032a5f1c6720afe8c184072b9e420cd2414357deb24db9cb2c1e72d942b
2023-03-31 07:42:31,False,2.7e-10,8.552e-13,5883952219.0,0.0503,0x49...4b1d,https://bscscan.com/tx/0xbab9772399d7a156bec84543ad1b09ff2bf631fc91a67af27924b9843b57b70b
2023-03-31 07:42:19,True,2.727e-10,8.594e-13,550913001.0,0.0047,0x11...c0a6,https://bscscan.com/tx/0x84a5216bdb230d312d9da648b437bbed6f4a131ea0365bb1f4feb9a0b02e3b78
2023-03-31 07:42:04,True,2.727e-10,8.594e-13,4248032901.0,0.0365,0x5d...2827,https://bscscan.com/tx/0xee4e505d0d216a377a15b869bff091c05f0ab69df21140a1b4629dba626abb51
2023-03-31 07:41:40,True,2.714e-10,8.594e-13,135000000000.0,1.16029,0x5b...a2a0,https://bscscan.com/tx/0xb91b26d9d19c9e0f489ce832b88f59e6f3e11ae5cb322416faf73e4190f9dfff
2023-03-31 07:41:28,True,2.727e-10,8.594e-13,23270879.0,2e-05,0x5b...d23b,https://bscscan.com/tx/0xddf73b138976796f99454f3edd25e26bcdbb31703bdc8ed6a66946dae3ff85d7
2023-03-31 07:40:37,False,2.714e-10,8.551e-13,7293015093.0,0.0623,0x92...0338,https://bscscan.com/tx/0xde90347a40f70f277d977884158eba6e417201a6bc16001b9deb6305655d3f1f
2023-03-31 07:40:04,False,2.714e-10,8.551e-13,8337446140.0,0.0713,0x8e...f391,https://bscscan.com/tx/0x631a1db734cb039acb9b441a3068d3203f1330454f30203b70db94c1a7e541ef
2023-03-31 07:38:31,True,2.727e-10,8.594e-13,100000000000.0,0.8594,0x2d...b326,https://bscscan.com/tx/0x47ee431c05e275454327c2c964c1f47de8cf9fbc7c6a7ffec57ae5073c69388d
2023-03-31 07:37:40,True,2.727e-10,8.594e-13,27926354329.0,0.24,0xe1...0752,https://bscscan.com/tx/0x89583c1bfc67713facbba00ab5d7b805f12e8f1d3f8cc83bbdb30aacf2a0f9cc
2023-03-31 07:37:37,True,2.727e-10,8.593e-13,1762747113.0,0.0151,0xb3...b5b5,https://bscscan.com/tx/0x3e6aac32902be2f9d94ec3894014255bed7b1e190bcd0de734276a7ed1e63733
2023-03-31 07:36:46,True,2.713e-10,8.593e-13,16502307626.0,0.1418,0xea...3238,https://bscscan.com/tx/0xc24983575b206a2576bb88b861a9d7a80e7693509e374c3d9fe97382ce472a60
2023-03-31 07:36:34,True,2.713e-10,8.593e-13,51000259712.0,0.4382,0x4e...9d48,https://bscscan.com/tx/0x574b262fda591cb33a687f78d0832ab2d6b07d2a108c1bcfd846237f24ba1295
2023-03-31 07:36:28,False,2.7e-10,8.55e-13,10800000000.0,0.0923,0xb1...a98c,https://bscscan.com/tx/0x0010ed830726d631e1937b69617be09e1fdf26eb381d2047d0c4e652b77140fa
2023-03-31 07:34:37,True,2.727e-10,8.593e-13,43158500173.0,0.3708,0x8f...dd13,https://bscscan.com/tx/0x395069fe476070c38ca433b164226d875974507d6b5f8b56352226db6be2ce15
2023-03-31 07:34:07,True,2.713e-10,8.593e-13,3850000000.0,0.033,0x02...5b10,https://bscscan.com/tx/0xfdc628ba88c11a569f0095b30c5fdbda846a709add4fc7300be51bbc3cd594a8
2023-03-31 07:33:34,True,2.727e-10,8.593e-13,11469369171.0,0.0985,0x2c...647b,https://bscscan.com/tx/0x052ef538a6f1836bbc99070969e642e79ccc5fc19676f64a04b14587e7381a44
2023-03-31 07:32:55,True,2.713e-10,8.593e-13,3216770441.0,0.0276,0x44...cb55,https://bscscan.com/tx/0x0e7ea78bb80407f66f9902afd8fb9ab16ba560374b7212031f590b1ba5a36ed5
2023-03-31 07:32:40,True,2.727e-10,8.593e-13,39064821377.0,0.3357,0x8c...9fd5,https://bscscan.com/tx/0x5b3ab5c3c1a8711db69f96fabb640b86127ca4ead194e54cf57ca5f25bd06fce
2023-03-31 07:31:22,True,2.713e-10,8.593e-13,52344928265.0,0.4498,0xd9...8429,https://bscscan.com/tx/0xb23e746d564ac8a5c8cb38ceec80628d673d21a08c9e87d733fce03c6f212e16
2023-03-31 07:30:55,True,2.713e-10,8.593e-13,48095514161.0,0.4132,0xf9...d907,https://bscscan.com/tx/0x84addc355fe63c96e140c0d85e22fbf9a6266c0de0b7185423044beef2f43cfd
2023-03-31 07:30:08,True,2.728e-10,8.592e-13,3000000000.0,0.0257,0x35...f7ef,https://bscscan.com/tx/0xfed0b5506379b40ff5e97ccac4fb4fa0c627282e315d9a6d439b2a3941e77d2e
2023-03-31 07:29:40,True,2.727e-10,8.591e-13,661394373067.0,5.68241,0xcd...9c77,https://bscscan.com/tx/0x066c34470eb4bcd657f6d14b9ededb986ce712d37efab7b7974255586c0a097a
2023-03-31 07:28:58,True,2.713e-10,8.59e-13,18955400000.0,0.1628,0xcb...6088,https://bscscan.com/tx/0x9150f86bdaea502e14a20b4e05e6dc29d73af84763fcd9436207c0905ff4c8df
2023-03-31 07:27:07,True,2.727e-10,8.59e-13,4045910001.0,0.0347,0xa9...57a6,https://bscscan.com/tx/0x2cd02859c344c57f271f31a33fec3987903309e54ec9fac59c8b1aa02b3eb753
2023-03-31 07:26:55,True,2.713e-10,8.59e-13,4656512195.0,0.04,0xb2...1fc5,https://bscscan.com/tx/0x243c46238335548f9ad72e1254db8a0d95247ee2142540cf9e079cb419de1d41
2023-03-31 07:26:55,False,2.705e-10,8.565e-13,9018273246228.0,77.2455,0xb9...f731,https://bscscan.com/tx/0x107cec5ac13c38d1222bd2d2efa3e3c01e0e5f600322d9b222ea3f168ea90019
2023-03-31 07:26:52,True,2.725e-10,8.626e-13,16024481993.0,0.1382,0x82...2eb7,https://bscscan.com/tx/0xc7bd4e9c7f47a5b994327ec4f20fa404bfd750413161d79a9c6fb357565ce22b
2023-03-31 07:26:46,True,2.725e-10,8.626e-13,5721476270.0,0.0493,0xb6...8736,https://bscscan.com/tx/0xa188b6c957b28adb6f47b9ab4c6aaf41ba44ac4c02a87f9ae05218bff2cb5a8e
2023-03-31 07:26:40,False,2.711e-10,8.583e-13,19174226132.0,0.1645,0x95...a598,https://bscscan.com/tx/0xc14be19ad98a71269b4cfadeb6b672bfa601249b62b7f65ad9ef11770d0c13e8
2023-03-31 07:26:31,False,2.711e-10,8.583e-13,7200000000.0,0.0618,0x1f...1a27,https://bscscan.com/tx/0x2050fd6e3a4507e1a07b4c359547d419e259832dca5698427b541e74c686c38d
2023-03-31 07:26:25,True,2.725e-10,8.626e-13,352957910743.0,3.04463,0x3f...fe74,https://bscscan.com/tx/0xbf0a98a559f98d4caf2ce3713c6460e41e228bddca6d7a6bd9cdbb9d0764409f
2023-03-31 07:24:58,True,2.738e-10,8.625e-13,1399939009.0,0.012,0xd2...1f99,https://bscscan.com/tx/0xa503b5e6b64675e496b102b151c0caa30268e47e435bab1a275de7fd5b03662b
2023-03-31 07:24:04,True,2.725e-10,8.625e-13,1376516291.0,0.0118,0x1b...85e1,https://bscscan.com/tx/0xa0ff3cb90d91f0bfbbecc4aeb25ad1c24b6ee43410d260a5dc5a71bebbd7c862
2023-03-31 07:23:01,True,2.725e-10,8.625e-13,9419770000.0,0.0812,0x38...c275,https://bscscan.com/tx/0xf6bf3981f43cb0a7eb4e968ea3bffa1057accb5ac2173141dc2ef61ca42b5a50
2023-03-31 07:23:01,True,2.725e-10,8.625e-13,11829217274.0,0.102,0x3e...2eb0,https://bscscan.com/tx/0xb7b369481409936233b83d7898031663d859ca52dbdf7d946d0535618401d2c3
2023-03-31 07:21:43,True,2.737e-10,8.623e-13,729229879451.0,6.28869,0xfd...6798,https://bscscan.com/tx/0x85dd95ce3b8cfd1d06be0647cc93271f3fb506689150dcca4133ff2fac0c46ad
2023-03-31 07:21:31,True,2.736e-10,8.622e-13,13222225599.0,0.114,0xb7...133b,https://bscscan.com/tx/0x5a6c91c084c39400970da98ffbc1aeb9cd0ca86afc1a08d35fe7454db5e2e608
2023-03-31 07:21:28,True,2.736e-10,8.622e-13,10204212434.0,0.0879,0xe2...3d53,https://bscscan.com/tx/0xe227fb141e0a01481e2efbf42b1d0c10418cafa668e6362da4332f5c5420bb30
2023-03-31 07:20:46,False,2.723e-10,8.579e-13,35487412954.0,0.3044,0xc3...7ea1,https://bscscan.com/tx/0xe5175bf9082eefb735e51371841fd17df186f535479a3881010de6c815797587
2023-03-31 07:20:07,True,2.736e-10,8.622e-13,3500027225.0,0.0301,0x63...9341,https://bscscan.com/tx/0xa9d41f99d07d94b3ac87d0dec8ababdeeb13213a7ff0e82df765618bc1610f79
2023-03-31 07:20:01,True,2.736e-10,8.622e-13,3479359812.0,0.03,0x52...b979,https://bscscan.com/tx/0x927dbb0d2403458d41ad38625b688cc6ea1163da892b4ab1ecbacaa886fc1f49
2023-03-31 07:19:07,False,2.707e-10,8.579e-13,11906444540.0,0.1021,0x93...b0c2,https://bscscan.com/tx/0xea2dbe30b47efb20d21f9d88bf5e20beb1e3b6487133f6bc98c27d2f5da62730
2023-03-31 07:18:46,True,2.736e-10,8.622e-13,2434781925.0,0.0209,0x94...190d,https://bscscan.com/tx/0x0633792c6240d96c25dfa100ffe3e7922dc90740377758343a83e68078981321
2023-03-31 07:18:40,False,2.722e-10,8.579e-13,34837397404.0,0.2988,0xba...4de0,https://bscscan.com/tx/0x66370f020fc0997ea9c7dee2c09582a836540576f3130d7c11c09ed71e8ef4bc
2023-03-31 07:18:22,False,2.722e-10,8.579e-13,47461831661.0,0.4072,0x13...a70e,https://bscscan.com/tx/0xa815e87dd63136500836ace64b1385a843177b3367af60609848e67877835b43
2023-03-31 07:18:16,True,2.736e-10,8.622e-13,347921217.0,0.003,0x2c...fc60,https://bscscan.com/tx/0x9adc97ece6e0a5c9791c250b89119e37b9ff0f5d1a169201d649930506dc4aa9
2023-03-31 07:18:01,False,2.723e-10,8.579e-13,180303375851.0,1.54699,0xb9...5429,https://bscscan.com/tx/0x99012b83d498cd916b6cd98ac3803d8e5ad518a6ccfa0ec9ff3e305742b1a70b
2023-03-31 07:17:46,True,2.723e-10,8.623e-13,51854636688.0,0.4471,0x42...a3b9,https://bscscan.com/tx/0x6c735bb0913a0019ed6282bca2b95a9ec18aa097e0eb7dd15c488046fe774844
2023-03-31 07:17:40,True,2.736e-10,8.623e-13,16144324228.0,0.1392,0x0e...8862,https://bscscan.com/tx/0x13ab7818802eb292aff34c14f13f1f73e4bf30832ca0195b2bc08f64bd838f5b
2023-03-31 07:16:46,True,2.736e-10,8.623e-13,18637693253.0,0.1607,0xeb...cf3d,https://bscscan.com/tx/0xb62670763f02580312e114ba34d7ddb1d10d07fa7fc0133953abc2bccf0ee237
2023-03-31 07:16:01,True,2.736e-10,8.623e-13,1819000000.0,0.0156,0xb7...08e4,https://bscscan.com/tx/0x3926a7bde238fcb0ea6ae7a4473cdfb4bf4df95afcab843117aac4ae0056568c
2023-03-31 07:15:22,False,2.709e-10,8.579e-13,11906443640.0,0.1021,0x93...b0c2,https://bscscan.com/tx/0x45f0b4bd862497410f1882ef4dab755a5cf725b0ef3c64f46cdd4217729759ad
2023-03-31 07:15:16,True,2.723e-10,8.622e-13,58989400000.0,0.5086,0x66...1ae1,https://bscscan.com/tx/0x9a18183529ef9f7b70417a321bc497e4dc57d6d2bb61e6fcf9b4ab8c23a9af5a
2023-03-31 07:13:25,True,2.737e-10,8.622e-13,44555037831.0,0.3841,0x2a...189e,https://bscscan.com/tx/0x1caa7f0f7b296da9386233e8d686eddc6af89f5d32b3b69719b0c2fc25bc3f33
2023-03-31 07:13:19,True,2.737e-10,8.622e-13,2919370909.0,0.0251,0x0d...c520,https://bscscan.com/tx/0xdc3f4b26f384208f5120d1ed2011db281fa1e58a5279a5a549d405bc40204add
2023-03-31 07:12:37,False,2.709e-10,8.579e-13,45000000000.0,0.386,0x8d...3d09,https://bscscan.com/tx/0x6f5a19f4b41fa99801c8002e314180e56911d2aa37ba2609dc88c967e4bfe469
2023-03-31 07:11:07,True,2.736e-10,8.622e-13,367197293484.0,3.166,0x4c...c93e,https://bscscan.com/tx/0x924013a7bd063fff19d8e199193eead11659bbe4489b8a0b65eba1ddfbe44c8b
2023-03-31 07:10:46,True,2.722e-10,8.621e-13,5223038965.0,0.045,0xcd...8f92,https://bscscan.com/tx/0xa4caeb1d4fec7307885e96d2d774e9dee3471fad9b80fe9abfa6ba515fc20a21
2023-03-31 07:09:58,True,2.736e-10,8.621e-13,381946513.0,0.0032,0x3f...7b96,https://bscscan.com/tx/0xf4ab3f23518436764f195c0bf698ef8a585e7b212bb60e6cba7270fa6e081d64
2023-03-31 07:09:22,True,2.736e-10,8.621e-13,5683612280.0,0.049,0xa5...ddef,https://bscscan.com/tx/0xb44610109cc9b9c7079ab1d3f0eab550d6751034796f1cc0984ff72a0dab82a1
2023-03-31 07:09:04,False,2.722e-10,8.578e-13,2077919534.0,0.0178,0x3d...adb7,https://bscscan.com/tx/0x01f9a3915ee70f5c10bd477710a68ebd5cd757668a9ea8c78a027ab913dbd27c
2023-03-31 07:08:37,True,2.722e-10,8.621e-13,34361000000.0,0.2962,0x32...387e,https://bscscan.com/tx/0xb85cf3446bc871bd278215553195adcced46e5a379f22cc045c630d731db7a0f
2023-03-31 07:08:34,True,2.722e-10,8.62e-13,264654088556.0,2.28148,0x4d...9621,https://bscscan.com/tx/0x5ba7c70cde6e9e5dc0ee252d45ba0fe3cef08dd668d4b7e9bf8ef4042692ffc7
2023-03-31 07:08:28,True,2.722e-10,8.62e-13,11826095659.0,0.1019,0x2e...83cd,https://bscscan.com/tx/0x4d726b1a781cb5fa109fbd7ed1d3d002c46f5bed197f15f4456bda7ef08928ab
2023-03-31 07:08:16,False,2.708e-10,8.576e-13,1741483943.0,0.0149,0xc9...62df,https://bscscan.com/tx/0xb09e878b31f94acbb4b1a0cab92e1477a043b723af86f39f8aedc39d9fc1137a
2023-03-31 07:07:55,False,2.722e-10,8.576e-13,6925345694.0,0.0594,0xb4...1d55,https://bscscan.com/tx/0xd20787068cc81b8597fc703a98ce338756f53059a23f4639ca3fdab868e7ecfb
2023-03-31 07:07:52,False,2.722e-10,8.577e-13,36616216290.0,0.314,0x43...5429,https://bscscan.com/tx/0xe4acdd0d0ea757e6c5e29917dccaede030a55e9f2a62737c646196abbd42f6f3
2023-03-31 07:07:40,True,2.722e-10,8.62e-13,25017900000.0,0.2156,0xac...fd79,https://bscscan.com/tx/0x387b8d65abf2c94e954c8cbdb77a6c88eae1df951d11d0aeea73a76962ec075d
2023-03-31 07:07:07,True,2.735e-10,8.619e-13,348420031849.0,3.00316,0xae...89d7,https://bscscan.com/tx/0x3d7ead47d4221e799a1b8e9f113318736a329847eb4f8ede294cd14d8c61a435
2023-03-31 07:07:07,True,2.735e-10,8.618e-13,2178112455.0,0.0187,0x3f...7b96,https://bscscan.com/tx/0x913a81471dfd56867f040ffb91acbeb19d9dc3793f4926d3f5057b8a7e8664c9
2023-03-31 07:06:49,False,2.721e-10,8.575e-13,11875625337.0,0.1018,0x01...d3e3,https://bscscan.com/tx/0x08841b62d0dc62b0240c7cc1b5ec69bd71ee924fbf8f1b5f8f81d2c80214ddff
2023-03-31 07:06:07,True,2.721e-10,8.618e-13,14242037272.0,0.1227,0x9c...920f,https://bscscan.com/tx/0xfcca5363faf0dd24d23b7482d9ba4205d319ea58c8147a2fb0a53be0b86156f1
2023-03-31 07:04:25,True,2.735e-10,8.618e-13,44186272924.0,0.3808,0xee...0479,https://bscscan.com/tx/0x490957b54219659a80c4c650dca41342eee9058ba0ac023e91de5c88905b4e17
2023-03-31 07:03:19,True,2.735e-10,8.618e-13,55813914648.0,0.481,0xa8...3fe5,https://bscscan.com/tx/0xa633da9445d42861644eb04eab41c15e84408d0bae8189e087e0dc148812fa79
2023-03-31 07:02:22,True,2.735e-10,8.618e-13,70089576867.0,0.604,0x43...6248,https://bscscan.com/tx/0x52f7bd88d20c8e6dd35d4486b0df4ec61d29261a4d610b8d4bcf8fd79918ef40
2023-03-31 07:02:10,False,2.708e-10,8.574e-13,2221782754.0,0.019,0xeb...9136,https://bscscan.com/tx/0x5773221847dcafd345272e21732ae6e9ee6dc5121850bee9ded1f072e498ae6a
2023-03-31 07:01:43,True,2.721e-10,8.617e-13,12411900001.0,0.1069,0x83...e794,https://bscscan.com/tx/0x830357c6323ae0254cb8f684396354ef5241f2cbe3243a5c9a5fe58e4b25b55b
2023-03-31 07:01:40,False,2.708e-10,8.574e-13,7692256916.0,0.0659,0x26...db7c,https://bscscan.com/tx/0x7ea5b164a400f39da2028cdfe6d8fc82989d24bf50bb60e74a7ee80ac3c828ce
2023-03-31 07:01:04,True,2.721e-10,8.617e-13,14037044805.0,0.1209,0x8f...654f,https://bscscan.com/tx/0x63331b933b85bb22134841a9932b461db8a6579d8f547dd56bef0e8834a4330a
2023-03-31 07:00:49,True,2.721e-10,8.617e-13,17609565298.0,0.1517,0xf1...c2a4,https://bscscan.com/tx/0x865b4faf846d3fec8d1cfd9de5dd760d7f32e3c0455e3e87bd95f9a64e24e7b7
2023-03-31 07:00:19,True,2.72e-10,8.616e-13,732683323403.0,6.31303,0x4d...9621,https://bscscan.com/tx/0x5f443b9aafb59a07e905ca3238e47f82fd29877f846fdcccde45543840c21363
2023-03-31 06:59:09,True,2.734e-10,8.614e-13,6062374627.0,0.0522,0xb2...0fe6,https://bscscan.com/tx/0xe38a8e93aeb7e2868f83a0822b2322542edc5c19948245a143bdc1cecbf1d0b2
2023-03-31 06:57:18,True,2.72e-10,8.614e-13,6000000000.0,0.0516,0x28...567d,https://bscscan.com/tx/0xbfecf3c4c4d6d1c426e5453cbe571bc4fe59d82bfbe2d4d13d034aa1057d9963
2023-03-31 06:57:06,True,2.72e-10,8.614e-13,580398141.0,0.005,0x41...c95d,https://bscscan.com/tx/0x5746b733f48448cf00298c53269be65f1cda42934b08080989d9157e53b56ae9
2023-03-31 06:56:03,True,2.734e-10,8.614e-13,25769838345.0,0.222,0xf3...b19b,https://bscscan.com/tx/0x57c4b0360b17e5d65e57184a0d9033d7272d9067eda9de0912560ad0d7cc5fb7
2023-03-31 06:56:03,True,2.733e-10,8.613e-13,371492087295.0,3.2,0x86...e2ba,https://bscscan.com/tx/0x7790161bd1c4528ec6357f722478c770a32c09ee172b4d842daa9213da81d02f
2023-03-31 06:54:18,True,2.733e-10,8.613e-13,11611200000.0,0.1,0x73...23e5,https://bscscan.com/tx/0xd95b71aad2cf3b6e7053c13e9939120c3a44745abc456bcf9370e3273e0f8877
2023-03-31 06:53:48,True,2.719e-10,8.613e-13,38735912756.0,0.3336,0x9d...f475,https://bscscan.com/tx/0x7eac0f01733abb7028913a6d60458ecb8fb64d7e612575845711e1b4e70dc6f2
2023-03-31 06:53:48,True,2.719e-10,8.612e-13,3483129962.0,0.03,0xad...e67c,https://bscscan.com/tx/0x4ca4be821febab90775ea7835bc84760cdbfefb10c4928737214b59cb7685c4d
2023-03-31 06:53:42,True,2.719e-10,8.612e-13,145058564864.0,1.24934,0x39...1408,https://bscscan.com/tx/0x82901632d86d989f08869121a46606cb9ab81d52c881449c39572b23cb82ce22
2023-03-31 06:53:24,True,2.719e-10,8.612e-13,32645980475.0,0.2811,0x6f...4f00,https://bscscan.com/tx/0x1326ee03f447f7c65086c74a9c74a84c488182d293072cd62ff6f1cc6afea1b0
2023-03-31 06:52:33,True,2.733e-10,8.612e-13,13721548771.0,0.1181,0x7a...7a76,https://bscscan.com/tx/0x3c74ecdc01b2a4bb41825e3cf3ec2af9a725707972c96de5e713029e179062e4
2023-03-31 06:51:57,True,2.719e-10,8.612e-13,1985555135.0,0.0171,0xff...15db,https://bscscan.com/tx/0xda6fe3cfc63fa673125eb7539d80dd371572230bb3c9141004ffb9b0b91c22a5
2023-03-31 06:51:12,True,2.733e-10,8.612e-13,41278624142.0,0.3554,0x87...1a73,https://bscscan.com/tx/0x47791614a5717a9369b012bf0ffa55f81c4b836786bffdac2ffe1412ac71c0b5
2023-03-31 06:50:24,False,2.719e-10,8.568e-13,335.95,2.878e-10,0xab...6c67,https://bscscan.com/tx/0xe251318d5c7c3ebc4f9bb8cdff24d507153dbb718c918d7c199dfc1b23f94bc9
2023-03-31 06:50:15,True,2.732e-10,8.611e-13,10218349146.0,0.088,0xb6...b982,https://bscscan.com/tx/0x1175204b08fd574109ba99716096f2b18c800ce6f1a364fc82ef2489a90586d4
2023-03-31 06:50:06,True,2.732e-10,8.611e-13,20901322668.0,0.18,0x47...af07,https://bscscan.com/tx/0x6a56b58698494cfc82bb09c46d1689e4ab0aa32aee10f70b6cead009e86fc9be
2023-03-31 06:49:51,False,2.705e-10,8.568e-13,55221356375.0,0.4731,0xab...6c67,https://bscscan.com/tx/0xda2854ba44bce65b95c4159cf85557d61767ad62fa5ee2d952d9856e83f02103
2023-03-31 06:49:30,True,2.719e-10,8.612e-13,17417472785.0,0.15,0x83...34f4,https://bscscan.com/tx/0xb8e6f532833a109fd3f1d478dc64190d38cbecfec6fe7550670cde5397cace9b
2023-03-31 06:49:30,False,2.705e-10,8.569e-13,21913854233.0,0.1877,0x62...9ee0,https://bscscan.com/tx/0xc84486b29bd4b1c136d5372cd350bab3d00b39353d4cc6a35d8693a66dbccf62
2023-03-31 06:49:15,True,2.732e-10,8.612e-13,1033870011.0,0.0089,0x27...e571,https://bscscan.com/tx/0xba240b1c2ceb49ab6bd33bc7371160bb5988d7204ef2d88ea41a33320d3e0ac1
2023-03-31 06:49:06,True,2.719e-10,8.612e-13,10450449571.0,0.09,0x8f...c6e3,https://bscscan.com/tx/0x80da63f64cd84989b276400f02ef3e14ee0fa04ff57dda140174cabfdf588896
2023-03-31 06:48:45,True,2.719e-10,8.612e-13,4013590000.0,0.0345,0x1e...8806,https://bscscan.com/tx/0xb8aca8f60bd437057c7e744a27ade72d86177a44e5dcc2e60c6418876f083ba9
2023-03-31 06:48:36,True,2.733e-10,8.612e-13,9616160001.0,0.0828,0xdc...e344,https://bscscan.com/tx/0xd8f5c9f2da8934cb86f1eb5bb091ceafff021af69949f82bdb30326d6765ca84
2023-03-31 06:48:15,True,2.732e-10,8.611e-13,575830792.0,0.0049,0x66...0b21,https://bscscan.com/tx/0x492f7db5d5cda12675427ff32c4b4cf4040d8294c6997aeacc509dbc777140af
2023-03-31 06:47:57,True,2.718e-10,8.611e-13,17101900000.0,0.1472,0x1e...8806,https://bscscan.com/tx/0x55045e8fec4498aa1d76de6b0551e33efddff6905a2eb8d990634ce041c89d2d
2023-03-31 06:47:27,True,2.732e-10,8.611e-13,2021380620.0,0.0174,0x51...f27c,https://bscscan.com/tx/0x02cdd677198574ac7e16ef581fa82c16fbc9fffb284bd640555ae7e3b4f6e651
2023-03-31 06:47:09,True,2.732e-10,8.611e-13,69459900000.0,0.5981,0x1e...8806,https://bscscan.com/tx/0xed3cd2079ebcc0e30111644e3b1786b15fe3823e8795d28386320227fdff30bf
2023-03-31 06:47:03,True,2.732e-10,8.611e-13,36233846345.0,0.312,0x2e...fcc6,https://bscscan.com/tx/0x5f358466872cc36119508f1623b5eed6c573338b09fbe1fc2d4929c202c61b6a
2023-03-31 06:46:09,True,2.732e-10,8.61e-13,278909000000.0,2.40166,0x1e...8806,https://bscscan.com/tx/0xd581916465fc5377ce4f65be8a7b7e6219b99585adddfd3ad917308f7d286c34
2023-03-31 06:45:27,True,2.732e-10,8.61e-13,12775368070.0,0.11,0xf3...dfd0,https://bscscan.com/tx/0x53478d5679050c815b91e9609f8f4f56c22c3ab92686db1e5a9435a06385a7e0
2023-03-31 06:45:24,True,2.732e-10,8.61e-13,16552291707.0,0.1425,0x58...1574,https://bscscan.com/tx/0x53a2df164419c7a4a498cb32ad22c95c7249e04d4f7797d243e952df0cb961a2
2023-03-31 06:43:30,True,2.718e-10,8.609e-13,156796132692.0,1.35,0xa4...b67a,https://bscscan.com/tx/0xc0fa147e93973569bba2f17a32bea97d4cdd71b3d215a8a2c45198f1383b494f
2023-03-31 06:42:33,True,2.718e-10,8.609e-13,9730556823.0,0.0837,0xfa...3a03,https://bscscan.com/tx/0xc55efb7c8605b81d3548bd360fd724d20a7b17800d47357a5e6bcd08847b2fec
2023-03-31 06:42:09,True,2.731e-10,8.608e-13,701822699512.0,6.04137,0x6a...2a3b,https://bscscan.com/tx/0xe03d68b0417d86cbb7ae01946aea5603bf6eb50357edf09a6d7ca0ab36f7e94f
2023-03-31 06:40:18,False,2.716e-10,8.563e-13,1153972770.0,0.0098,0x8a...97b9,https://bscscan.com/tx/0xa9dee48e8c5441e9d808668c759104d1eb73a0312825476ac346b19a818255a8
2023-03-31 06:40:15,True,2.729e-10,8.606e-13,3601850593.0,0.031,0x3e...378b,https://bscscan.com/tx/0x31651dbe01b006af805b0a21d92e99716af4788c37af2264660763c7a131a44b
2023-03-31 06:39:48,True,2.729e-10,8.606e-13,4922665141.0,0.0423,0xa6...3186,https://bscscan.com/tx/0x659f06d2e274f065f2ea74031b39427416f07e02b5a8bdd1a8efd5890273e9dc
2023-03-31 06:39:27,True,2.729e-10,8.606e-13,248113952.0,0.0021,0x8f...e6e4,https://bscscan.com/tx/0xb7cb040dbe9db199cfc14e9998ca3bfa6db23556b966cfe2463a8c8e1e0f3b94
2023-03-31 06:37:57,True,2.729e-10,8.606e-13,2323783516.0,0.02,0x53...8e7b,https://bscscan.com/tx/0x4be63dc37ae1e186df65444a27cb6a62afaa7eca58a57c984d42d816eb1bcec6
2023-03-31 06:37:39,True,2.729e-10,8.606e-13,6855176265.0,0.059,0xb2...0fe6,https://bscscan.com/tx/0x6b4ca8effb08afaa8ba1bf812526c3638b2a3c63fc215917f34a22c6b856b4d2
2023-03-31 06:36:15,True,2.716e-10,8.606e-13,26723780897.0,0.23,0x1c...c79d,https://bscscan.com/tx/0x57b351c11abae8ea96b0750448476b2313919a3716b9ec5940f795686b0d0f5f
2023-03-31 06:36:06,True,2.716e-10,8.606e-13,7564060001.0,0.0651,0xe9...f02a,https://bscscan.com/tx/0xb718dcc378276fc86f0255bdd7680c371b1600cbc301f5752573308d9a5e7744
2023-03-31 06:35:45,True,2.716e-10,8.606e-13,26422025118.0,0.2274,0x0b...a9da,https://bscscan.com/tx/0xb66eaa91445882248735ea8642879235e197b3c7b24f0fa2b39a42219d9ad033
2023-03-31 06:34:21,True,2.715e-10,8.606e-13,9504289506.0,0.0818,0x47...3e72,https://bscscan.com/tx/0x5fc3edb6b83ee132e555df4c59fba203041fb7d2a1a86918fe3bb3d58da62677
2023-03-31 06:33:51,True,2.729e-10,8.606e-13,42992023715.0,0.37,0xbb...c663,https://bscscan.com/tx/0xe4377b35004ced0aa7d2d9b2bb48d6ee49a91cf9354dc5c99828331524e260b1
2023-03-31 06:33:45,True,2.715e-10,8.606e-13,3372392285.0,0.029,0xdd...ab95,https://bscscan.com/tx/0xe141de156692e1e4db225058dd6ecab292ce8b7076ea79d9f02908a9a8640c0c
2023-03-31 06:33:24,True,2.716e-10,8.605e-13,117500785762.0,1.0112,0x1d...25d3,https://bscscan.com/tx/0x4f3c5efde133aec2d8295d898c12c702f527a21c131f24d8f346746b042fd96e
2023-03-31 06:33:00,True,2.716e-10,8.605e-13,192897876995.0,1.65994,0xd9...01c8,https://bscscan.com/tx/0x4453150136dd8f68066f6ec7be84a5d3eeef9aec7c59b06ac6177fe142b08a74
2023-03-31 06:32:09,True,2.715e-10,8.604e-13,8566474640.0,0.0737,0x3f...7b96,https://bscscan.com/tx/0x9341997d0807cdddf75e56fc5b8a8781d286329fa5bebe8412661ff3a047c4b4
2023-03-31 06:32:00,True,2.715e-10,8.604e-13,4411355016.0,0.0379,0x90...93d9,https://bscscan.com/tx/0x0699b1456aea00bb7d4a1baca798c9dba9ce8afe68317a637180f4989f7555f2
2023-03-31 06:31:51,True,2.729e-10,8.604e-13,8134981631.0,0.07,0x87...dde8,https://bscscan.com/tx/0x989ec75699caeac687fc98ef1b15b3953586f831fa5237d0dbc5f83aa8ef745d
2023-03-31 06:30:33,True,2.716e-10,8.604e-13,25451529522.0,0.219,0x93...c382,https://bscscan.com/tx/0x52438ed01f1739a61fff7e1861ed46ea9b91ada048cd93f8adf391f23bba3c90
2023-03-31 06:29:21,True,2.717e-10,8.604e-13,9342331453.0,0.0803,0x32...338c,https://bscscan.com/tx/0x20556c686304351ae5c6008c61bb0ffa2d532fe4c4b9f172978fd251d86a112b
2023-03-31 06:28:54,True,2.73e-10,8.604e-13,92750000000.0,0.798,0x13...c2a4,https://bscscan.com/tx/0x94508bd59b02b357c9f946f151c498c200090ded44fcf396708d382e57cc1c61
2023-03-31 06:25:21,True,2.732e-10,8.604e-13,17238627947.0,0.1483,0xb8...fcf4,https://bscscan.com/tx/0xcecfba52300afb8b23c3c371092c46c990f79e052478a5ead12762bb57fe96b1
2023-03-31 06:24:27,True,2.733e-10,8.604e-13,4500000000.0,0.0387,0x99...f7fd,https://bscscan.com/tx/0x04c40931128ea7581127f8b74662ff3d929cc548d1b9c6fe162a214b5cf99a1e
2023-03-31 06:23:24,True,2.732e-10,8.604e-13,20811092820.0,0.179,0x0c...ac49,https://bscscan.com/tx/0x372b7c0da1638631bad59b8271b85e78650e8565ec07dd7ef918c641aae9a087
2023-03-31 06:22:06,False,2.719e-10,8.561e-13,1890000000.0,0.0161,0x8e...f039,https://bscscan.com/tx/0x68ed2b137fcea00d34de8d7825cb5d39c972948f6fd83f71f263029d23b19bbc
2023-03-31 06:21:29,True,2.732e-10,8.603e-13,73180024039.0,0.6296,0x23...95d4,https://bscscan.com/tx/0x7a5ee833436589cefc95732cc8023a70f5abd63fc210b70e3c48df71fcf43b84
2023-03-31 06:19:36,True,2.719e-10,8.603e-13,348682577.0,0.003,0xfa...5a52,https://bscscan.com/tx/0xcfd41742dc522d3ac498d62f052c5d169ccad0f7a4243688b1048d3965babbed
2023-03-31 06:19:10,True,2.718e-10,8.603e-13,293690342586.0,2.52668,0x14...80be,https://bscscan.com/tx/0xa7bf882d154de1d9e2c54f8022d22ba95221350fbb8c56b2fc7f1d4a50dcab33
2023-03-31 06:18:36,False,2.705e-10,8.559e-13,7274406498.0,0.0622,0x3f...e23f,https://bscscan.com/tx/0xb7e70de4b2603f5f62023b570be5437161dbaaf1ee3d7551ec421d63089a48ec
2023-03-31 06:18:33,True,2.719e-10,8.602e-13,8502065445.0,0.0731,0xd5...c01e,https://bscscan.com/tx/0x68cd7a8531bbd34f6cabae3d5c375f022772288339a98629f433978857c61fc4
2023-03-31 06:18:15,True,2.719e-10,8.602e-13,36188580653.0,0.3113,0x2a...e581,https://bscscan.com/tx/0x7cb6f9215652a0580f51e6052bbb979c3267a573f37423f15702925861fc8dec
2023-03-31 06:17:36,True,2.733e-10,8.602e-13,2158330394.0,0.0185,0x3f...7b96,https://bscscan.com/tx/0x2711a23563fbb02011662753e17fdda290b8fe52e3ef42cf35b0bfcb61a6d5f6
2023-03-31 06:17:30,True,2.733e-10,8.602e-13,12787083056.0,0.11,0x45...8cab,https://bscscan.com/tx/0xa89c7b70b1bfdac81f449de975a2ce3e36264fd071e020a8d352b063f196a56c
2023-03-31 06:17:09,True,2.733e-10,8.602e-13,33711771670.0,0.29,0xa5...c520,https://bscscan.com/tx/0x28ab3874e504dc9c39b63ebe356f8b28ca63d7bd9584b3b17aaf89494785becf
2023-03-31 06:16:57,False,2.719e-10,8.559e-13,9076877847.0,0.0776,0xd0...40c2,https://bscscan.com/tx/0x3d291780cce2a4b12f06886ea7a6a9810dac4bf0cb21b08252b2d46cf66c6bfb
2023-03-31 06:15:00,True,2.72e-10,8.602e-13,803506379.0,0.0069,0x30...716b,https://bscscan.com/tx/0x10fae3ef87c5f47c008c51043ce9ed153d869fed9bb9086933dfa90d4556eb84
2023-03-31 06:15:00,True,2.72e-10,8.601e-13,232508719789.0,2.0,0xb0...040a,https://bscscan.com/tx/0xe7d776b6fb79dd07b345a84c2a5e41b8555b615cc6d6b5214469cd23de8bb5a8
2023-03-31 06:13:39,True,2.72e-10,8.601e-13,2093632631.0,0.018,0x15...4042,https://bscscan.com/tx/0xd7ffd522b24287ba27ede972e9e9bf92c44cffb0ecdfd9ff74704e60072d54ec
2023-03-31 06:13:21,True,2.72e-10,8.601e-13,8559561399.0,0.0736,0x96...b8cd,https://bscscan.com/tx/0x0bad867375e33186671cffa7ca399703a0e9b4f5cbda514b53e1f904ae9c712b
2023-03-31 06:13:15,True,2.72e-10,8.6e-13,550297034459.0,4.73266,0x55...1eb9,https://bscscan.com/tx/0x833b0bb035c7b0d33815289a1d02a6dc386d90b669d393d6e3e88cfefe7f60cf
2023-03-31 06:12:03,False,2.719e-10,8.556e-13,22000012725.0,0.1882,0x01...6a1e,https://bscscan.com/tx/0x2f9bb88ee590488ca2cec619885039f2ba189b669a63ce2c18a13e9754a3ed76
2023-03-31 06:11:42,True,2.719e-10,8.599e-13,10864441966.0,0.0934,0x22...ce5d,https://bscscan.com/tx/0x6fcb74169ca2747f214c92354d31cd708918fce13570fde32660139822325c44
2023-03-31 06:11:15,True,2.733e-10,8.598e-13,83224736126.0,0.7156,0xb8...fcf4,https://bscscan.com/tx/0x07135f6c25ba04581a2319f5d27f20ccd01d63170d3b7b003c887b97a850852f
2023-03-31 06:11:06,True,2.733e-10,8.598e-13,61637543203.0,0.53,0x60...d507,https://bscscan.com/tx/0x1825204904a526e121b6a426691fb99996b20d61b9ec9afd78f688fc58dac2af
2023-03-31 06:11:03,True,2.733e-10,8.598e-13,392306404.0,0.0033,0x76...07ec,https://bscscan.com/tx/0x9f5ec65dab655eb86a5ed909ff2a7e79c8ec9d487dfcc8f769813041c7c803db
2023-03-31 06:10:24,True,2.719e-10,8.598e-13,2325980591.0,0.02,0x11...c2f3,https://bscscan.com/tx/0x872de56a5f88566b85af2b125e88ee0eb272ee4328f2efe30cbb230ad3fad3cd
2023-03-31 06:10:15,True,2.719e-10,8.598e-13,5027661478.0,0.0432,0xc4...a065,https://bscscan.com/tx/0x81e2d674839af436ab57b4e524a14b1b0feac419a0340f665f24ea67833dab93
2023-03-31 06:08:39,True,2.719e-10,8.598e-13,34058525280.0,0.2928,0x1b...546c,https://bscscan.com/tx/0x95b828ba7f88eb124f3b165588c883cd6c0e290e5ec590510b8fe949cfd1c54a
2023-03-31 06:08:24,True,2.733e-10,8.598e-13,581506294.0,0.005,0x4e...8d6d,https://bscscan.com/tx/0xd98380a39cd9b30422ca0edcc0423410b2df85a0368d51b5a3524cd2f29dac99
2023-03-31 06:08:09,True,2.733e-10,8.598e-13,6798521165.0,0.0584,0xc0...4c21,https://bscscan.com/tx/0xa6f80bc89bffa18f29648a89873c01a4b2890a46af96c1b22264bdda643a8dff
2023-03-31 06:08:06,True,2.733e-10,8.598e-13,2326034253.0,0.02,0x11...c2f3,https://bscscan.com/tx/0x053329d0bde92b857d042b6dd0d4c206ca3cbe3514fea150f1f924e4e9f32af9
2023-03-31 06:07:30,True,2.733e-10,8.598e-13,66874580100.0,0.575,0xb8...2bb6,https://bscscan.com/tx/0xe032c47ee1caa718db5af224b141c85f0010316363afb66cf2589999813d19d5
2023-03-31 06:06:42,False,2.719e-10,8.555e-13,33460977562.0,0.2862,0x49...afdd,https://bscscan.com/tx/0x1bfe403636de6d5b99793ef63bb9533e855c8127e4cc1206ad15607c0f7626f0
2023-03-31 06:06:27,False,2.706e-10,8.555e-13,41106924196.0,0.3516,0x44...e373,https://bscscan.com/tx/0xd35214c487ab2827800e530a1396bb5c13825bd56be210ecda5f2d3d6f58007b
2023-03-31 06:06:15,True,2.734e-10,8.598e-13,288622476.0,0.0024,0xc0...f038,https://bscscan.com/tx/0x1294600ef6fb3206f9af29f555e4b25a6f7a5039f056ada00ab522c5d5e091e7
2023-03-31 06:06:12,True,2.734e-10,8.598e-13,7882876882.0,0.0677,0x4a...3bd9,https://bscscan.com/tx/0xfd3baa83bad8acf45edb76b75f1fbd4f4a3811b5eedc77b2b726a23747b2a9bd
2023-03-31 06:05:48,True,2.734e-10,8.598e-13,3721661297.0,0.032,0x47...74e6,https://bscscan.com/tx/0x6d5f4ebb54613ed7f180b95061276239ff60cc8ff9527dda5fe6d114fae2128b
2023-03-31 06:05:39,True,2.734e-10,8.598e-13,3214422548.0,0.0276,0x7a...f5b6,https://bscscan.com/tx/0x06eea95b960da90a3c29db74289485061ca69703ad7d30720f6614bf184f67b0
2023-03-31 06:05:24,False,2.707e-10,8.555e-13,248729716275.0,2.1281,0x76...a746,https://bscscan.com/tx/0xe18e2022e36e094615795eb077350f82586a2c1a31a7addd3fb8de3eaed9cdd8
2023-03-31 06:05:12,False,2.707e-10,8.557e-13,745080322744.0,6.37629,0xe6...9ad9,https://bscscan.com/tx/0x8bf3ae17dd571e9486752659be1839ff928ee280dbc6fccb6a574c3820556176
2023-03-31 06:04:27,False,2.722e-10,8.559e-13,91128643849.0,0.78,0x4b...0ca6,https://bscscan.com/tx/0x90b6172b0074dcfa7381c27a4fc86edbf1b7a9a63c971ded57b9a94258af5953
2023-03-31 06:04:18,False,2.722e-10,8.559e-13,2349418843.0,0.0201,0xe4...8e43,https://bscscan.com/tx/0xc6fb8e1ffdb189573970fa86414322f2fa5b918f55fe6a71f396528e8ca7b0e4
2023-03-31 06:03:57,True,2.736e-10,8.602e-13,2179535892.0,0.0187,0xd4...9c90,https://bscscan.com/tx/0x32b3329447058257c530a0077f66fbef8dd8286f509c82d15b7e0cf03d52a2e7
2023-03-31 06:03:09,True,2.722e-10,8.602e-13,93057957152.0,0.8005,0x14...b291,https://bscscan.com/tx/0x348dd1028dff184edfa8290e2ba9310abcd61c207aef62369dd8bae32a0ba859
2023-03-31 06:01:39,False,2.708e-10,8.559e-13,30103268419.0,0.2576,0x37...0164,https://bscscan.com/tx/0xacd97927eed3927f666a09a68dc223530ad9b5de67ee8534ac31597a9be72fab
2023-03-31 05:58:54,True,2.737e-10,8.602e-13,5950986428.0,0.0511,0x74...4723,https://bscscan.com/tx/0x55f266ad54c7273b1bf7da42044e070b2e537f05f5e9dae609759a16f44aa7ee
2023-03-31 05:58:18,True,2.736e-10,8.602e-13,21273211682.0,0.183,0xf3...75f9,https://bscscan.com/tx/0xc0ad83e6397df32bc1a7acd87e3185b0e6991ff5ef1c69ee46aeb762214576ee
2023-03-31 05:57:42,False,2.723e-10,8.559e-13,156626948768.0,1.34068,0x33...e0ac,https://bscscan.com/tx/0x945f179e142165d68008d7fc9631d0cb0f75169a58feae4dd9ecc1d183c88c46
2023-03-31 05:57:03,True,2.737e-10,8.602e-13,2711022006.0,0.0233,0x4a...3bd9,https://bscscan.com/tx/0x6dd0deb81ba9b0b1e2b8833d8a6233ee0677d885e2eaf674f3a84a46db86c6df
2023-03-31 05:56:48,True,2.723e-10,8.602e-13,1500019653.0,0.0129,0xa7...2f93,https://bscscan.com/tx/0x440973add9c24e7b4436b9043d3f844ff45b7c261f61db86a280f2715463e050
2023-03-31 05:56:39,False,2.709e-10,8.559e-13,4500000000.0,0.0385,0x0b...3f2d,https://bscscan.com/tx/0x9d291dffba90a151ddec4e346c150e0f6d9dd702e22fcf4f445423108e366d5e
2023-03-31 05:56:24,True,2.723e-10,8.602e-13,3534460000.0,0.0304,0xcd...53ad,https://bscscan.com/tx/0x720d04fffee3efb14237c31399aa475dca8424462f7dd0d2aea0f9300525186c
2023-03-31 05:55:57,True,2.722e-10,8.602e-13,1162392641.0,0.01,0xc7...4db9,https://bscscan.com/tx/0x671f9d9a5d4a019c3e0378720478d5a38b146a87216aef8913f2b5e52453910a
2023-03-31 05:55:33,True,2.737e-10,8.602e-13,6393170958.0,0.055,0x42...b5c1,https://bscscan.com/tx/0x2b144eb819bde4daa5f739344543473bb3ff6cf0592f4aad053b1c2c29d0c0d0
2023-03-31 05:54:51,True,2.736e-10,8.602e-13,36234052785.0,0.3117,0x82...5940,https://bscscan.com/tx/0x94e30f9e4fa476295c257485f52bf580a815b84f334140f9958e4185628471a1
2023-03-31 05:53:57,True,2.722e-10,8.602e-13,5929630001.0,0.051,0x74...4723,https://bscscan.com/tx/0x8378fe58eeee19a249e92af996fd6dcf8fbb45ffda26a1fbc7529149e42b7c9c
2023-03-31 05:53:42,False,2.711e-10,8.565e-13,2933340918321.0,25.1262,0xe9...b94d,https://bscscan.com/tx/0x8f3bf5bdcba2609141eaa1e4507f801d43c270aa3bd45785a5130ad3ea0339ee
2023-03-31 05:53:30,True,2.726e-10,8.614e-13,31787261974.0,0.2738,0x5d...2827,https://bscscan.com/tx/0x4dc6608ebe612ce24bb3634fb761e22a48c659b50b58715e10a0c37a855a223d
2023-03-31 05:51:53,True,2.74e-10,8.614e-13,8938402630.0,0.077,0x42...b5c1,https://bscscan.com/tx/0x5b49dd0bc78bce02d3d635697ddb8c8a79dd73d9f2c49a997e9469928ce16fbe
2023-03-31 05:51:44,True,2.726e-10,8.614e-13,11303086772.0,0.0973,0x02...9960,https://bscscan.com/tx/0x8aef6a7d6204488c3a483022dbf0bbd46cf7a510122835ceee05986617a4d2dc
2023-03-31 05:51:38,True,2.726e-10,8.614e-13,3968120001.0,0.0341,0x74...4723,https://bscscan.com/tx/0x081b04b2eb1fefb739d2085e6e7b496d0a6761085769b41ea23523500ecb89c2
2023-03-31 05:51:32,True,2.726e-10,8.614e-13,3739390001.0,0.0322,0xd2...5714,https://bscscan.com/tx/0x74758c2e63ea503751e78e7ce2d2f2fd29d3dfc049aa609231bfb784243f6676
2023-03-31 05:49:52,True,2.74e-10,8.614e-13,27679843704.0,0.2384,0x99...023e,https://bscscan.com/tx/0x0135c4c652f13e7b735c4de20e00b600f688a28d2d180426dc3096ff26420b53
2023-03-31 05:49:49,True,2.74e-10,8.614e-13,4000000000.0,0.0344,0xe6...56f7,https://bscscan.com/tx/0x0327d7f389d33b71a3aee7aeb7e88f39e3da7e90cc2041710a127bccd130b8f3
2023-03-31 05:49:19,True,2.74e-10,8.614e-13,9865414192.0,0.0849,0x7e...36e3,https://bscscan.com/tx/0x1170233fbe293e9f4a331800d9d9585580ed1c715b1bae8ff362a87e1e24225c
2023-03-31 05:49:06,True,2.726e-10,8.611e-13,1161186608971.0,10.0,0x11...275f,https://bscscan.com/tx/0xe5ff8205520ba40c837c290c7ceaf97140ac989a7b98ae6231b5257fcee0cac2
2023-03-31 05:49:00,True,2.725e-10,8.609e-13,3481622417.0,0.0299,0x64...356e,https://bscscan.com/tx/0xd510de0bc725582ee1edb738ab50d257b67ef1cf55ad8e225c0b7df748624f74
2023-03-31 05:48:38,True,2.725e-10,8.609e-13,9013315027.0,0.0776,0x1a...5467,https://bscscan.com/tx/0x12d9338c796736b1056c844feb0652d5e87aa41bfcbaca30daa009585d275194
2023-03-31 05:48:23,True,2.725e-10,8.609e-13,1858420245.0,0.016,0xf4...f7aa,https://bscscan.com/tx/0x1a7f7eea522e164719bbe9b48a054ac8c1b552568a5b4844d7c8d410808dfdcd
2023-03-31 05:47:23,True,2.725e-10,8.609e-13,200000000000.0,1.72181,0x14...b291,https://bscscan.com/tx/0xc6adb0f3103c5f89e877581a6c187a0122f8f0be7387f8f9d7e9ae3d3093d76d
2023-03-31 05:47:05,False,2.725e-10,8.565e-13,113275420935.0,0.9703,0xe1...27cf,https://bscscan.com/tx/0xc30d2728d8add17934fd6722a58ad9533e5ec5ff218113ee20c597ff9bead63a
2023-03-31 05:46:08,True,2.738e-10,8.609e-13,10541685120.0,0.0907,0x2d...adc8,https://bscscan.com/tx/0x6749c04e0f9f9dd1d1606ab92452ea64b58eb7676abc2af50c0f3ed44430edfe
2023-03-31 05:44:11,True,2.738e-10,8.609e-13,24853714053.0,0.2139,0xc9...db1a,https://bscscan.com/tx/0x5aa1f2d5ee62de8eafe497f0cfd2883da572b161150a7ca1beed4ab75c022c93
2023-03-31 05:44:08,True,2.738e-10,8.608e-13,8626583910.0,0.0742,0xca...203d,https://bscscan.com/tx/0x284ce9e0b7d5333d719c8c875242f18b1e742315e76d21e9638124419f5b3c9e
2023-03-31 05:44:05,True,2.738e-10,8.608e-13,127778236046.0,1.1,0xf6...f4e3,https://bscscan.com/tx/0xc4b382784ed0a83dc12ba76e59fdf1e54db5b1b7f34a0a1df91da28e3011c912
2023-03-31 05:43:50,True,2.738e-10,8.607e-13,330096262616.0,2.84138,0x8c...b3a7,https://bscscan.com/tx/0x7a84bebea93d0dbd196ab9285f5557612ba362b81f6496f2702c3f9f709a4656
2023-03-31 05:43:29,True,2.738e-10,8.607e-13,17445670755.0,0.1501,0xf7...82c6,https://bscscan.com/tx/0x1cd8760ef988bb8e1f731d5bb7df99c06d20f8f132692a3152adae1ad902559d
2023-03-31 05:43:08,False,2.724e-10,8.564e-13,2119781620.0,0.0181,0xe7...bc1f,https://bscscan.com/tx/0xe5e4ec6a7d2866b04ef28a15072c15db72dc4aeb5cab30a392cd93ebcf13bd87
2023-03-31 05:42:56,True,2.737e-10,8.606e-13,36757618046.0,0.3163,0xe2...b2ad,https://bscscan.com/tx/0x0e7db3105d2495f25bcaf40538843e7378c6fe2f4c5db1def099671b7ff5445e
2023-03-31 05:42:50,True,2.737e-10,8.606e-13,23128852361.0,0.199,0x9f...833e,https://bscscan.com/tx/0x4de32b73fd0a251c8448f491e361ddeb378556c84802bba4657c9281671e2ffa
2023-03-31 05:42:14,True,2.723e-10,8.606e-13,2323757603.0,0.02,0xe5...d2cc,https://bscscan.com/tx/0x35773cebbfb4c5372c794b2e7fcf295d0d753386de0228682a7a8b2552fdc972
2023-03-31 05:41:47,True,2.723e-10,8.606e-13,100000000.0,8.606e-05,0x0f...aa13,https://bscscan.com/tx/0x39297a56ac8d9a0efe82323c503cb6c1f94baef23981434a547acc1f07cecb16
2023-03-31 05:41:26,True,2.737e-10,8.606e-13,29083583229.0,0.2503,0x1a...6c46,https://bscscan.com/tx/0x6032b91fb208a31e5a007ec220345e881f64db0a356ac2fa7eb301f9b260d0d8
2023-03-31 05:40:32,True,2.737e-10,8.606e-13,1045706191.0,0.009,0xbd...a81d,https://bscscan.com/tx/0x2896e86e1aec8286a1913de647e0174e080fdf5877b015440b921efd49ed0acd
2023-03-31 05:40:23,True,2.737e-10,8.606e-13,4847853668.0,0.0417,0x5b...f9d0,https://bscscan.com/tx/0xc7d66e2155d2a7e6d0d1db5cf89254ab414b7d9bf2bfcdf4fca97399a7842940
2023-03-31 05:40:17,True,2.737e-10,8.606e-13,13649546870.0,0.1174,0xc4...d00a,https://bscscan.com/tx/0x11f71aecd4f4a1d9d712d994755e6b69cdcefaf9a9b8fec53ffdcb809d109762
2023-03-31 05:39:50,False,2.723e-10,8.563e-13,27001613254.0,0.2312,0x52...1d5c,https://bscscan.com/tx/0x9cfc2600d1901ded02d4ffe233a057584307b8b2772f39f88dab685bdee90dcb
2023-03-31 05:39:38,True,2.737e-10,8.606e-13,2222772741.0,0.0191,0x34...f2e5,https://bscscan.com/tx/0xcba1aa0852999857e5cbd90a107e50f1686ac65de1493b057cce42255506684a
2023-03-31 05:39:29,True,2.737e-10,8.606e-13,52089268260.0,0.4483,0xf6...f4e3,https://bscscan.com/tx/0x9b5b196bcdff82dd6616a184fd1e5dc64b034e9c5eca237f5eb9df7396384d24
2023-03-31 05:39:14,True,2.723e-10,8.606e-13,76831707314.0,0.6612,0x5d...2827,https://bscscan.com/tx/0x05ea79aa14a755059130e2533defdc92b1cf35307389b027aa120adfc56be552
2023-03-31 05:38:56,True,2.723e-10,8.606e-13,968591001.0,0.0083,0x25...9259,https://bscscan.com/tx/0x297033b7c66b5f8e9fbf9ffed566b5b5508adff2068a4e774d8e146a3bd99acb
2023-03-31 05:38:32,True,2.737e-10,8.606e-13,34419557357.0,0.2962,0x2a...e581,https://bscscan.com/tx/0xed6d38fe7bd6f32b17eb5c593b9c8e044bfea8d1e7df26986848fc0d63c450d8
2023-03-31 05:38:11,False,2.723e-10,8.563e-13,56567070622.0,0.4843,0x21...3cdb,https://bscscan.com/tx/0xca9252914694b4c7ed311335644b65822f0c25ccd73836840252da8b6aa840ca
2023-03-31 05:37:44,True,2.737e-10,8.606e-13,7023633510.0,0.0604,0x89...422d,https://bscscan.com/tx/0x7b36cfecb34c633335ea654c1e3ee8654730e2ccebddd6f7864cde53984b249b
2023-03-31 05:37:20,True,2.737e-10,8.606e-13,10225235783.0,0.088,0x1f...5aae,https://bscscan.com/tx/0xd60c2fbd82f4531a93c66ab5b8fbf387d20795c61d171719eb9b1a533d8fae83
2023-03-31 05:36:29,True,2.736e-10,8.606e-13,9320820272.0,0.0802,0xf6...4a35,https://bscscan.com/tx/0xbdc12039111f760a1221ce5c7a75f952b9aacec244cbe414ab1861d7e0eab9fd
2023-03-31 05:35:53,True,2.734e-10,8.606e-13,9000000000.0,0.0774,0x5b...6198,https://bscscan.com/tx/0xb54df7b5b0e47c510cf3c325a42c3787701d811179166ba0dac116818d4b0eb0
2023-03-31 05:35:23,True,2.733e-10,8.606e-13,28550843431.0,0.2457,0x21...96c6,https://bscscan.com/tx/0x48bb53b790f1bddc95517f5d1d832ad4747b81b333fd1088efdd445f5064a005
2023-03-31 05:35:17,True,2.733e-10,8.605e-13,35690632212.0,0.3071,0x2e...9f46,https://bscscan.com/tx/0xc15a6a13c2c3f59f80e9754a1cca96efb25fc74d27ba4522358ed32d1d461356
2023-03-31 05:35:17,False,2.719e-10,8.562e-13,23227706778.0,0.1989,0x29...5cc5,https://bscscan.com/tx/0x3e4c39c8a8d71d3ed46abbd7db93fdc9cb7343361c9999332f850e0f61037808
2023-03-31 05:35:02,False,2.706e-10,8.563e-13,90000000000.0,0.7706,0xcf...d44b,https://bscscan.com/tx/0xcb9d669715af5cf66a419e1595b8d5017c20db3847f9380a206804fb4ee1bbb3
2023-03-31 05:33:53,True,2.719e-10,8.606e-13,3485837033.0,0.03,0x1b...cb07,https://bscscan.com/tx/0x0b6d80c2facef8cc29c26c5f964e9bd1ff48b8490253cbbfd667acc02fccdb79
2023-03-31 05:33:38,True,2.733e-10,8.606e-13,1462967140.0,0.0125,0xf1...6c94,https://bscscan.com/tx/0x857ed8e2c71017ddf4b0356a71a792d49f8983603d66ab9afbf9db9cbfb6928e
2023-03-31 05:33:29,False,2.72e-10,8.563e-13,139207411410.0,1.19211,0x62...f268,https://bscscan.com/tx/0x2cbf4fb99f5962d9917a74ecbb07c47b1c27846d05d12e3c1d4d51b3a566c5f3
2023-03-31 05:31:50,True,2.733e-10,8.606e-13,266435423567.0,2.29301,0xe7...9d8a,https://bscscan.com/tx/0x4ad8a735ca846293926ff45782a62e38e1f189e912b5111ebf386c94e66ce871
2023-03-31 05:31:38,True,2.733e-10,8.605e-13,16503670644.0,0.142,0x7b...f46a,https://bscscan.com/tx/0xcfedf07c9b06d52800b4f953561bcff40523228c6a648d92171f9ddd642c685f
2023-03-31 05:31:08,True,2.719e-10,8.605e-13,1202976796.0,0.0103,0x5e...c12a,https://bscscan.com/tx/0x03638f633720972ae962d69ee0cf5119adebf1ac5a6ef81603376a10d546c2ed
2023-03-31 05:30:41,True,2.719e-10,8.605e-13,5298021939.0,0.0455,0xf5...d899,https://bscscan.com/tx/0x15f67b7a1f795ea6a733b024427ec13e3d50ddfcb12580e02f8fb54c875d4c6c
2023-03-31 05:30:29,True,2.719e-10,8.605e-13,2870627923.0,0.0247,0x7b...f46a,https://bscscan.com/tx/0x276856bf2bfa997ee172a495e3bf544429ad1fae25f2d9e4383c910503820a37
2023-03-31 05:29:30,False,2.719e-10,8.562e-13,39733576897.0,0.3402,0x75...7f76,https://bscscan.com/tx/0xba8164df164b6db167d2d8d2b391d7825f610410aa2feb4817f13007e2372db4
2023-03-31 05:29:30,True,2.733e-10,8.605e-13,1162010319.0,0.01,0x42...0ea5,https://bscscan.com/tx/0xc8431d07bd76b02130c3161db871010c9f4b1cfa75acb86ad0dd2912de194488
2023-03-31 05:29:27,False,2.719e-10,8.562e-13,15002678841.0,0.1284,0x79...becb,https://bscscan.com/tx/0xe978838ca54102036deafe7cd8b67d3721378d758cc0e64e4f495be584bc66bf
2023-03-31 05:29:06,True,2.733e-10,8.605e-13,18960231863.0,0.1631,0x7b...f46a,https://bscscan.com/tx/0x16bfb729164d316773070a1d56d5dc8ffbfd24942a34f6038795a0c5747a823e
2023-03-31 05:29:03,True,2.733e-10,8.605e-13,2400607846.0,0.0206,0x2e...2b9b,https://bscscan.com/tx/0x405da49491fcdea4c4936f9b2092b6b2408a5e23e2d03cd6afe16ce0e5e7fb49
2023-03-31 05:28:30,True,2.732e-10,8.605e-13,3506822003.0,0.0301,0xfa...4149,https://bscscan.com/tx/0xed1d75b35ba91956d836953c758c5bbc9e93b1a685ec763abe97a2e45719f884
2023-03-31 05:28:30,False,2.719e-10,8.562e-13,9510462378.0,0.0814,0x19...db05,https://bscscan.com/tx/0xfc575a3aa87a985ec5f5181770616f150bd2c5ae956f7380d47c54108bf319f2
2023-03-31 05:28:27,True,2.732e-10,8.605e-13,3246044411.0,0.0279,0x80...51d1,https://bscscan.com/tx/0xff76dfb80f506bc858487524c784ef506e1ea5f80eaed7323f6c468a7c6f77bf
2023-03-31 05:28:15,True,2.719e-10,8.605e-13,9715460000.0,0.0836,0x6e...c5e4,https://bscscan.com/tx/0x9f32871fe976cf240d12c386a057e894c39fdb32fcfb0430257e66acdd1144a9
2023-03-31 05:28:09,True,2.719e-10,8.605e-13,2924723423.0,0.0251,0xa2...7c11,https://bscscan.com/tx/0x8aa2883551c7c5e7c5e4a9a29fddcc6a21fe2d5b149424c1899b3710f47b8ab1
2023-03-31 05:28:00,False,2.705e-10,8.562e-13,4389302318.0,0.0375,0xcb...dc18,https://bscscan.com/tx/0x9220c457eb524216b583bb3d749a61f78fb87ad7c310ab9073329370177a7d82
2023-03-31 05:27:30,True,2.732e-10,8.605e-13,9722630000.0,0.0836,0x6e...c5e4,https://bscscan.com/tx/0x50bcbe8193dafa25353eac013e45ce0225c55f75493c3a03e7e683e77d6faa72
2023-03-31 05:27:15,True,2.732e-10,8.605e-13,813415932.0,0.007,0x47...78ee,https://bscscan.com/tx/0x8db6bc48713a0bf6587797a08c13808d93f7067ab608f3897b4d03d6400d049d
2023-03-31 05:27:06,True,2.732e-10,8.605e-13,91954100000.0,0.7913,0x6e...c5e4,https://bscscan.com/tx/0xd6a4ac3d8ee108ed1b7ab6b3f38cc04e490936f52ae561ca78fd5a1e1e12d3ea
2023-03-31 05:27:06,True,2.732e-10,8.605e-13,17262400000.0,0.1485,0x72...02a5,https://bscscan.com/tx/0xd2a00f47fc70a697c10f6782b4f5628f8432cabb5fafc1ef53fd4624f298563e
2023-03-31 05:26:54,True,2.732e-10,8.604e-13,319913589324.0,2.75272,0x60...57b4,https://bscscan.com/tx/0x023f7d273cf7efea97d01cd860dce1b44d8567ceaacab83ac2f90a1768ac363e
2023-03-31 05:26:36,True,2.718e-10,8.603e-13,13321200000.0,0.1146,0x6e...c5e4,https://bscscan.com/tx/0xf4cd4b249c54ea47083da502a9e66fe4c5c4f88df129a0ad2c05b0ade0dce38c
2023-03-31 05:26:18,True,2.731e-10,8.603e-13,1349100000.0,0.0116,0x6e...c5e4,https://bscscan.com/tx/0x3ce77237e6e4f688175f91f2bfd8703d3895d113a10e3a099488b42b2b905058
2023-03-31 05:26:15,True,2.731e-10,8.603e-13,1828100782.0,0.0157,0x73...4b23,https://bscscan.com/tx/0x604704e7e25cb588586a299340ebd40d8275ebf207af2acf36c1bb67d5e8e62f
2023-03-31 05:25:45,False,2.718e-10,8.56e-13,23578940640.0,0.2018,0x45...ff00,https://bscscan.com/tx/0x11387b6168a7d369f52f074190c05f08b6bf9f86e34be471e9ad50d45f640f21
2023-03-31 05:25:27,True,2.718e-10,8.603e-13,1445527279.0,0.0124,0x53...c939,https://bscscan.com/tx/0x3450019c3edbd7b060cf1ab14c596a139b357bac76b5944518eea35bf07a07e7
2023-03-31 05:24:51,True,2.731e-10,8.603e-13,3689770000.0,0.0317,0x17...3c01,https://bscscan.com/tx/0xa97c19df7090be2aa2819b1a29455ea7641d0a94425422cea459541b41bed7ea
2023-03-31 05:24:39,False,2.718e-10,8.56e-13,7165353078.0,0.0613,0x58...e372,https://bscscan.com/tx/0x6f8ef2ee0402d14e98f6dc4877e9434df7b23db4f298a2669e053b7a25756a75
2023-03-31 05:24:30,True,2.731e-10,8.603e-13,43141785082.0,0.3711,0xed...3c4e,https://bscscan.com/tx/0x2c88ad18c4b497628c040ea2d90e193bfe32ad7aa4ec03696f720c8ef373cfdc
2023-03-31 05:24:27,True,2.731e-10,8.603e-13,813594496.0,0.007,0xab...7c90,https://bscscan.com/tx/0xad3bb3503303e790606c07e3a643140dffeab281645c8338c61df8e1042f4f78
2023-03-31 05:23:30,True,2.732e-10,8.603e-13,1743417832.0,0.015,0xba...3b84,https://bscscan.com/tx/0xa5d1f6eaf3bf551ef2d9000e3c2abfff120add6ae92dd4377e677d35144bde0b
2023-03-31 05:21:27,True,2.732e-10,8.603e-13,53116397247.0,0.457,0xd5...1e62,https://bscscan.com/tx/0x3fa66f5ddce06366f45e751052fbb7a6e3baea29d9be90e3cdb2450588e99955
2023-03-31 05:20:18,True,2.732e-10,8.603e-13,7438296017.0,0.064,0xd2...6701,https://bscscan.com/tx/0x44df9c2ff78b206f06e0e2b617f51c6faf1409373a4f23d38384fbfdbb0d0953
2023-03-31 05:20:06,True,2.732e-10,8.603e-13,8126925325.0,0.0699,0xcc...9d50,https://bscscan.com/tx/0xea2a349132aab10c329d04e14352cd3972cd29c6f57cc25f474502bbe0b50a8d
2023-03-31 05:17:39,False,2.718e-10,8.56e-13,7380000000.0,0.0631,0x25...37b6,https://bscscan.com/tx/0xf68c9d494c6418f79761a8f8a35bee534e6435e3fdc89360bf7ba6eef45b8384
2023-03-31 05:17:00,True,2.718e-10,8.603e-13,5605266438.0,0.0482,0xf5...d899,https://bscscan.com/tx/0x91b584dbdc4153bbcac85dd1c1057d5c3d5d4bf0104751fdf2d57098713585d6
2023-03-31 05:16:39,True,2.732e-10,8.603e-13,11042029207.0,0.095,0x05...d22b,https://bscscan.com/tx/0x62d4bd9e82b8345730cac6c5ca239329c9554d68740e196f7547bd073d5c5155
2023-03-31 05:16:36,True,2.717e-10,8.603e-13,116225000000.0,0.9999,0x56...85ae,https://bscscan.com/tx/0x5e66554aea9d2fd92b3812bebed2e072516e334ad4ee8efcca1e863b0ab1fda6
2023-03-31 05:16:18,False,2.718e-10,8.56e-13,53532198359.0,0.4582,0x7e...c3f4,https://bscscan.com/tx/0xd335b973c434834ad95280fefd38a57f98b1b76a9ffb956ee9fe7c227b93a4a7
2023-03-31 05:16:09,True,2.718e-10,8.603e-13,8304556725.0,0.0714,0x3b...17d2,https://bscscan.com/tx/0x1144148d684b8841b538320a45663826dc521a1f677b26cd2f907ab983b3ed5a
2023-03-31 05:14:36,False,2.705e-10,8.56e-13,139033816373.0,1.1902,0xe1...27cf,https://bscscan.com/tx/0xa109e47d0901d438ee591fc257d9e0e264c6ad2279fc6c524997e2a7fb79371e
2023-03-31 05:13:54,True,2.72e-10,8.603e-13,1706041856.0,0.0146,0xe6...1e2f,https://bscscan.com/tx/0x284b33ef72aff2092de528876098dca20659a2bb25559d0d388d8352c132116b
2023-03-31 05:12:39,True,2.734e-10,8.603e-13,84395701991.0,0.7261,0x13...6630,https://bscscan.com/tx/0x9dacb65355225330e6368d3e11c0c7bb4ad2dd4eb3f20cb84ea7374ad5a67923
2023-03-31 05:12:30,True,2.733e-10,8.603e-13,1053414426.0,0.009,0x92...bb25,https://bscscan.com/tx/0xb7ad4203f1d6abc73c420c330acf813bfdfeefa19bc462da7bb5c5f89d861457
2023-03-31 05:12:06,False,2.72e-10,8.56e-13,94471509558.0,0.8087,0x3e...81a6,https://bscscan.com/tx/0x3a423d3b4ad89bbb770be3e0e219413c599ef923eae7faa9d269f0834504e248
2023-03-31 05:11:36,True,2.734e-10,8.603e-13,13348465654.0,0.1148,0x73...eff5,https://bscscan.com/tx/0x0b9e4644f5e7b13494079dcc81670d9ac5e9c4d2c12a5af0f4ce6cb7b87d2cfb
2023-03-31 05:11:30,True,2.734e-10,8.603e-13,174356000.0,0.0015,0x34...1f4b,https://bscscan.com/tx/0x59b8bdf6e024535beed6c41b2edad1238b45537222969b3ddabb667678aa800f
2023-03-31 05:11:15,True,2.72e-10,8.603e-13,124368510396.0,1.07,0xeb...b93a,https://bscscan.com/tx/0x94aa38d089decd5c8bf63d76dde1e712e99f1ee2ce6280f7d8ab6bb109a11297
2023-03-31 05:11:09,True,2.72e-10,8.603e-13,8801653671.0,0.0757,0x7e...136d,https://bscscan.com/tx/0xe127f65584439a89b151bb84841d07ecaf1a5ef6aee80bde9a997830a7b67d73
2023-03-31 05:11:03,True,2.72e-10,8.603e-13,32405000000.0,0.2787,0x41...a9ac,https://bscscan.com/tx/0x10c1929277a6ae438e0a5f3deb298938f2c87d925770b351490dff28187312a9
2023-03-31 05:10:48,False,2.706e-10,8.56e-13,10634142423.0,0.091,0xec...c21e,https://bscscan.com/tx/0x06577e7aff778cd667d5619a8ca4178697220155b7b973eb917256a1bac5b46b
2023-03-31 05:10:36,True,2.733e-10,8.603e-13,26734759557.0,0.23,0x30...95cf,https://bscscan.com/tx/0xec406d04c55c114adc603fef1c4a0342e974afb7f37744c99e2c441f7cdca586
2023-03-31 05:09:51,True,2.72e-10,8.602e-13,51600000000.0,0.4439,0x1d...2b3a,https://bscscan.com/tx/0x0eb78d17909987dd2dee2b8f6fb96767446ad7165b411129112ce2fb0e11614e
2023-03-31 05:09:39,True,2.733e-10,8.602e-13,598223933.0,0.0051,0xf4...2425,https://bscscan.com/tx/0x8097ea0d83c34ff07e2a8a76af42e8511bc6b3287b4e9dbdd40967c7f0874d8f
2023-03-31 05:09:03,True,2.72e-10,8.602e-13,11194865661.0,0.0963,0x7e...136d,https://bscscan.com/tx/0xf3d98488760217ca36d0b0b13f4d245ad63969480177b2d41adb627d159c5047
2023-03-31 05:08:57,True,2.72e-10,8.602e-13,6103247064.0,0.0525,0xdf...2914,https://bscscan.com/tx/0xaa11e1248f2279f15bcde9650e1840fdb8a661206938dc7d31a7b07b0ae81d57
2023-03-31 05:07:27,False,2.72e-10,8.56e-13,137378403209.0,1.17596,0xe1...27cf,https://bscscan.com/tx/0x4c59936d0bea3fd6e75a164956033cc8f3ccfbe8975217bea12f24483f94edc4
2023-03-31 05:07:06,True,2.733e-10,8.603e-13,654712312.0,0.0056,0x78...f17f,https://bscscan.com/tx/0x37ed62b0bf18c6fcb6df8986567f3bf93a2769cc184e61d2acb51dce9a5112fe
2023-03-31 05:06:42,True,2.733e-10,8.603e-13,44169815907.0,0.38,0xb9...b402,https://bscscan.com/tx/0xf5c560d4039946c37e5211750cac3af6c620002643fe5b4c18ab214aeb2d8033
2023-03-31 05:06:33,True,2.72e-10,8.603e-13,10287200000.0,0.0885,0x97...964c,https://bscscan.com/tx/0x2e3ef0b2cdcdea7e61d2128e2b894225839228a0ad124ffbe5ea791e10035b6e
2023-03-31 05:05:27,True,2.733e-10,8.603e-13,6186383538.0,0.0532,0x15...4042,https://bscscan.com/tx/0x6f2b8cde8b2e321c7aa5b27eecd6ced2ae32b1c80fd992301d94a56775e654a1
2023-03-31 05:05:18,False,2.706e-10,8.56e-13,58303790888.0,0.499,0xf5...ae91,https://bscscan.com/tx/0x7bbfa44441f0bd3388060f060c4010dcf8b80c84322f31d813b0bcc6df1f6339
2023-03-31 05:05:12,True,2.72e-10,8.603e-13,1999196595.0,0.0172,0xba...6c94,https://bscscan.com/tx/0x766855f360262ab2815018dc633f363d7ba305dac55cab343d184f455096ffe3
2023-03-31 05:02:27,True,2.734e-10,8.603e-13,60424651301.0,0.5198,0x6f...09e0,https://bscscan.com/tx/0xeb7df453e1f5c791e1f5e62e77bec741a2f2ba81af48d97229979d848fcb8689
2023-03-31 05:02:18,False,2.705e-10,8.56e-13,1175910921.0,0.01,0x07...a2e4,https://bscscan.com/tx/0xad3875dbac6cb18b01f2831a87176f6525a0bd7d7f58ccba8d7715430dbc7a19
2023-03-31 05:00:36,False,2.707e-10,8.56e-13,1635688041.0,0.014,0x0b...3264,https://bscscan.com/tx/0x9e8e4b141377796f5a60602c7186cb9aabb7af13c924aa603dcec58d9982ceab
2023-03-31 05:00:27,False,2.707e-10,8.56e-13,135171189870.0,1.15711,0xe1...27cf,https://bscscan.com/tx/0xd3fe201bee2ed8cfd5fa5603a87a949e27b4c64d4cf79d8c4661a73c615c32cc
2023-03-31 05:00:03,False,2.721e-10,8.56e-13,3161553715.0,0.027,0xd9...9bd7,https://bscscan.com/tx/0x652c61b0b78da53c4d3c2020d19cf1e1ff1bc3cea30245346f81f753ce5d44cc
2023-03-31 04:59:45,True,2.735e-10,8.603e-13,1046078993.0,0.009,0x47...78ee,https://bscscan.com/tx/0x5d82ba1e4ea92c4eb8f9ea2d15cb83f8a06a6a829514ba3b1ead945668cc1d78
2023-03-31 04:59:30,False,2.708e-10,8.56e-13,36051068359.0,0.3086,0xc2...84a0,https://bscscan.com/tx/0xd2da31c2c3f3566e5f9ca4dc65629d9c8692f5beeb3f905ff1da5a534751e042
2023-03-31 04:58:03,True,2.735e-10,8.603e-13,20356827739.0,0.1751,0xf3...b19b,https://bscscan.com/tx/0xd1a314fac29c4d6c6a912480ccd8873535347ecd14ae15bae5c1f3c31fdd2116
2023-03-31 04:57:45,True,2.735e-10,8.603e-13,17443100001.0,0.15,0x0f...1dba,https://bscscan.com/tx/0x6d58de76bbc4472093645391a508acbde72602504608f4971ecb1d0faa95d350
2023-03-31 04:57:00,True,2.721e-10,8.603e-13,3450692066.0,0.0296,0x60...b6bf,https://bscscan.com/tx/0x666498ff886a2b714e2da23246341c8f0b4a30dd73603f921939e05dd0886dc4
2023-03-31 04:56:48,True,2.721e-10,8.603e-13,73227000438.0,0.63,0x3b...ece5,https://bscscan.com/tx/0x6e874eea4a2140a3f88a15aff60e27a9bf3f0418b18a1b1d77c277a70ca661e8
2023-03-31 04:56:36,True,2.721e-10,8.603e-13,11974622254.0,0.103,0xf3...841e,https://bscscan.com/tx/0x8400b3224baa6b3fc578ab5ad05019c4de210139f7e48e9d146c48ab7d254873
2023-03-31 04:55:57,True,2.735e-10,8.603e-13,29807127270.0,0.2564,0xe2...42f6,https://bscscan.com/tx/0xf40f6f14bc399f35fd1c8bf46de4cdb56352db476014055fe3f450e1046cbb94
2023-03-31 04:55:33,True,2.721e-10,8.602e-13,34322178756.0,0.2952,0xe5...e3a1,https://bscscan.com/tx/0x40dab61db0085ef2d5368597aa20d69f7cb5bc548b9fb0c159d784b61a2cf52c
2023-03-31 04:55:24,True,2.721e-10,8.602e-13,4649586247.0,0.04,0x4e...04f3,https://bscscan.com/tx/0xfcfa7ff05a6c46ef0daecd6f1cf789d11a56d4beb2bf9f50a298bc565d3cc3d4
2023-03-31 04:54:57,True,2.735e-10,8.602e-13,370577219.0,0.0031,0xc5...c8c9,https://bscscan.com/tx/0x8b6c42a43e83d0ce2d7bf14ac92038c8dfbb57e267448d8d645cd366ee474719
2023-03-31 04:54:39,True,2.735e-10,8.602e-13,727738978.0,0.0062,0x15...4042,https://bscscan.com/tx/0x858bab29361800c67f8c8b66a77409200e4834354fa52f33756577fc527ee4de
2023-03-31 04:54:03,True,2.735e-10,8.602e-13,1415736683.0,0.0121,0x2b...2ee9,https://bscscan.com/tx/0x68c01c9c18045a7673579921a52fc4e0f2486b781846fcec424c98e37d8911d7
2023-03-31 04:53:48,False,2.721e-10,8.56e-13,39653078466.0,0.3394,0x72...86f7,https://bscscan.com/tx/0xe9fdeaec0ca0c76104523f68dc15b97b476e9894ed83d8169f11a2ffe9983fca
2023-03-31 04:52:51,False,2.708e-10,8.56e-13,14580286057.0,0.1248,0x62...2a57,https://bscscan.com/tx/0xead845e7f28f3f64d279a3f02eeec03da04df81b3f7fdbee0f5682ed7e3b5852
2023-03-31 04:52:48,True,2.721e-10,8.603e-13,23392891699.0,0.2012,0x96...f3bc,https://bscscan.com/tx/0xd0724d7e3b0621f8ba69ce9e815c22f2cabf862a95e29c31f17557978894fd68
2023-03-31 04:52:18,True,2.735e-10,8.603e-13,1131269727.0,0.0097,0x1c...6228,https://bscscan.com/tx/0xefe9c49c82ccc18e37294b40ba84dcb39bd34ce3369d7f1b401161de594f4fd8
2023-03-31 04:52:15,False,2.721e-10,8.56e-13,1368923157.0,0.0117,0x56...3324,https://bscscan.com/tx/0xc0f74307d1ab58e385aa529cb8cb527375a475ee34cf87b05ca59cd2438d3dc6
2023-03-31 04:51:45,True,2.721e-10,8.603e-13,10542454970.0,0.0907,0x17...cab3,https://bscscan.com/tx/0xc8ea3e3ee074be7202381e2989fbf586c886fe3707bd70950872e9fe20621d8d
2023-03-31 04:51:30,True,2.721e-10,8.602e-13,6135136348.0,0.0527,0xea...19e2,https://bscscan.com/tx/0x7386428b69080a1e75a6f4832c79e88a998918fd0213e5ce12a2ced90c448349
2023-03-31 04:51:27,True,2.721e-10,8.602e-13,8993246410.0,0.0773,0xd4...6845,https://bscscan.com/tx/0xb908b009ebb141e9280c07a2563e88d3a4d91682b25baaf7c3c3e96565879150
2023-03-31 04:51:21,True,2.735e-10,8.602e-13,10650656376.0,0.0916,0xc4...f798,https://bscscan.com/tx/0xfbc83243af6ddee7cd42ba66d9605761b1458869b6af34ddcec82073f6ce0217
2023-03-31 04:51:03,False,2.708e-10,8.56e-13,96228181143.0,0.8237,0xe1...27cf,https://bscscan.com/tx/0xd71513b5c67644da43ac33356c1c3d2c82e9215ed58ec59d0ac38ae4a018206d
2023-03-31 04:51:00,True,2.721e-10,8.603e-13,41474490644.0,0.3568,0xf9...43b0,https://bscscan.com/tx/0xc70f8205ca0ba72ee3ac54addb27c071e91a7738f8feb7f4126e11fa94163601
2023-03-31 04:50:42,True,2.721e-10,8.603e-13,10941000000.0,0.0941,0x88...4047,https://bscscan.com/tx/0x67a3294f069852544db19870d12ffc5703c127c86f9eace3eb3e3cda3b096f7f
2023-03-31 04:50:39,True,2.721e-10,8.603e-13,900000000.0,0.0077,0xd4...8e5e,https://bscscan.com/tx/0xe14dbf7e8a4fc8e2688f16b07d7ca2f2a129a9cbc1a0a523aeccd02675a4d3b3
2023-03-31 04:49:57,True,2.721e-10,8.602e-13,27270263386.0,0.2346,0x9e...e581,https://bscscan.com/tx/0xca985ee49aab345b125598473fa855e75cd51c2c1fe92a9a433678f152f5f107
2023-03-31 04:49:24,False,2.721e-10,8.559e-13,1169726600.0,0.01,0xc5...e17a,https://bscscan.com/tx/0x43a8b4869459a471f892e633e4a2a3e3c46509bf10685bcc43275141196fb91f
2023-03-31 04:49:18,False,2.708e-10,8.56e-13,45105644685.0,0.3861,0x74...2219,https://bscscan.com/tx/0xa52bd40d706726a67b081362dfcae8fe4c446145add41ef71d5cdccfc15cf689
2023-03-31 04:48:54,True,2.721e-10,8.603e-13,3500000000.0,0.0301,0xbc...2656,https://bscscan.com/tx/0xa61be26b51afc74976a15b83a00390b77f951df3acc56839645653991cc9f96d
2023-03-31 04:48:45,True,2.721e-10,8.603e-13,12778000001.0,0.1099,0x09...a667,https://bscscan.com/tx/0xdac7c759f1b0d4bd1ec796ac09471e35f97c8a2b0cdcb389019a722beabad79f
2023-03-31 04:48:45,False,2.708e-10,8.56e-13,256237300993.0,2.19355,0x5a...4014,https://bscscan.com/tx/0x6a58d01ddcdcd9815a47233df2ff763f5d6a4bc2c484318b515c47035e85cd37
2023-03-31 04:48:42,True,2.722e-10,8.604e-13,2485720347.0,0.0213,0x27...1465,https://bscscan.com/tx/0x2a754cd8edb5fa6bf349cb3d7428c9762b951976a5c2d20e53f8987911dcee83
2023-03-31 04:47:51,True,2.735e-10,8.604e-13,13377358604.0,0.1151,0x1b...2601,https://bscscan.com/tx/0x72003cb14cc142abc0143ef9316fdc5f4c77cd7b50e2c932242161df8fad9725
2023-03-31 04:47:27,False,2.708e-10,8.561e-13,5430125486.0,0.0464,0xe8...d2e1,https://bscscan.com/tx/0x6a221c61ee6b721468791fb0839ebe147af48b0c598af23fae0694d1ecc28588
2023-03-31 04:46:57,True,2.735e-10,8.603e-13,57678168534.0,0.4962,0x57...f8b5,https://bscscan.com/tx/0x26addde39793cee53b82c048fbee3e1c9fa938bcdc854d9243531094eb55be10
2023-03-31 04:46:54,True,2.735e-10,8.603e-13,3129048504.0,0.0269,0xd5...b3fb,https://bscscan.com/tx/0x41ecd7da518c55c1c7fbb5114af3f0d1c063fa4fed978dcce14b2aa02484b9f6
2023-03-31 04:46:15,True,2.735e-10,8.603e-13,72939674809.0,0.6275,0x7e...36e3,https://bscscan.com/tx/0x9288df5000b0b91d685dba4a8780227d9d9a59ffd161e139b560535e0df88b95
2023-03-31 04:45:57,True,2.721e-10,8.603e-13,27463432087.0,0.2362,0x15...4042,https://bscscan.com/tx/0x14cf32f650412b12f4556139e74d17deda995f75e112631ac4ed1600fa36f980
2023-03-31 04:45:54,True,2.735e-10,8.603e-13,1605566072.0,0.0138,0x54...69bc,https://bscscan.com/tx/0xdc7cd3ee9026bf590d70edde11efee152627918843a4fb0d05df529f4660a1e0
2023-03-31 04:45:54,True,2.735e-10,8.603e-13,40286325913.0,0.3466,0x15...4042,https://bscscan.com/tx/0x43a86851b51d669e0639cd7e732def0e9fb126badae68a0dba5e03a9159da7b4
2023-03-31 04:45:42,False,2.721e-10,8.56e-13,9810000000.0,0.0839,0xb6...24cb,https://bscscan.com/tx/0x7f655155facfe93175229683910a132a3b7f5bd4ed2dccd5886279c02849990b
2023-03-31 04:45:36,True,2.72e-10,8.603e-13,6970389256.0,0.0599,0xbc...11c1,https://bscscan.com/tx/0x025be5183800ff6c9d28f33a465c895b80ba0312fba52017d0ebb40c9649df2f
2023-03-31 04:45:33,True,2.715e-10,8.588e-13,7142255360803.0,61.3428,0xf0...6dc1,https://bscscan.com/tx/0xa4f4252df2faf24ab3cf6c192709fee588e19d5212516ed568fe520730abe30f
2023-03-31 04:45:15,True,2.725e-10,8.574e-13,5334505681.0,0.0457,0x27...1465,https://bscscan.com/tx/0xd51b6712f3ac4fae3eb698160c0f2f46d0cb7d70204fe612b7e734655a3ba69d
2023-03-31 04:44:33,True,2.724e-10,8.574e-13,10544545053.0,0.0904,0xe1...cabd,https://bscscan.com/tx/0xc60ff199f3b05867fb9f7998ac17bedf00850d96842fd549070eb2e3e00a452e
2023-03-31 04:44:33,True,2.724e-10,8.574e-13,30138836863.0,0.2584,0x88...10fb,https://bscscan.com/tx/0xcbc5c83160d38af484d415a6e4829766e53b14e04b1886992c47bf4678bb2ce5
2023-03-31 04:44:21,True,2.724e-10,8.573e-13,69070355170.0,0.5922,0x4c...7593,https://bscscan.com/tx/0xe16721336991b296346e0f4f2df48168a8b0f8402dd8b0650b4c9dfd59a33dc5
2023-03-31 04:44:09,True,2.724e-10,8.573e-13,44041947714.0,0.3776,0x71...2bb1,https://bscscan.com/tx/0x66e1de145a827460d2fce1fb0d104dcaf6c2574c95831826d94c42afef7a233b
2023-03-31 04:44:03,True,2.724e-10,8.573e-13,22952369619.0,0.1967,0x60...4693,https://bscscan.com/tx/0x9a8f367a875d87f3ac42e4365f0fb3811f1b247016e55dfb38de274cf930bf60
2023-03-31 04:43:51,True,2.724e-10,8.573e-13,20994992434.0,0.18,0x07...28c4,https://bscscan.com/tx/0xab28775244fa4a0074fa3db0da9896e3bde725746591ca60533a304b596bf7c4
2023-03-31 04:43:39,True,2.724e-10,8.573e-13,388759237.0,0.0033,0xf0...92eb,https://bscscan.com/tx/0x2eacdfa841f4967d46f580014cde0118177d4536a5e9360c33dcfbf85ecc3ad7
2023-03-31 04:43:36,True,2.724e-10,8.573e-13,33047715773.0,0.2833,0x27...1465,https://bscscan.com/tx/0xefead138320cacb3522ad12643ce57a14c8d2fae0c93a20109f5f30b3469ae26
