datetime,buy_order,price_USD,price_native,amount_token,total_native,maker,etherscan_url
2023-03-26 09:10:57,False,2.293e-10,7.07e-13,27000000000.0,0.1909,0xa6...3e60,https://bscscan.com/tx/0x7e9702dc33e4072233a9945a41f98a1953f7513d225dbe93d6eefb516b39f62c
2023-03-26 09:10:36,False,2.281e-10,7.07e-13,27280635617.0,0.1929,0x7e...136d,https://bscscan.com/tx/0x137040edda62c49d4a90b4196326d45c4abfd17ffef65cdb7507ee93924fed4e
2023-03-26 09:10:30,False,2.293e-10,7.07e-13,42399300905.0,0.2998,0xf2...317f,https://bscscan.com/tx/0x1f1922c188196d70fb1b4b0c4011f43f2430e85925c4f50c5bec4d836556e18a
2023-03-26 09:07:13,True,2.304e-10,7.106e-13,3811111111.0,0.027,0xe3...d40c,https://bscscan.com/tx/0xe1d1bb51d6c2263922b80954a3bc6278ca9e0009a3bae50ca840e6fe8db6f4fc
2023-03-26 09:06:52,True,2.304e-10,7.106e-13,2127778907.0,0.0151,0x38...fa0d,https://bscscan.com/tx/0xeb76dfa48f834f3ff32cddf8d532596182fadb877d361a6e99794b0132e9b475
2023-03-26 09:05:58,True,2.292e-10,7.106e-13,1563212484.0,0.0111,0x82...9462,https://bscscan.com/tx/0xc09ea096de81d99cd919e71feb30676f7195e5182b9433df176d92393c7ace3f
2023-03-26 09:05:04,True,2.304e-10,7.106e-13,4643625272.0,0.033,0x39...00f2,https://bscscan.com/tx/0x8fe4acfa2c339d4b2a8688b1118bbb7d690d69be3d676da481523bc4ffa8828c
2023-03-26 08:54:52,True,2.303e-10,7.106e-13,281432139.0,0.002,0x4f...d696,https://bscscan.com/tx/0x62c647a4daf4ddd70582958444cd03f9e3ce5ec217ed5d89c558ecd4cbb6fd99
2023-03-26 08:53:28,False,2.28e-10,7.071e-13,2384708591.0,0.0168,0x7c...ae4b,https://bscscan.com/tx/0x344bd64c770603e6939dbe4e0fef47ffb3badf877319014b4984d88563776823
2023-03-26 08:50:10,False,2.28e-10,7.071e-13,63000000000.0,0.4454,0x4b...c739,https://bscscan.com/tx/0x1b469455f9bf8def49ddf5e17ca023c94d831ce7e767078efcc92e121ea30002
2023-03-26 08:50:01,False,2.293e-10,7.071e-13,7056374517.0,0.0499,0xa1...0bd4,https://bscscan.com/tx/0xcd9d5b429a1df594c4492aa20d13c6c76f7c7abd1ac2d31d6e17172c1948b14b
2023-03-26 08:44:31,True,2.292e-10,7.106e-13,4625534213.0,0.0328,0xf5...401c,https://bscscan.com/tx/0xb416d5c30ff7149c9591a6351bab6edd5e4820f6f521fe8b2a4f1a391dec0301
2023-03-26 08:44:25,True,2.292e-10,7.106e-13,2443164903.0,0.0173,0xea...cc3f,https://bscscan.com/tx/0x4f265348bc7505d47f70a207085b292c54507bb50c37e9f81153bc662490b069
2023-03-26 08:43:34,True,2.292e-10,7.106e-13,3515694582.0,0.0249,0xc2...2b76,https://bscscan.com/tx/0x01d42fa627db3ce9b0a3aeab757e23ffa0a721fbba69caaa3f2911cf776a0000
2023-03-26 08:41:16,False,2.293e-10,7.071e-13,18577648310.0,0.1313,0xca...2d45,https://bscscan.com/tx/0xc6b76022dc44f3bc92b8e574e744535e348a03ba0645f94c627280b07ed5c94b
2023-03-26 08:38:19,True,2.304e-10,7.106e-13,21784252299.0,0.1548,0x3d...eb21,https://bscscan.com/tx/0x77f8ae183d03a2c6bcd98eb9d7056dc695c02fba00c0cb5f9d32d63ba3d01c91
2023-03-26 08:35:22,False,2.292e-10,7.071e-13,3673299005.0,0.0259,0x14...3562,https://bscscan.com/tx/0x92872149e581087f215c4615ba8654443f9f6d67ad73b804dce73cfca53156ee
2023-03-26 08:31:16,True,2.293e-10,7.106e-13,6393536859.0,0.0454,0x5c...4dd9,https://bscscan.com/tx/0x6c862d4f3bc66cfe2d1b374c5ebaeb80f3195161e530c2c824048693a9fcbb01
2023-03-26 08:28:37,True,2.304e-10,7.106e-13,21106992996.0,0.15,0x88...d4c9,https://bscscan.com/tx/0xf3fbbe024442f1d502ffa8f6b9b3c3f452a39e92e488ca8fd2e1daa743c687e7
2023-03-26 08:24:13,True,2.304e-10,7.106e-13,698742207.0,0.0049,0x0b...3f2d,https://bscscan.com/tx/0x92f8bd91d566f2b08a83852d25b313f6f2ccbc9277b7658896579a1d748dcb6d
2023-03-26 08:22:31,True,2.292e-10,7.106e-13,7035709989.0,0.05,0xd6...8dd8,https://bscscan.com/tx/0x8dcc0ebb4f2328c378f0e5d17740204e9bde1511f0673f72fc1f7d476f5a0533
2023-03-26 08:21:46,True,2.292e-10,7.106e-13,50866735943.0,0.3614,0xf9...3507,https://bscscan.com/tx/0xad47458e8bdc5adedec52a0bfa27b79158333004276ed179241b299355c1c8f3
2023-03-26 08:19:04,True,2.293e-10,7.106e-13,5000000000.0,0.0355,0x14...e87d,https://bscscan.com/tx/0x773d33c84679e252e9335bc893d7790211b4b4f023d2c84241f72fece373a6e4
2023-03-26 08:18:10,False,2.281e-10,7.071e-13,56955051717.0,0.4027,0xa8...723d,https://bscscan.com/tx/0x4bd740e5794f9d4c2155fd4728b042ba650375847d3921b05fb85a5cd2aea6eb
2023-03-26 08:15:55,True,2.304e-10,7.106e-13,5628581317.0,0.04,0xd6...8dd8,https://bscscan.com/tx/0xd6ffbf4d08709a17834b0b909463e197970fa1aa74bfe6eb0b0dd4c9d3df4e3a
2023-03-26 08:12:55,True,2.304e-10,7.106e-13,14071514258.0,0.1,0xa2...59ef,https://bscscan.com/tx/0xb8745ce907811db0d911e47be9129375a97bd46f55ce3bd0ecfdb9411a530f6c
2023-03-26 08:12:46,True,2.304e-10,7.106e-13,2814310000.0,0.02,0xaa...8399,https://bscscan.com/tx/0xeb54f767385747f444672d4dc427e15b766ff772c58954f31bf4fc09c6314927
2023-03-26 08:11:58,True,2.304e-10,7.106e-13,220937627844.0,1.57002,0x1f...65cd,https://bscscan.com/tx/0xa92e9b08145c6b6e228d006249d716c5006a2c8b267dcb704f053a93b749650a
2023-03-26 08:11:58,True,2.304e-10,7.105e-13,4500000000.0,0.0319,0x61...0e11,https://bscscan.com/tx/0xc6ec8dfca5d7d943d42890d44f9990377ac07b7080538ab79c316a10150048c5
2023-03-26 08:07:04,False,2.293e-10,7.07e-13,17608899211.0,0.1245,0xca...4b07,https://bscscan.com/tx/0x4f9a460bf9e29345c721d45b592325644f6bedcdbabcdf598d3f6abcfb6a2661
2023-03-26 08:06:37,False,2.293e-10,7.07e-13,5125339688.0,0.0362,0xf1...1ec7,https://bscscan.com/tx/0x447c014c3927a86174beaa650167b3e25bd7235bfbbc5f0f67bed6f045858d5f
2023-03-26 08:04:31,True,2.305e-10,7.105e-13,10209684854.0,0.0725,0xe1...a2c9,https://bscscan.com/tx/0xd2293621aab00e0d88d2d01cc44237f9e8c658dc2ba30c036dff93ee6cf3bd54
2023-03-26 08:03:55,False,2.282e-10,7.07e-13,6714338720.0,0.0474,0xa6...fa96,https://bscscan.com/tx/0xe7281d1d8401ddba4804f85c4d20afab0e0ec0ec4112dfe3af2acee4d10dc162
2023-03-26 08:01:10,True,2.293e-10,7.105e-13,17999838001.0,0.1279,0xd6...1046,https://bscscan.com/tx/0x543bad42d40fa6ca4c75728df69b1af5d57fd4f1049aca8e99f50c24f7e0ac6d
2023-03-26 07:59:46,False,2.294e-10,7.07e-13,23656680000.0,0.1672,0x93...86e4,https://bscscan.com/tx/0xcecb942304a175bc33b200bd257e0d00e69823a4c4ba880bd95407ba7449c258
2023-03-26 07:59:19,True,2.305e-10,7.105e-13,1743650000.0,0.0123,0x4c...62b0,https://bscscan.com/tx/0x4461f73a8f8fc256ae98c13467c156492689e6c10bb91158cd1b38f69cd4fbcf
2023-03-26 07:57:43,True,2.293e-10,7.105e-13,303993000000.0,2.16,0xf3...ebdb,https://bscscan.com/tx/0x9bd0dfabadefe6e0fa7a14e7d4394c0c386f8850a81da22cd33e521003dccf0c
2023-03-26 07:55:52,False,2.282e-10,7.069e-13,17858039905.0,0.1262,0x39...0285,https://bscscan.com/tx/0xf63c3d5932e6a9b2b9fca78881889c1ad6fb27b78a0d6c3eebf75cb0ec5b3c69
2023-03-26 07:53:25,True,2.294e-10,7.104e-13,18248020540.0,0.1296,0xbf...2718,https://bscscan.com/tx/0x1119015bd5acb7a328a626b969cd29b9bd5c6f5298f29ce7fcd2570b7c4672a6
2023-03-26 07:52:01,True,2.294e-10,7.104e-13,11259796470.0,0.08,0x8a...c35d,https://bscscan.com/tx/0x95d456c2da3e7e7db7fb4563bbe61ee6845d0e696e1ddbcdbb9ebd183eb2a042
2023-03-26 07:51:46,True,2.292e-10,7.104e-13,2814957819.0,0.02,0x18...523d,https://bscscan.com/tx/0x2c02e87d35c65efa8fede1428b7bb0b49cabbd5c5830d55970f69d2031607ef6
2023-03-26 07:51:10,True,2.304e-10,7.104e-13,7459655074.0,0.053,0xc2...2b76,https://bscscan.com/tx/0x776ac17948c6ecc456abb958628795c892ddad2cf7f563b2f22ebd0ed09abfcf
2023-03-26 07:49:07,True,2.292e-10,7.104e-13,86424991970.0,0.614,0x23...360f,https://bscscan.com/tx/0x69085f8d325f076bc5e023c945f8ea402d6cc65afd3b1a28d90cf4f21964ba69
2023-03-26 07:42:34,True,2.292e-10,7.104e-13,12667800088.0,0.09,0xe3...d40c,https://bscscan.com/tx/0x7cff46d7a2aa1a1aaad3afd9582100f36dbfd0aa91a5dfadc515a09725d894f9
2023-03-26 07:41:55,True,2.292e-10,7.104e-13,2354972931.0,0.0167,0x8c...cea4,https://bscscan.com/tx/0xa173ca92f9f67b483e9ae9ccf15119d8cedfbb9631462bfd23e0f94295966825
2023-03-26 07:41:04,True,2.303e-10,7.104e-13,112008492243.0,0.7957,0xdc...73fb,https://bscscan.com/tx/0xa702319447002c82e534ccc70282a782fd5fa111c57dd9c7594443ad98ca8cdc
2023-03-26 07:39:19,True,2.303e-10,7.104e-13,6000000000.0,0.0426,0x14...e87d,https://bscscan.com/tx/0x80f7c70348c60fc4764594b33f9ce61174b6e9e53bb135d3faf88f8f5b89b3ec
2023-03-26 07:31:04,False,2.292e-10,7.068e-13,17702967710.0,0.1251,0x80...c8da,https://bscscan.com/tx/0x5427fc56461e395e9e6b4bc5f31f1e44993e5666c87f8766dab85ef87c7c7e03
2023-03-26 07:29:37,False,2.292e-10,7.068e-13,4384653168.0,0.0309,0x8c...5edf,https://bscscan.com/tx/0xb89bb6f95a74ee7a1c903176714be6719e4a087644dbc057d9a5a7cc3848c2af
2023-03-26 07:26:01,True,2.303e-10,7.104e-13,12071315458.0,0.0857,0x39...56a8,https://bscscan.com/tx/0xd42d58e1803ef71af387f03687cf90f00e871ef5d4aeb734779fc648aa7d6f9f
2023-03-26 07:12:37,False,2.29e-10,7.068e-13,3687289824.0,0.026,0x3b...6a63,https://bscscan.com/tx/0xab62766890cb679e9255d28dad506b7de2d5d8822eab2f567ce3ff5db046b39a
2023-03-26 07:07:10,True,2.299e-10,7.104e-13,13114071287.0,0.0931,0x06...5466,https://bscscan.com/tx/0xcb595dde055e0f7522f9ab5722e5a529318578e67b1fdaea37dc1a520e88fc25
2023-03-26 07:03:34,False,2.29e-10,7.068e-13,7200008593.0,0.0508,0x2d...d935,https://bscscan.com/tx/0x3eba76f8f88f7b0ad078b252c07c19721368a9d9a7453848ed09b377a31ae080
2023-03-26 07:00:19,False,2.279e-10,7.068e-13,1626531110.0,0.0115,0x9c...3ce3,https://bscscan.com/tx/0xc9d7f88990810992b1503a88d6a5a148aec61db9ee1dcaa7854c11919d561423
2023-03-26 06:48:49,True,2.288e-10,7.104e-13,14076187588.0,0.1,0x0b...6edd,https://bscscan.com/tx/0x13ca599b19cfa6da589b72b5f8aea8215e00392234c1a7f233a3432aeb041c76
2023-03-26 06:39:51,True,2.299e-10,7.104e-13,1000000000.0,0.0071,0xce...12ef,https://bscscan.com/tx/0xc18fcf2de7641c72aeb3d4a1ed054c1909fedc06950a97f585e4a62ecea2b9fc
2023-03-26 06:39:43,False,2.276e-10,7.068e-13,17923276151.0,0.1266,0x59...c32e,https://bscscan.com/tx/0x3544b3e28469595776403476724bc8b2d51bb0cd63af1fb6acffa95f1c7e149f
2023-03-26 06:36:16,True,2.287e-10,7.104e-13,2589615352.0,0.0184,0x3a...e206,https://bscscan.com/tx/0xa9dcfce2434188486152d3d8e51a219b1cb4a85e898fbb7818d9c3dbb886356b
2023-03-26 06:34:55,True,2.298e-10,7.104e-13,5153584227.0,0.0366,0xe9...3eae,https://bscscan.com/tx/0xf5667da47a725c937253c23bc62705f96b7e324d44e526a400f89b930427414e
2023-03-26 06:31:16,True,2.298e-10,7.104e-13,9256609777.0,0.0657,0x7c...44ec,https://bscscan.com/tx/0x9061da29ff03844e51a122f49200d136428cef086caae80cfbad3b97c75b05b6
2023-03-26 06:30:40,True,2.286e-10,7.104e-13,13247325377.0,0.0941,0xb3...a0be,https://bscscan.com/tx/0xfd94527097c67684f830c40f979ef7aca91383981fae211f10ddc0c4e2720786
2023-03-26 06:24:04,False,2.277e-10,7.068e-13,9901989445.0,0.0699,0x5b...19f8,https://bscscan.com/tx/0xf1722fc6eefc94ae3623d094f7e11f48f595c99319a7c4a72f3eee560800a455
2023-03-26 06:23:16,True,2.289e-10,7.104e-13,28152506.0,2e-05,0x7c...132b,https://bscscan.com/tx/0x352a912e9b4b0bf10c802b3fe4b5e52463dfdad1c55225de16e87ad72a932249
2023-03-26 06:21:55,False,2.289e-10,7.068e-13,17164204702.0,0.1213,0x66...b93e,https://bscscan.com/tx/0x3f75a5fa0afb48399643e6b4e24923226f248a1a79a59033494906ae3e0c6306
2023-03-26 06:19:34,False,2.289e-10,7.068e-13,17864844330.0,0.1262,0xe8...0222,https://bscscan.com/tx/0x460aaaf6bb042f6ad6771d5d38c37774e62b9ed3fe4a6bd1a712e24986b15604
2023-03-26 06:18:37,False,2.289e-10,7.068e-13,4134301517.0,0.0292,0xa7...2b8a,https://bscscan.com/tx/0xf53a7f14509f5c1663c9c114871b9f7b8bfea405f315e128ddf03c1b709515e5
2023-03-26 06:16:13,True,2.3e-10,7.104e-13,9000000000.0,0.0639,0xd7...0330,https://bscscan.com/tx/0x3b3dac477a84033ac01049f87bb4e7ecc41815f38a3555a97f120890484a55e3
2023-03-26 06:15:37,True,2.289e-10,7.104e-13,4035190045.0,0.0286,0xab...0977,https://bscscan.com/tx/0x7288496503d74f1e0524c1fa26f65b6c64b6b238f222c1d17da622c07b9d0aab
2023-03-26 05:57:48,False,2.277e-10,7.068e-13,17836001697.0,0.126,0x0e...ef72,https://bscscan.com/tx/0x9ba8a34dc40adfc167df50a01544f7be62a5ba09305f201acf8305a0c6ebefac
2023-03-26 05:49:39,False,2.276e-10,7.068e-13,14360067393.0,0.1015,0xb2...56e2,https://bscscan.com/tx/0xcd1b3c60d7247ef9e4cf7617d7b1da9fc6f9605a1d9828edbc4bc48b631620ad
2023-03-26 05:48:06,False,2.288e-10,7.068e-13,18615143782.0,0.1315,0x38...57c8,https://bscscan.com/tx/0x70660412b7a40e072d97556845186b0aec53115126b9420cca5066f0beea801b
2023-03-26 05:47:42,False,2.288e-10,7.068e-13,2042244168.0,0.0144,0x52...a7d5,https://bscscan.com/tx/0x3136cf6605b831e7dcf95b8d18f0cba57b475b5ee4cd3a5832256f5fe0b2f4d0
2023-03-26 05:45:27,True,2.299e-10,7.104e-13,43635292382.0,0.31,0xb6...75ca,https://bscscan.com/tx/0xd68f2893fa0fb2053296709134992a531b9a4892166e020af7696e2ab5326cbb
2023-03-26 05:44:27,False,2.276e-10,7.068e-13,20700000000.0,0.1463,0xd8...8ab1,https://bscscan.com/tx/0x9113eab8a59a4ad4659e7d881903a573321a65a023501d1aacadc9f2ddf96131
2023-03-26 05:36:43,False,2.276e-10,7.068e-13,13590000000.0,0.096,0x3f...5101,https://bscscan.com/tx/0xff80f340030cc913d4f1c0bdd3d693e8e7277e5b8ae21ade022bf4b6334c39b2
2023-03-26 05:28:51,False,2.278e-10,7.068e-13,9000000000.0,0.0636,0xdc...9ce2,https://bscscan.com/tx/0x0e9824edd990e1f7048692403fcd9e6651116256d1ccc5cffa8b3d226cb63e39
2023-03-26 05:28:45,False,2.278e-10,7.068e-13,18177082079.0,0.1284,0x52...8b60,https://bscscan.com/tx/0x8b6999dc2004d8bb4620b55497a0763d1496968534e7094e76df0cd3daf80bb7
2023-03-26 05:28:36,False,2.29e-10,7.069e-13,17468619638.0,0.1234,0xcb...7ffa,https://bscscan.com/tx/0xbc6497390c0b286dbaad5fd6d328fa4566ac05ccf6d5c11008f5fcf76c4c8963
2023-03-26 05:27:21,True,2.301e-10,7.104e-13,76009232835.0,0.54,0x48...132d,https://bscscan.com/tx/0x85cd4404ba67734d067fd38dad5b1e5705f8ee8abb5f92dbe6939ca2f750f807
2023-03-26 05:23:51,False,2.278e-10,7.068e-13,54070002341.0,0.3822,0x82...608c,https://bscscan.com/tx/0x3e9e52a424e801f2b2ede7727a3229e1d0a65652456f9a849c985c2b3bd69d8c
2023-03-26 05:23:12,False,2.278e-10,7.069e-13,64763628391.0,0.4578,0xbd...0433,https://bscscan.com/tx/0x6e6fed6d09d8d61ae48d284128591ca01dca43dc2b99158d3c97123c6a74514a
2023-03-26 05:13:45,False,2.278e-10,7.069e-13,7309107626.0,0.0516,0x84...b8db,https://bscscan.com/tx/0x41a8291cd67cc368868a5466cdf55b42c3cbcf6a6d3709213cf18d96bd99d41d
2023-03-26 05:10:33,False,2.289e-10,7.069e-13,98952608525.0,0.6995,0x5d...abd4,https://bscscan.com/tx/0x66b250d3dd748ae596f7ffba04cb5207f7ab0c6bb566cdf3e089d7e197830aa5
2023-03-26 05:05:40,False,2.278e-10,7.069e-13,2911067627.0,0.0205,0x9e...a48d,https://bscscan.com/tx/0x0d852f773b6e32a32ea2a8f866d6ad92ebb51fbd457ea885fa8d9a716ec89e56
2023-03-26 05:04:04,False,2.278e-10,7.069e-13,5081423487.0,0.0359,0x9e...a48d,https://bscscan.com/tx/0xe4c5870ce2c2699a392f0592f7410d2c955c2dbd8613abb18d0f387b7c39967d
2023-03-26 05:01:58,False,2.289e-10,7.07e-13,494921109783.0,3.49924,0x2b...3cec,https://bscscan.com/tx/0xc15d46707c9f3a6487317bc0721041d7a28f63a25833e11e770b0e26c3a376bc
2023-03-26 04:58:34,False,2.289e-10,7.071e-13,1854117227.0,0.0131,0x62...5b70,https://bscscan.com/tx/0x80f723b768eb562c8a82a543ff45f0f79491d3b4ac3c41165284c2fb1e4d1b1e
2023-03-26 04:56:37,True,2.301e-10,7.106e-13,4221458311.0,0.03,0x91...9b98,https://bscscan.com/tx/0xab2761d292d65afae8608fcb9f8e0b01fcc6600ee84a8b87ed1f9f2a17331abb
2023-03-26 04:54:52,True,2.301e-10,7.106e-13,28143200001.0,0.2,0xdd...1f30,https://bscscan.com/tx/0x5119dcb16ec78e60d1fff44e7a746708ec984fd1a7a61d2bd52b42ec65007e76
2023-03-26 04:53:28,False,2.278e-10,7.071e-13,36805529752.0,0.2602,0xf8...3947,https://bscscan.com/tx/0x1fc80ee4e487a836aecd9c17bce1f63aaacdf3d949bbe824052dc9ba7f7b8404
2023-03-26 04:53:28,False,2.278e-10,7.071e-13,3600000000.0,0.0254,0x91...9b98,https://bscscan.com/tx/0x5cff3823163aad550423b732092e07684edcc14231c832ea37bc7e5eb4bc8b48
2023-03-26 04:51:52,False,2.291e-10,7.071e-13,4050000000.0,0.0286,0x91...9b98,https://bscscan.com/tx/0xcfd774a1336aa8d4597cc76d9f5c017462f43b1f290247c12b40cd19e15e73f6
2023-03-26 04:43:06,True,2.302e-10,7.106e-13,5359342181.0,0.038,0x67...541e,https://bscscan.com/tx/0x93163d34d537677c999777d415b0d3de989839af0ff28ad06dd3f298e800abff
2023-03-26 04:42:09,False,2.279e-10,7.071e-13,208887705718.0,1.47713,0xd3...3932,https://bscscan.com/tx/0x3d3e4bdf61b116720b798a9cc743672762a7cbf806eaafd9df4bea2bf4538f70
2023-03-26 04:41:03,True,2.302e-10,7.107e-13,7076581094.0,0.0502,0x15...4042,https://bscscan.com/tx/0x1af88d7a86d72dd7f3d54dacb34c703ecf2a28b6d0232862c405f5124b86a93f
2023-03-26 04:39:00,True,2.302e-10,7.107e-13,3974690001.0,0.0282,0xbc...a916,https://bscscan.com/tx/0xf91c0c0ad7af59f72bf6fae17a45b9308042f59aad2fae7d6780e9bf1c0e0dde
2023-03-26 04:37:54,False,2.291e-10,7.072e-13,247500000000.0,1.75034,0x9e...c9cc,https://bscscan.com/tx/0x80e33374411d522c97755b59d933347c3f82973614cba1de3e480ef440e0fda0
2023-03-26 04:36:00,True,2.302e-10,7.107e-13,11080369475.0,0.0787,0x03...7dca,https://bscscan.com/tx/0x44d0eceec0a0dc61a310115d3be82124f308f9d0ba391a0b131829046a29a4c7
2023-03-26 04:25:33,False,2.291e-10,7.072e-13,73664755069.0,0.521,0xef...afa5,https://bscscan.com/tx/0x968dc09754d6717af323538a379343f8212da06c01f4cea3171f1fc553600be0
2023-03-26 04:11:03,True,2.29e-10,7.108e-13,7151299035.0,0.0508,0x78...51ec,https://bscscan.com/tx/0x0e1bf87e893afce56f42bdcdeae583056e6185438f55ef377225dfeb49fd0949
2023-03-26 04:10:21,True,2.302e-10,7.108e-13,28136769.0,2e-05,0x30...a48b,https://bscscan.com/tx/0xaf3ce8f5b4688ed0a394eb51fcb8c33874357d8cd23c50f7d965d9f7b601bf9d
2023-03-26 04:05:57,True,2.29e-10,7.108e-13,2000000000.0,0.0142,0x59...dce6,https://bscscan.com/tx/0xc7c3569ed8e40c3d7411d0f8039889cc803fb7e2b88f26865e8ded295f7ac727
2023-03-26 04:04:39,False,2.278e-10,7.072e-13,48651740364.0,0.3441,0x78...51ec,https://bscscan.com/tx/0x00f8eb0479be1c1eb9be9471781339c3734be841569dc3ab4d83c52a5957493b
2023-03-26 04:04:21,False,2.278e-10,7.072e-13,3139086991.0,0.0222,0x16...9f29,https://bscscan.com/tx/0x13fd45fce1afff79e583d2072f7001da193eea7ac682d14d0d584e25953d80c0
2023-03-26 04:02:18,True,2.29e-10,7.108e-13,22580117582.0,0.1605,0xcd...d0c1,https://bscscan.com/tx/0xe2236c659d76a7e2f99adde5d2a35b9a0384cb2e15edc279fc305fe7aa671a11
2023-03-26 03:59:51,False,2.278e-10,7.073e-13,304117679609.0,2.15108,0x05...7066,https://bscscan.com/tx/0x1d0731f5db4d244adc28311e3998a3cf7d793b4fdc900895c33c26dce208b449
2023-03-26 03:56:36,True,2.302e-10,7.109e-13,2882929675.0,0.0205,0xbb...7214,https://bscscan.com/tx/0xe57f864f079f039ba38f3e4ac0eaf5f09384ec827c3bd5ea836d4566c5b865e7
2023-03-26 03:54:30,False,2.278e-10,7.073e-13,6593319712.0,0.0466,0x2d...d935,https://bscscan.com/tx/0xe4f2a52f3b13fd1ee089b8863e95e9d74714dc9fa38c15bfbbcd9cf69033a50b
2023-03-26 03:52:33,False,2.279e-10,7.073e-13,2125409450.0,0.015,0xcd...339d,https://bscscan.com/tx/0x4b27cb2e804a8d9685bc8f58f391516fdd105a465d0eb521684d555e65a350e7
2023-03-26 03:51:30,True,2.301e-10,7.109e-13,14066348185.0,0.1,0xce...500b,https://bscscan.com/tx/0x49c550ee64c6b2fc768566633d1908cb313e6b9e0c4df9329647d4b93074fc44
2023-03-26 03:48:30,True,2.29e-10,7.109e-13,3699464012.0,0.0263,0x2f...3d77,https://bscscan.com/tx/0x0fc5c78fd2b09166a4fc88ef43a62095d4d212e3934faf7d975c421f3082ca17
2023-03-26 03:41:42,True,2.301e-10,7.109e-13,1406641887.0,0.01,0x8b...1461,https://bscscan.com/tx/0x99e9ba8c601785ffa4ea56e37724fa166fadee6342b05efea2de9e9544f01efa
2023-03-26 03:41:15,False,2.278e-10,7.073e-13,73766558556.0,0.5218,0x17...8cee,https://bscscan.com/tx/0x7518d4b87bee1f3f310fbd80b28fd41e9371b11b85b8b2e3e3ccf10a668cea7a
2023-03-26 03:38:39,False,2.289e-10,7.073e-13,9000000000.0,0.0636,0xae...1ac5,https://bscscan.com/tx/0x6ffe590f32b951c4fb3d0ccbac52f591a8632f0d38db75ac29721fdc9edf2d39
2023-03-26 03:22:34,False,2.287e-10,7.073e-13,38421523346.0,0.2717,0xff...4edd,https://bscscan.com/tx/0x2a7f4e9fdaba261120f4bd09ffe1e94c4c682fa5bbe361458dd9d63ed2f42b33
2023-03-26 03:22:16,False,2.287e-10,7.074e-13,2968528693.0,0.021,0x86...b028,https://bscscan.com/tx/0xfbcd0956de2e07cc18d6d105db67d2e5f829c851f437fb893d250e872ea43341
2023-03-26 03:21:22,False,2.287e-10,7.074e-13,92647559989.0,0.6554,0xa7...efa3,https://bscscan.com/tx/0xd0b71e70f17f1f765fb4287f1c602791d684e7910b66b63cc0ab2e1d4176817a
2023-03-26 03:18:49,False,2.276e-10,7.074e-13,41766213444.0,0.2954,0x4d...ad3f,https://bscscan.com/tx/0xf0c9759e1829275f3d0f23a280f0d98f14c0155e8f314f948eb60f95ab7aeeda
2023-03-26 03:17:31,False,2.276e-10,7.074e-13,62627233835.0,0.443,0x2d...d82c,https://bscscan.com/tx/0xb4e64de23a70f597442a567a2dfa5edb04d53e6485e6d74f84b8ba295b70a601
2023-03-26 03:16:04,True,2.299e-10,7.11e-13,3455451995.0,0.0245,0x8b...8bd2,https://bscscan.com/tx/0x3223f4d59d58c426cbf41bb5794e2a7d4c42074d693dbc5e91e1478764d92b02
2023-03-26 03:15:19,False,2.288e-10,7.074e-13,27050328479.0,0.1913,0xae...1ac5,https://bscscan.com/tx/0xc0860d1ccf10600571fce7ec54025cb4c7ed0f0efd471e6bff4572a5698b6208
2023-03-26 03:09:46,True,2.299e-10,7.11e-13,26623600000.0,0.1893,0x44...6295,https://bscscan.com/tx/0xca6445eee58806f50de081c8ad775e95fd401e1d3a9057faf5fcdcd24ede87a9
2023-03-26 03:09:46,True,2.299e-10,7.109e-13,111446830769.0,0.7923,0xbb...bc30,https://bscscan.com/tx/0x6ecae271c700cabf35805d3be4f58712d5effef5b02cce9cad0821ff6242e373
2023-03-26 03:05:29,False,2.276e-10,7.074e-13,13769255532.0,0.0974,0x50...b92e,https://bscscan.com/tx/0x2c68e233ff221eafe29d64b800561101aec593b7cc1380a758e552383298b4de
2023-03-26 03:01:56,False,2.276e-10,7.074e-13,3936057953.0,0.0278,0x41...2a00,https://bscscan.com/tx/0x204135f70cee05f70cf6ed1857cf44b21b969693bfc024cf76d3b976fbb62509
2023-03-26 03:00:32,True,2.298e-10,7.109e-13,52606364063.0,0.374,0x18...f89b,https://bscscan.com/tx/0xb9670a9a401fa97818919265eff764c90e681d65ad1cb27cf51fe5b4a2fab16e
2023-03-26 01:54:34,False,2.276e-10,7.074e-13,125276135121.0,0.8862,0xdc...f147,https://bscscan.com/tx/0xc323fe5be4f382294a954e2d93815e617c5ae25599184af9ce8bed70fc960310
2023-03-26 01:54:07,True,2.288e-10,7.11e-13,6261242094.0,0.0445,0x6e...ac6d,https://bscscan.com/tx/0xe48d2475120a04eeaf417a30c42db55e176326376b7732f4e2843dc490df3462
2023-03-26 01:52:58,True,2.299e-10,7.11e-13,230061000.0,0.0016,0xc8...54a0,https://bscscan.com/tx/0xedf36566ce11bb47dd1ace6980dfdd2e4c2a62a9edbad3f605c9897cb9e994df
2023-03-26 01:49:01,True,2.299e-10,7.109e-13,69268967093.0,0.4925,0xe1...cbc3,https://bscscan.com/tx/0x968a4fa69a07130158dd03a5578f163b672e384176510b9bbc7a236d443af537
2023-03-26 01:48:16,True,2.298e-10,7.109e-13,703253203.0,0.005,0xcb...2b0a,https://bscscan.com/tx/0xe0ecb76e7ca0905f1824ed3c5f0691457d901a13112e0dd2f38b0d3559ca510d
2023-03-26 01:46:07,False,2.286e-10,7.074e-13,20710589766.0,0.1465,0x40...ee41,https://bscscan.com/tx/0x73f8556531e3a4c46b19f3044cdf47300edb7149784c6b1e02fb84a20452beb0
2023-03-26 01:45:10,False,2.286e-10,7.074e-13,64355200231.0,0.4552,0xaf...8845,https://bscscan.com/tx/0xf00bf84b52cadf001d435a0930d56dc028405c40c063d19046dbd6199683a881
2023-03-26 01:43:43,True,2.298e-10,7.11e-13,12000000000.0,0.0853,0x14...e87d,https://bscscan.com/tx/0xd19857c3616e1d2b10487cb17219f6be043d62c621a13db1b5cd4c948a758b99
2023-03-26 01:43:04,True,2.287e-10,7.11e-13,10112876387.0,0.0719,0x11...3748,https://bscscan.com/tx/0x043c7eb78bd7388b47306edd7099d5fd24ff1ff33901453cd29ffae6f6fc88df
2023-03-26 01:41:04,False,2.287e-10,7.075e-13,510798554427.0,3.61405,0x48...0d50,https://bscscan.com/tx/0x8b08a72ed95ffd2e591e19a369350b144d66dabf3dbe2596c985c91d2d51b8d5
2023-03-26 01:38:01,True,2.299e-10,7.111e-13,24201100000.0,0.1721,0x91...bd1e,https://bscscan.com/tx/0x672fe43a3dd21775c02d173597a5e6f5fb5eeb24b5b98836e8c8b0ac2a5de086
2023-03-26 01:36:01,False,2.288e-10,7.076e-13,62950450684.0,0.4454,0xf3...9048,https://bscscan.com/tx/0x2a7356df1bb52df30a843a6e9aba3a8a5f0d4dac9c63443db211817125dba4d1
2023-03-26 01:33:37,False,2.288e-10,7.076e-13,7489074779.0,0.0529,0x62...e462,https://bscscan.com/tx/0x5d2d36360a4afb49c4c9a8ca0ea6f72d8e5a357ed436ac4a2d4d788d37b1c97c
2023-03-26 01:26:58,False,2.288e-10,7.076e-13,5783258836.0,0.0409,0xe6...afdb,https://bscscan.com/tx/0x80d72b6e36673735c5a5f18b1e8344421c456e291296e255736c165643bbadcb
2023-03-26 01:26:10,False,2.288e-10,7.076e-13,7774980813.0,0.055,0xe7...5505,https://bscscan.com/tx/0x7f44073ea5361de04ed0506c269afe9ca7f2584276b6e718d8ca733ff877e8df
2023-03-26 01:26:07,False,2.288e-10,7.076e-13,7774980813.0,0.055,0xe7...5505,https://bscscan.com/tx/0x7f44073ea5361de04ed0506c269afe9ca7f2584276b6e718d8ca733ff877e8df
2023-03-26 01:23:25,False,2.288e-10,7.076e-13,1293109757.0,0.0091,0x04...6d90,https://bscscan.com/tx/0xf0f1a9afc9b4015016dd222a6bcda900035efc103ce19f1b41bafd450ece28ca
2023-03-26 01:22:22,True,2.288e-10,7.111e-13,2000000000.0,0.0142,0x5e...cf3a,https://bscscan.com/tx/0x908d138b83ebed61201abcffb258a83d0dff449699574760494ac00c371323ae
2023-03-26 01:21:11,True,2.3e-10,7.111e-13,39371000000.0,0.28,0x09...d7d3,https://bscscan.com/tx/0xb02899c5c9ec35560804234e80bdc1d39bdab771552a5ffcecbcec50be9f471d
2023-03-26 01:20:25,True,2.3e-10,7.111e-13,1310155013.0,0.0093,0xac...aa22,https://bscscan.com/tx/0xde3dc444f34fd3b027169928239d0aa36527baca98ad974dc0d9886b704e3532
2023-03-26 01:20:22,True,2.3e-10,7.111e-13,3636998517.0,0.0258,0xe3...dcba,https://bscscan.com/tx/0xd3dca4a4fac7d0e97d6ac4198f8d84fb4c084d7c0fb34375a096a989b3187ff4
2023-03-26 01:15:26,True,2.291e-10,7.11e-13,506268161163.0,3.6,0x6f...f103,https://bscscan.com/tx/0x46b521bafcdf7418d78aa36ddd1908df91655f87676decd4e6eeb668a8d275e7
2023-03-26 01:13:02,True,2.289e-10,7.109e-13,130569709310.0,0.9283,0x5e...7d88,https://bscscan.com/tx/0xf07380be6382eeba52ab4d37bd2eb55bbffbc11675a75d8b46413405ac66a4f0
2023-03-26 01:07:48,False,2.291e-10,7.074e-13,444163998774.0,3.14239,0x01...64fb,https://bscscan.com/tx/0xa3ebaca34b2ef89d7e833e0b226dbade3c1c7c3ec31ebd0b103144a5f6094631
2023-03-26 01:05:31,False,2.292e-10,7.075e-13,26573235920.0,0.188,0x3d...0040,https://bscscan.com/tx/0xb4f5d52943192ee584b183f5672fee5d55c344bb27c24f9d8d2fc333b2613407
2023-03-26 00:58:34,True,2.303e-10,7.111e-13,9503346790.0,0.0675,0x80...675e,https://bscscan.com/tx/0xd1b1694cb0ea2beb07b82557117e09c76935177b88d4070fb03ed92e833cfaa4
2023-03-26 00:56:37,False,2.292e-10,7.075e-13,5291620712.0,0.0374,0x45...b030,https://bscscan.com/tx/0x25cad00118f3f23e1e2366f1c92704a458a1382b52e83863b4b1af9b00c370d9
2023-03-26 00:56:19,True,2.303e-10,7.111e-13,20000000000.0,0.1422,0x11...890c,https://bscscan.com/tx/0xe13fbe9ac865650e5fb577066faf7e4b708799816de215e7716492c5eb6de670
2023-03-26 00:52:01,True,2.29e-10,7.111e-13,14635776651.0,0.104,0x73...2bd4,https://bscscan.com/tx/0xa6b5fd75e5a15323c784a4c8f664b483c6561de28838a058b5fbfdc1dfbd061a
2023-03-26 00:50:58,True,2.289e-10,7.11e-13,5021096845.0,0.0357,0x73...2bd4,https://bscscan.com/tx/0x459eea548749b2da8a21dcf6b33581465c01c7057ad300a641f7418e72f283ee
2023-03-26 00:46:49,False,2.278e-10,7.075e-13,4283981319.0,0.0303,0xb4...169a,https://bscscan.com/tx/0xe451068a885ce99bb594c7c72f608c04019b44f61ce2ea3d097d8c7ff8992d8f
2023-03-26 00:43:19,True,2.302e-10,7.111e-13,140627170.0,0.001,0xdb...665b,https://bscscan.com/tx/0xb3913f706c686a608c8a2a62fdf94392aee783db68bdc6b76653cd925340a9cf
2023-03-26 00:43:01,True,2.29e-10,7.11e-13,8543149291.0,0.0607,0xc5...8ad5,https://bscscan.com/tx/0xe02c141ea509efe2dd99270028f6fe7ae74d9b05989d9b1ce5a60e5133fa54bc
2023-03-26 00:40:01,False,2.288e-10,7.075e-13,34433727886.0,0.2436,0x84...0077,https://bscscan.com/tx/0x0fb1e6edf71b3596cec8ececb018af241025c6a8f71c50b3ad018440a1ffacf6
2023-03-26 00:37:46,False,2.276e-10,7.075e-13,24303828182.0,0.1719,0xf1...1e38,https://bscscan.com/tx/0xd5b54fcc78c5e7a16290bb2e8d925a14e2ac9ccc91a1dd4cbf63b7048564a812
2023-03-26 00:37:22,True,2.288e-10,7.111e-13,7026496791.0,0.0499,0x9a...b409,https://bscscan.com/tx/0x32c92abbf89e9cc4cc4ebd2c113b5e1e18dc95a56ade5eac49b154c7e1f15c09
2023-03-26 00:32:13,True,2.288e-10,7.111e-13,975182197.0,0.0069,0x26...88f3,https://bscscan.com/tx/0xe10a1f0715c515259518e9099510587b56ed03b0e0fb46fe743717f667d4a7ac
2023-03-26 00:29:34,True,2.288e-10,7.111e-13,21500808316.0,0.1528,0x91...134c,https://bscscan.com/tx/0x4be1f8ff1caf1be21263abe398b6de02e1dad051b5c2778dd12548d361e6a21e
2023-03-26 00:25:43,True,2.288e-10,7.111e-13,982975280.0,0.0069,0xe3...751d,https://bscscan.com/tx/0xbe096bf105b54c9959af667faacb26b06551d2cca7a27351c548f45e212f53ce
2023-03-26 00:25:16,True,2.3e-10,7.111e-13,1546506547.0,0.011,0xf0...cb86,https://bscscan.com/tx/0x723999e31476cabca82f2ee5cf5e55c6eb8f07f9e52ff9b585e13850f1a8f726
2023-03-26 00:18:37,False,2.277e-10,7.075e-13,33943963442.0,0.2401,0x7d...ab3e,https://bscscan.com/tx/0x072de9466b202436953377720787a128b3fdcc71707382277cce58494c835b97
2023-03-26 00:18:07,False,2.288e-10,7.075e-13,27330926102.0,0.1933,0xeb...e929,https://bscscan.com/tx/0x1f2f65b89bcb63ec1260af3bc69d9c6f57496b4af3fc799bb99a3c8bd9b752f8
2023-03-26 00:15:37,False,2.275e-10,7.075e-13,4187630806.0,0.0296,0x06...5466,https://bscscan.com/tx/0xf36edc01167d5838f1085d036183cf9a1b80210aa02260060de1cd356902b4f2
2023-03-26 00:14:13,True,2.286e-10,7.11e-13,434460376299.0,3.08927,0xed...a991,https://bscscan.com/tx/0x8cf8ea5a300dd39597f3ee6cd39f69048692f97efe3a72eba33d1d60533fb1d4
2023-03-26 00:12:16,False,2.27e-10,7.074e-13,41213268763.0,0.2915,0xc0...0e16,https://bscscan.com/tx/0x61e56e551183531b2170c1a2bcefd5df2eeeff690ec5f956171fde264f5a12d4
2023-03-26 00:07:49,False,2.283e-10,7.074e-13,2911108676.0,0.0205,0x02...a407,https://bscscan.com/tx/0x03f9b36d988fe44267824d9c173359ccb1d14551408cff3dabf38971a7da1049
2023-03-26 00:07:49,False,2.283e-10,7.074e-13,4500000000.0,0.0318,0x72...a7be,https://bscscan.com/tx/0x63d7810a33234f511104f724e3bd64f06e1bed76d85c7abeaa6428cc2814ea05
2023-03-26 00:07:46,False,2.283e-10,7.074e-13,4500000000.0,0.0318,0x72...a7be,https://bscscan.com/tx/0x63d7810a33234f511104f724e3bd64f06e1bed76d85c7abeaa6428cc2814ea05
2023-03-26 00:05:34,False,2.269e-10,7.074e-13,12978513743.0,0.0918,0x0d...3a90,https://bscscan.com/tx/0xb030a18ebe69e5d3bcd18e03c88b7c1540ccf3ea19e03bd36510c83cb3fb77e5
2023-03-26 00:04:07,True,2.292e-10,7.11e-13,26788033565.0,0.1904,0x92...d756,https://bscscan.com/tx/0xb67ed64a65c2a6de18acafbbfa2c56d35932814709065bff34c5335089c6f959
2023-03-26 00:03:10,False,2.281e-10,7.074e-13,13500000000.0,0.0955,0x04...dddb,https://bscscan.com/tx/0xc5ab86dcd1cfaca9c850b1746a5f4c0c3712859241ecd069726c1b3101e61503
2023-03-25 23:58:07,True,2.281e-10,7.11e-13,15435204500.0,0.1097,0x84...4225,https://bscscan.com/tx/0xfe5f25ef3744d7bcfd2665d2052a3a9a32ddb6db22fcb18b66ba29c0ab6a36ad
2023-03-25 23:54:55,False,2.281e-10,7.074e-13,46314487745.0,0.3276,0x90...f190,https://bscscan.com/tx/0x1cad370f35f767d3cbe27cc3219532a6149951eb926916478e47fba2fa5f9892
2023-03-25 23:52:52,True,2.291e-10,7.11e-13,6047700544.0,0.043,0x88...a7ba,https://bscscan.com/tx/0x1d9271ca5a6b07dfdfbcdf16d466e7e4f3bb3babab4fb1dee747a294085f596e
2023-03-25 23:52:31,True,2.291e-10,7.11e-13,16877388963.0,0.12,0x18...9dae,https://bscscan.com/tx/0x62d23693bbef635e5e0d4bd69f0d6e808f69c95ad01b9bbec67df1559f9f8fba
2023-03-25 23:52:31,True,2.291e-10,7.11e-13,2888794257.0,0.0205,0x7b...ec87,https://bscscan.com/tx/0x94d6886f8c89ef0b3923fb5868e06c196d8becdfd20826b575c3c86b699cd4d2
2023-03-25 23:51:04,False,2.275e-10,7.074e-13,169833989825.0,1.20155,0x59...1736,https://bscscan.com/tx/0xe5205f6ff9151765b44ab51ef11c35687b627c675e5135dd18d69f715efd524a
2023-03-25 23:49:34,True,2.3e-10,7.11e-13,5422277488.0,0.0385,0xf2...2056,https://bscscan.com/tx/0x52174b6652f653e8973fb9af4c083177883865773e61bff7f8a81b686c9aab70
2023-03-25 23:48:19,True,2.288e-10,7.11e-13,46427200000.0,0.3301,0x4d...5921,https://bscscan.com/tx/0x62fdcde00f4c63d7d9efc1ff814752dff46ed199c4b8925e2df4d4f8727eb23d
2023-03-25 23:47:46,True,2.3e-10,7.11e-13,2283850000.0,0.0162,0xaa...e74e,https://bscscan.com/tx/0x0db4ef546d81aa8a171f70121db7b5cf46720c5f18f190fc05988575b59b08cc
2023-03-25 23:47:43,True,2.3e-10,7.11e-13,47885430288.0,0.3404,0x0c...66a1,https://bscscan.com/tx/0x511b613921dba06c97de9b51509313db4a1a08c74448d9a80375e065b204446b
2023-03-25 23:47:34,True,2.3e-10,7.11e-13,2800000000.0,0.0199,0x34...f70f,https://bscscan.com/tx/0x123c2407d1709437b3722e7d565c98dcfeefe52abf2114c0527bae5441b5c2de
2023-03-25 23:47:31,True,2.288e-10,7.11e-13,10126218731.0,0.072,0x67...23f7,https://bscscan.com/tx/0xf76d8944c62ee0a44f7d0e4bf9c43a3927f2f23501a6f7013dd712052f7b9e52
2023-03-25 23:47:22,False,2.277e-10,7.074e-13,49876315335.0,0.3528,0xd6...0540,https://bscscan.com/tx/0xbf0fc1cafa395564b7da6a04b5a3b715a68b830721249496a550ec93e5eb92f2
2023-03-25 23:41:49,False,2.287e-10,7.075e-13,180882028297.0,1.27977,0x97...6a3f,https://bscscan.com/tx/0x0a17d66d5c0c914a194b77658fce6a242bd6abb75bb5f992e053f9a31c18d725
2023-03-25 23:41:37,True,2.299e-10,7.11e-13,2953190011.0,0.021,0xc2...44e5,https://bscscan.com/tx/0x36d23862f3a51a872b8ad9faf36f693961f02011c08f901576343900213b2daa
2023-03-25 23:39:07,True,2.297e-10,7.11e-13,4218849528.0,0.03,0x26...15e7,https://bscscan.com/tx/0x7873ab586a73c89c40f043718cd86d57821269169b7415aa8093409bcc0b5943
2023-03-25 23:38:52,True,2.297e-10,7.11e-13,1300000000.0,0.0092,0xf3...aabe,https://bscscan.com/tx/0x8e987ce9a84e8f35212b9d76f0a5745493a48ae2920b734086177619d4878a99
2023-03-25 23:37:58,False,2.286e-10,7.075e-13,92928112761.0,0.6575,0xf7...e800,https://bscscan.com/tx/0xc346fdf64b122ed3f4857ac0214274af9484dd00ce3121d905bfb69d040c57d1
2023-03-25 23:36:55,True,2.285e-10,7.111e-13,1999999900.0,0.0142,0xaf...0db1,https://bscscan.com/tx/0x720a6e21c7ed0922a147963170a57bac2311e793ce0306524b1f4c3040d2708f
2023-03-25 23:29:52,False,2.29e-10,7.093e-13,3.662e-06,2.59e-17,0x0f...a7d6,https://bscscan.com/tx/0x7fc2df47a289ea08af06b90b7f40b25d07e413c447455f5a557166a9c42f9e7b
2023-03-25 23:29:01,False,2.284e-10,7.075e-13,17746116546.0,0.1255,0x0f...a7d6,https://bscscan.com/tx/0x0e22cff20defe217a36b104b53e35afc95977d50a4f6de68e629e4f74d9f0fa4
2023-03-25 23:28:37,True,2.284e-10,7.111e-13,40000000000.0,0.2844,0xfa...adf1,https://bscscan.com/tx/0x7b5f36ff2566d587d977d53a74fecc94daca8fbf8852afab8e6e45b5adfacea4
2023-03-25 23:26:28,False,2.284e-10,7.076e-13,270009038295.0,1.9106,0xd8...9303,https://bscscan.com/tx/0x7ec0bee2901905cfb9e18acd9786444953339212b31c5fe3611f42e5533be992
2023-03-25 23:25:19,True,2.296e-10,7.111e-13,1500000000.0,0.0106,0xad...7db1,https://bscscan.com/tx/0x9b6e35a6a062b6a9bacc010e23fb5c3d9b6c4c70ae1eaad4f5d7780d6301dccc
2023-03-25 23:21:28,True,2.295e-10,7.111e-13,6720342616.0,0.0477,0x1a...a607,https://bscscan.com/tx/0x4a6c09170b0dd2ec397f5b599043913a8fe88cfa72556dc9bb2965b4b53c0a7c
2023-03-25 23:21:01,True,2.284e-10,7.111e-13,14060858668.0,0.1,0x24...a6d2,https://bscscan.com/tx/0x960a49ac2e28ee49d86fa54365eca0e8730a5ab72c47e02d8f013578bdc42963
2023-03-25 23:20:37,True,2.284e-10,7.111e-13,12350769317.0,0.0878,0x32...9e01,https://bscscan.com/tx/0xa7bf359645aa91b615157c10eece14c938dbf3b1d77a422fd6aa38a331416503
2023-03-25 23:19:49,True,2.284e-10,7.111e-13,2947713273.0,0.0209,0x45...b472,https://bscscan.com/tx/0x00acf8bfa6566b4950d31b6a17417371c6c805fa5b545634c5a39d741ef9d1b2
2023-03-25 23:19:31,True,2.295e-10,7.111e-13,22190090928.0,0.1578,0xcc...31e0,https://bscscan.com/tx/0x5ce2fa2c8c8edebf0f9b619108022b764288e86c76366649c30cebd9116bc904
2023-03-25 23:16:22,True,2.283e-10,7.111e-13,1279404304.0,0.0091,0x26...4f63,https://bscscan.com/tx/0x263c265cced5c3fe09695c07e42d0d81e6e30fe3ddb309d0ad7ed5bad663640c
2023-03-25 23:15:52,False,2.284e-10,7.076e-13,131498816570.0,0.9305,0xff...7331,https://bscscan.com/tx/0xbd80e4b24c9429d38cd727a00528c34754e37e58f38152b57a9f71a3f3bfba99
2023-03-25 23:15:31,True,2.295e-10,7.112e-13,1150000000.0,0.0081,0xa7...372c,https://bscscan.com/tx/0x20a52720ccaefe3e07fcbfc184321b9f97c575bca55b1609a71fdb3133cfa70d
2023-03-25 23:15:31,True,2.295e-10,7.112e-13,1000000000.0,0.0071,0xad...7db1,https://bscscan.com/tx/0x4846890255defbac03f9a245f16c5d5126ce51c1f3662e3f3b3ce5f8dec22892
2023-03-25 23:14:58,True,2.284e-10,7.112e-13,4203498392.0,0.0299,0x4f...ffd2,https://bscscan.com/tx/0x467bd8df3dce1c0f7dcf3d2dd241a8459fcfb628ba2acbf653cdb00fc1991ed7
2023-03-25 23:12:10,True,2.293e-10,7.111e-13,404516525608.0,2.87674,0x27...15a0,https://bscscan.com/tx/0xa3e33aa15742bf120da842a6053dba6be76bc1e68d9e03b41e16462cace05063
2023-03-25 23:09:37,False,2.282e-10,7.075e-13,84050492505.0,0.5947,0xe7...5505,https://bscscan.com/tx/0x76afb43dc2b75b7e34face346a4bf2649b3d218700460191ee80f44eff3251d6
2023-03-25 23:06:55,True,2.293e-10,7.111e-13,703117759.0,0.005,0x06...b2d3,https://bscscan.com/tx/0x2bf3c70dd280748874f015f2df763f237c129c22029cdbb6203f29284b2dec9b
2023-03-25 23:05:43,True,2.293e-10,7.111e-13,64257610859.0,0.4569,0x0c...66a1,https://bscscan.com/tx/0x68abffd2f1fdb8187f58e9c1eb4927195c2c8b74667500e1ebf7a06a381a44ba
2023-03-25 23:05:10,False,2.281e-10,7.075e-13,25765480639.0,0.1823,0x4f...b64b,https://bscscan.com/tx/0x3479ec0cf2192363506c9d2dcfd5ecebafa814bb406e64394adc767f878356d8
2023-03-25 23:04:52,True,2.281e-10,7.111e-13,3865404464.0,0.0274,0x9b...a5b4,https://bscscan.com/tx/0xe82b9042dc24dbba3e2c3b26e36515adbed929019e57a5fa42d17344af391b03
2023-03-25 23:04:13,True,2.293e-10,7.111e-13,4209181922.0,0.0299,0xac...75b0,https://bscscan.com/tx/0x2b04288884de02c30deb9233ef6df4251d418cecb37250902c6774bde975c809
2023-03-25 23:03:49,True,2.281e-10,7.111e-13,11473359830.0,0.0815,0x77...0109,https://bscscan.com/tx/0x481c55362ae06ee131552ac3908dafe52e0a6d0610ff2c9d31d3de6b3bbc648d
2023-03-25 23:02:10,True,2.281e-10,7.11e-13,1696443452.0,0.012,0x26...4f63,https://bscscan.com/tx/0xfd9cc7184d5f0a9d5b734633484580a8d4570ae1d63e86d2ea78378ee47e09ce
2023-03-25 23:00:40,True,2.293e-10,7.11e-13,3000000000.0,0.0213,0x26...81a3,https://bscscan.com/tx/0x6937c6833e24c0765f75ae5c281021dfd274fd942c4017cc63fbb8f06387518c
2023-03-25 22:59:49,True,2.293e-10,7.11e-13,394228544.0,0.0028,0x45...b472,https://bscscan.com/tx/0x3367381449342a12830a7d0a105a0b2ff5ff98587115bd62e8169674c6b11a48
2023-03-25 22:58:37,True,2.293e-10,7.11e-13,500000000.0,0.0035,0xf0...2bad,https://bscscan.com/tx/0xef36982203ddaf3166b25716776d9040baec429cd4d88ba921dbf57037ff3684
2023-03-25 22:58:16,True,2.281e-10,7.11e-13,602796748.0,0.0042,0x7a...621f,https://bscscan.com/tx/0xf6826e97132534cb6d284fe242343eef94c842fc73355e397ddb61f971377ff6
2023-03-25 22:56:46,False,2.27e-10,7.075e-13,128632682230.0,0.9101,0xd9...3f5c,https://bscscan.com/tx/0xaa920bcccaa90dda008707af8b50cdc5c1865f622e814cf8c198fd310feb9947
2023-03-25 22:49:48,True,2.282e-10,7.111e-13,4218592367.0,0.03,0x36...0e6c,https://bscscan.com/tx/0x3e305d5609e3b724d37411ca4d4010b02c01a3bf7ff90a7edb965c060bc25bb1
2023-03-25 22:49:18,False,2.282e-10,7.076e-13,91669010963.0,0.6486,0xd0...8830,https://bscscan.com/tx/0xee2d904b8dde0b9a1e99bee0799940a55d25a049c6a4d0eecd2f9f296bf430c2
2023-03-25 22:49:18,True,2.293e-10,7.111e-13,2500000005.0,0.0177,0xca...f0d0,https://bscscan.com/tx/0x38961f90e0e0070cc8f765dfd39b0b52f601d881de4279ef7f24ad9b7a6827fe
2023-03-25 22:47:54,True,2.293e-10,7.111e-13,5991857845.0,0.0426,0xd2...7f3c,https://bscscan.com/tx/0x0f12f98c868a83199707233c4a0a30fceee5ec0b40693c7c8913b3b720458600
2023-03-25 22:47:54,True,2.293e-10,7.111e-13,3035098473.0,0.0215,0x25...03f4,https://bscscan.com/tx/0xaee2351b9a82446ac201b8374a174f8aa89ee5566b92abd5974bcc91b1b8bf6c
2023-03-25 22:44:24,True,2.282e-10,7.111e-13,8099000000.0,0.0576,0xf2...d7ce,https://bscscan.com/tx/0x6125adf97be3b6eed25818c924c5549feb525954cecd9687f7388c696c7242dc
2023-03-25 22:43:54,True,2.282e-10,7.111e-13,13179458572.0,0.0937,0x25...03f4,https://bscscan.com/tx/0xb66f3c1d1338ca4bd93b67751a26ef0215b1416dbd575850b5b14f5f310e51e8
2023-03-25 22:42:18,False,2.282e-10,7.076e-13,13683280507.0,0.0968,0x62...91b2,https://bscscan.com/tx/0xbf25dbc1df4003619342eeade705b20bfcdba2af4203cb6bc320804414f57bbf
2023-03-25 22:41:36,False,2.27e-10,7.076e-13,13683280507.0,0.0968,0x62...91b2,https://bscscan.com/tx/0x625c9c1fc11ec4c2d510fd44eeb1bba37930ac7e16477616c6344e995f01779b
2023-03-25 22:40:30,False,2.271e-10,7.076e-13,40179835133.0,0.2843,0x82...d139,https://bscscan.com/tx/0xe44fc89e06811f0fee4ae01cdc21ba4a8413d8d86fa5bd128132837252370226
2023-03-25 22:38:27,False,2.282e-10,7.076e-13,27303232924.0,0.1932,0x4a...7442,https://bscscan.com/tx/0x009ffc27cb997bfc6c869017aaf42cfad2a1608866ca973a21fa3702788e356b
2023-03-25 22:36:57,True,2.282e-10,7.111e-13,2803406800.0,0.0199,0x2b...0159,https://bscscan.com/tx/0xf5a0ea1700f3715ca57a5599c08c128c6f99473e31213e4f94290ddeb940b016
2023-03-25 22:32:54,True,2.281e-10,7.111e-13,7022430001.0,0.0499,0xa9...af16,https://bscscan.com/tx/0x0a1f374fdc418f5a7b2ae37fffa4e1f0d90584f33334af03fc264b2e68d3ffef
2023-03-25 22:31:12,True,2.281e-10,7.111e-13,8027740000.0,0.057,0xdc...c534,https://bscscan.com/tx/0xcda3becead84aec1e0d73656ad947023296cd57229f01c499f2920c4d6f80fda
2023-03-25 22:28:36,True,2.281e-10,7.111e-13,10000000000.0,0.0711,0xc3...22c1,https://bscscan.com/tx/0xf6d28e1a6950e03c2191ffe1e58d2967bf4019fad49dc557351295ab42a8c776
2023-03-25 22:26:39,True,2.293e-10,7.111e-13,2109180000.0,0.015,0x96...be4a,https://bscscan.com/tx/0x5f48dce9ab217dd9588a5aa7841a1097d996294cb20409a2bc612ab5e9dc692e
2023-03-25 22:25:48,True,2.293e-10,7.111e-13,17107300000.0,0.1216,0x14...74ec,https://bscscan.com/tx/0xa77eba264a4fb3967113c0b86a5ee688c33c1a12f77e29c33d3ff963aeba99e5
2023-03-25 22:23:42,False,2.281e-10,7.076e-13,24231000677.0,0.1714,0x00...ead9,https://bscscan.com/tx/0xfd78428aec55c8c75cb92b2be09363bf6c8231fc7d05feb2b7cb0dc9a2d18b1c
2023-03-25 22:23:33,False,2.281e-10,7.076e-13,4242334244.0,0.03,0x0f...3954,https://bscscan.com/tx/0x5eeb36135b94cfa0687f32e39bd162262798fbc80026e074c68a81f63cd6d2d7
2023-03-25 22:22:06,False,2.281e-10,7.076e-13,38684317336.0,0.2737,0x54...868d,https://bscscan.com/tx/0xf82703106976763b6b3712477fe7ceddbf218c0f9999f575009bf62df38f3bd7
2023-03-25 22:20:36,True,2.28e-10,7.111e-13,500000000.0,0.0035,0x29...8dfa,https://bscscan.com/tx/0x4c1a7f3f6d049c731592c95e8794b224bb8478326bb11d2908877da64f19393c
2023-03-25 22:20:24,False,2.281e-10,7.076e-13,6049546777.0,0.0428,0x14...f321,https://bscscan.com/tx/0x47cf594fa1bc921a6b817cd6d2fab9db5d697b3c7b7bde9909e8b05a33368916
2023-03-25 22:15:36,False,2.279e-10,7.076e-13,7686361675.0,0.0543,0xa0...6b89,https://bscscan.com/tx/0xdcc5ffe82d1eb89bfb3f7db419bd229ac7a761982d1a6fb983615cad85671af8
2023-03-25 22:14:57,True,2.291e-10,7.111e-13,1738878834.0,0.0123,0x48...019f,https://bscscan.com/tx/0xf5da456df0a6c818ad4dc83b4cbdb0d5dae25f82b83074240d805497b06faba1
2023-03-25 22:13:39,True,2.279e-10,7.111e-13,5961806469.0,0.0424,0x27...904c,https://bscscan.com/tx/0x248657b9b723c5a4b1816b82a5eaac827322f3cc5740429aaa403b45b31898d8
2023-03-25 22:13:30,True,2.291e-10,7.111e-13,1401870440.0,0.0099,0x69...72e8,https://bscscan.com/tx/0x342ca0b5a182f8c7c360474e9887f6034d9871cd33939538966488442fca08fa
2023-03-25 22:12:15,True,2.279e-10,7.111e-13,98428300000.0,0.7,0x69...f5af,https://bscscan.com/tx/0x62a738cc91f201c5b327363001c72bda514283cee7d80b574204879597ccfa41
2023-03-25 22:10:54,True,2.291e-10,7.111e-13,700965886.0,0.0049,0x69...72e8,https://bscscan.com/tx/0x241c933bfa5cc6d31d18582734df36adc2a16c436edafb1988a5a82992c5c1b2
2023-03-25 22:08:51,False,2.279e-10,7.076e-13,4966815099.0,0.0351,0xdb...7b6d,https://bscscan.com/tx/0x86d41471b09b5a0b12d2fae66118e816b083820e8ce6c9f9f56eec60f7c1a445
2023-03-25 22:08:00,True,2.29e-10,7.111e-13,400000000.0,0.0028,0x95...c3ea,https://bscscan.com/tx/0x44be85ef7e6e8b6b1037a4cc57504c42ba67e3570327c647b4efdda91969f1b9
2023-03-25 22:05:06,True,2.291e-10,7.111e-13,2946395831.0,0.0209,0xcd...7cfc,https://bscscan.com/tx/0x2f0f219d155eda8e8be6e0dc334dbb420229ff55c98ce4872eb9fbd98b2596d6
2023-03-25 22:04:09,True,2.279e-10,7.111e-13,1194349000.0,0.0084,0x25...817a,https://bscscan.com/tx/0x3ad70a2568bfc3ed7822a04b7c9e9bb83074f07c26bae20128a764d265406c4d
2023-03-25 22:01:39,True,2.291e-10,7.111e-13,22537980482.0,0.1602,0x4f...edcd,https://bscscan.com/tx/0x89732ab8946baa378d3388cbb60b0ff65873e100a54cf70b1aa2c51fb7828189
2023-03-25 22:00:57,False,2.279e-10,7.076e-13,112823100000.0,0.7983,0x01...d47a,https://bscscan.com/tx/0x6942f32fd8550f7adc96a36506600c6f0080ff32683f80b78391cde7943c681e
2023-03-25 22:00:42,False,2.267e-10,7.076e-13,55744420311.0,0.3944,0xad...e3b9,https://bscscan.com/tx/0x90962c01ab31c279e46c9a0293b9fbf43e4bcbed24483c6701f494aff51bafed
2023-03-25 22:00:27,True,2.291e-10,7.112e-13,703030180.0,0.005,0xbd...49e8,https://bscscan.com/tx/0x7c1f6eed84d761cded063e505ff1d7ffafe0c341b5582515cb2b387f042ce589
2023-03-25 21:59:54,False,2.279e-10,7.076e-13,3777201194.0,0.0267,0x71...3b2f,https://bscscan.com/tx/0x15f11f27b9735e29e8738e2f9b6c55f5b24abf60e1f7614d4d55a49a3c114d7a
2023-03-25 21:59:36,True,2.279e-10,7.112e-13,35432944245.0,0.252,0xf3...947c,https://bscscan.com/tx/0xe3b2b910272defe676407a4fdd9c01b8d360d6352b39fcdd6a5c2cdc5415c3e2
2023-03-25 21:57:45,False,2.268e-10,7.076e-13,3146005479.0,0.0222,0xa9...af16,https://bscscan.com/tx/0x9ad185e54e4fd19dd98dd5c2b5e900e9223ad7925e75bd5b4b1be798dd11592c
2023-03-25 21:54:09,True,2.291e-10,7.111e-13,14060825701.0,0.1,0x45...2b39,https://bscscan.com/tx/0x73e7256750e8ca6e5dceb54b7c0aecef5e28cb0cb3152c8e06698c7cf9f10975
2023-03-25 21:52:06,True,2.28e-10,7.111e-13,26902660379.0,0.1913,0x45...2b39,https://bscscan.com/tx/0x4e7dfebedabd5ba5cd2b3cce4eb11df33bce303cde752b6e414c08bb3dd6c41c
2023-03-25 21:51:36,True,2.28e-10,7.111e-13,43494841060.0,0.3093,0xb8...ba79,https://bscscan.com/tx/0xf76160035fc063a43aa232a6820f907f5f236fa49c2b8133c10503e672ae9531
2023-03-25 21:48:40,True,2.291e-10,7.111e-13,3093489085.0,0.022,0xfa...d038,https://bscscan.com/tx/0x7344039283d9c7e1f5eb99864e98684084710bdfbac4d0f78281559cefb4ed19
2023-03-25 21:46:56,True,2.279e-10,7.111e-13,3382357274.0,0.024,0x3d...a6e9,https://bscscan.com/tx/0x073dae272511000e59dbcf69d3e3992f32cae7a32f32f311501426cddf435d03
2023-03-25 21:46:33,True,2.279e-10,7.111e-13,28122863109.0,0.2,0x45...2b39,https://bscscan.com/tx/0x0e13113e6dd1274ed07953e1ddfdb3264668fadfa0d900b151d76b5e6d8d5475
2023-03-25 21:45:55,False,2.268e-10,7.076e-13,6338198129.0,0.0448,0xe3...dcba,https://bscscan.com/tx/0x78db0968e42c7d5b559d31c1c2b8b15ebb68b1c51b35d088c6dc80eb88e75873
2023-03-25 21:42:52,False,2.279e-10,7.076e-13,18009764836.0,0.1274,0x52...d6df,https://bscscan.com/tx/0xff49baa6d417c619a90e22ae589b31de6de7c26d802ff1d4699e0e7053dbd4ef
2023-03-25 21:39:13,False,2.277e-10,7.076e-13,18900000000.0,0.1337,0x3a...c86b,https://bscscan.com/tx/0xa4600231e816cdb03b86256eac55367a234267fec800cd7d2856c81a93b9487f
2023-03-25 21:37:58,True,2.276e-10,7.111e-13,42691383494.0,0.3036,0xb4...f396,https://bscscan.com/tx/0x070d85c1363ac82e37c4e9d68c371c422b0a6c41b3ddba4b4824b0e2eb100f8c
2023-03-25 21:34:51,True,2.286e-10,7.111e-13,6013910000.0,0.0427,0xe9...0163,https://bscscan.com/tx/0x5d381323d393e2b3c0c1b8daa65d8ac2d3bd79bf21099088859cc7285401a601
2023-03-25 21:30:00,True,2.273e-10,7.111e-13,45342000001.0,0.3224,0x0c...a1ee,https://bscscan.com/tx/0x0282d231391296807fb1dd19d6e5ff75718227e03ecccc9239040882ce0ffce5
2023-03-25 21:29:24,False,2.273e-10,7.076e-13,95054617113.0,0.6726,0xc0...4acf,https://bscscan.com/tx/0x1a916704655cbca42122b51b4575c5044316c85cfb577fced00ada8da458810d
2023-03-25 21:29:03,False,2.262e-10,7.076e-13,7029519735.0,0.0497,0x51...af55,https://bscscan.com/tx/0xc4b33b2c88baef15e2fce43dfb41b14da371e3a8c4e8e7d76c6b69fc5ae516b1
2023-03-25 21:28:33,True,2.285e-10,7.111e-13,7663017845.0,0.0545,0x07...8646,https://bscscan.com/tx/0x3317e7cf2fc025e4b84018b6ad5d4be0b32e55f42c03d53c5dc8da1989cb5a53
2023-03-25 21:26:27,False,2.273e-10,7.076e-13,16039039411.0,0.1135,0x51...af55,https://bscscan.com/tx/0xadc54c3d2fb0e1f04934b24c54c1da393957733d59583fbccebef19f8c0db1eb
2023-03-25 21:24:46,True,2.284e-10,7.111e-13,2000000000.0,0.0142,0xf0...2bad,https://bscscan.com/tx/0x10768773a1d3c95bc46209d653260d414e1b94c14acafd70e1fd97b596408477
2023-03-25 21:23:28,False,2.272e-10,7.076e-13,1789911674.0,0.0126,0x85...0193,https://bscscan.com/tx/0xce569ea59a2385e3cfbe4574d26c9382a417991f9e0512fbd37ae0da998b02c5
2023-03-25 21:18:52,True,2.283e-10,7.111e-13,8400585496.0,0.0597,0x08...2929,https://bscscan.com/tx/0xc16935755cc86511778b25559a6d46693810e39c3dc6539078b9dbd9f38686b5
2023-03-25 21:18:16,True,2.271e-10,7.111e-13,149000000000.0,1.05962,0xf9...4d7c,https://bscscan.com/tx/0xb930f1bef1673b607e3e170cbf531d8bda454b3a2eee8074bd8ad2348081ca19
2023-03-25 21:17:49,True,2.282e-10,7.111e-13,163782425677.0,1.16466,0x0b...b37e,https://bscscan.com/tx/0xbd277ace8f12a59726d85c13cc01c8e3f0aac60a2b3ee58bcab74dfc3a6108e5
2023-03-25 21:16:34,True,2.281e-10,7.11e-13,54735737034.0,0.3892,0x0b...b37e,https://bscscan.com/tx/0xc57548492b6631c492a732b5a00a174b299fc669f814f695aeebe73230ab494a
2023-03-25 21:10:08,False,2.267e-10,7.075e-13,1562854841.0,0.011,0xb2...cdc3,https://bscscan.com/tx/0x9518ad9dfab1dea24a7dc8d1e44dbb10a65d9bda0a888687ebc32b00b2d1550a
2023-03-25 21:09:23,True,2.278e-10,7.11e-13,6891109950.0,0.049,0x5b...f9d0,https://bscscan.com/tx/0x97bc3d239f9e9aac3f1273be7b87eff540de96ee17648a03fd2f8d2e3e99d9d2
2023-03-25 21:05:38,False,2.266e-10,7.075e-13,46226901794.0,0.327,0x69...a3f5,https://bscscan.com/tx/0x0e10cc48e06a7e759bd667fe4f8640a39bbe145f2db9e3458dbd5b92bc3f0e6c
2023-03-25 21:03:32,True,2.277e-10,7.11e-13,2185720000.0,0.0155,0xfa...43f6,https://bscscan.com/tx/0x0421d4d89b96c286ee942bdca5fcddb6ce982822e88cc4e0f8af42590b284962
2023-03-25 21:00:47,False,2.266e-10,7.075e-13,64493183544.0,0.4563,0xfd...cbd6,https://bscscan.com/tx/0xdd2ca552d5c0f95c03a8b66ef2b42e8644a631fb88e3576da200d3ffa7856c91
2023-03-25 20:59:32,False,2.255e-10,7.075e-13,3312595936.0,0.0234,0xcc...e075,https://bscscan.com/tx/0x07751cd722e341cf9be1756319c7806265e3e8a6bd387fe641713b60efce179a
2023-03-25 20:57:32,True,2.266e-10,7.11e-13,730421891.0,0.0051,0x62...b338,https://bscscan.com/tx/0x4515718419c8f8e92a6bd9c39c9d9c37da454e1188406880024138f793fb0211
2023-03-25 20:55:08,False,2.267e-10,7.075e-13,1891498265.0,0.0133,0x4f...ac61,https://bscscan.com/tx/0x2a5067a3f3d4708c62ccc9ffc964dda5ac5990224ab96e893070d106d0fc9e0d
2023-03-25 20:55:02,False,2.267e-10,7.075e-13,1565593340.0,0.011,0x9d...7249,https://bscscan.com/tx/0xc87d6e546478f0ef7581f3dd80a6fcd81451b20eddc2d7b93a7bdbaf28acefb8
2023-03-25 20:54:53,False,2.255e-10,7.075e-13,1733903858.0,0.0122,0xad...806a,https://bscscan.com/tx/0x8c7e00846466477367a6c60568a0181bcef9b63862997c2306bb28877549c2c7
2023-03-25 20:53:59,False,2.266e-10,7.075e-13,8100000000.0,0.0573,0xc1...3ce4,https://bscscan.com/tx/0x81d364365125a152735a0f9acc2135c38fa8856eda7f8b7d07f6c9afd956a469
2023-03-25 20:51:35,True,2.278e-10,7.11e-13,3900000000.0,0.0277,0xed...44f0,https://bscscan.com/tx/0x1f088c415c14f2f2cd9ec8a3a71927043181b688836287dc2b9511a972ce498c
2023-03-25 20:50:35,False,2.266e-10,7.075e-13,9235601010.0,0.0653,0x12...f5bb,https://bscscan.com/tx/0x879248e4aff4b1a2e7496e05a0e6f429df7af0c3f86ab9bd5e6c8e958247e0c1
2023-03-25 20:50:26,True,2.266e-10,7.11e-13,3093798466.0,0.022,0x1f...eacb,https://bscscan.com/tx/0xef0a0d23162760e9929173314234665f4f9f2d69d63de21532e16202f77ad8c3
2023-03-25 20:50:20,True,2.266e-10,7.11e-13,1406273421.0,0.01,0x8e...f7dc,https://bscscan.com/tx/0xeb83d32479e71943a06fe56f98fa6f85e6acecbb5608eac518f804eeb1aad484
2023-03-25 20:50:08,False,2.255e-10,7.075e-13,1925975062.0,0.0136,0xfd...21c1,https://bscscan.com/tx/0x6bd9dafac399ed70773f65b59c7281571d3002824921d4f5501752286e163c45
2023-03-25 20:47:26,True,2.278e-10,7.11e-13,281254551.0,0.002,0x80...2e30,https://bscscan.com/tx/0x2aaaeeab481d81c15cfb31ea51136ac8d032b8558d2921e0f50e76ee94843ee0
2023-03-25 20:47:14,False,2.267e-10,7.076e-13,348079395942.0,2.46302,0x25...459b,https://bscscan.com/tx/0x1062b567758f01003240fc4aa98b3c159eb8a7b05bd32f9aa3f807f84383e132
2023-03-25 20:47:11,True,2.278e-10,7.112e-13,2530906042.0,0.018,0x18...d033,https://bscscan.com/tx/0xba51f8af53b6ad01ffe6515155cccbdc023271233f09d5e166e5903b78db18a9
2023-03-25 20:44:08,False,2.255e-10,7.076e-13,12600000000.0,0.0891,0x89...e866,https://bscscan.com/tx/0x3b6fed2336fc5c725f19380606355b65c1f8af85379f9c6242431926507183f1
2023-03-25 20:42:35,True,2.277e-10,7.111e-13,80038710034.0,0.5692,0x36...3f21,https://bscscan.com/tx/0x204ce552345bb94ad467b490114110d5f8ba15daaccecd975fc499e061c16900
2023-03-25 20:42:17,False,2.265e-10,7.076e-13,45000000000.0,0.3184,0x1a...fe60,https://bscscan.com/tx/0xab1e5f6eae0c4f4aa678da472f62c3da49ef25d53ea8e57703a01d4dd54610fb
2023-03-25 20:40:20,True,2.277e-10,7.111e-13,17258528251.0,0.1227,0x1d...c20f,https://bscscan.com/tx/0xfc23ff2582b8bff853efc466f7b5b4005cc1d0af2768ac6a48f4c5da5fd67428
2023-03-25 20:35:53,False,2.266e-10,7.076e-13,81000000000.0,0.5732,0x5a...33fc,https://bscscan.com/tx/0x387bfc2d80216e766c21c2939e52cce98b1ea526ed443ac779a04e01f6752cde
2023-03-25 20:33:41,True,2.267e-10,7.112e-13,6918000000.0,0.0492,0xdf...7289,https://bscscan.com/tx/0x40ae4242a1150fe10b0665d5149dc4de0401fe34ba5ddbf8d5f3424c22881166
2023-03-25 20:32:17,False,2.267e-10,7.076e-13,36000000000.0,0.2547,0x5a...33fc,https://bscscan.com/tx/0xee53e4534638ad5e2e62c1a7bc5924eaf3419b701d38a430cb88d81eacd787da
2023-03-25 20:29:35,True,2.268e-10,7.112e-13,3021865684.0,0.0214,0x6f...99da,https://bscscan.com/tx/0x86737593f9f29c239af94eb2462ffa3fc585d759eff2b23e6423828bf2bf6569
2023-03-25 20:25:47,True,2.28e-10,7.112e-13,61865648266.0,0.44,0xcc...4c26,https://bscscan.com/tx/0x460fe80fbf5948dcfe9aa1b0c5ce7601d927162bdc998c0a65ecb58a21fc1fab
2023-03-25 20:25:44,True,2.28e-10,7.112e-13,7625676771.0,0.0542,0x4f...edcd,https://bscscan.com/tx/0x9b511f2d3240084c6bb26f57fe641c1ab7c296ae7e90b8c7da6b9031e265918f
2023-03-25 20:25:20,False,2.258e-10,7.076e-13,196473668888.0,1.39042,0x78...eba0,https://bscscan.com/tx/0x169876537e7b52289a21d070096c6a897ec7164f7ca8571ff5178338c4eda2b8
2023-03-25 20:24:32,False,2.269e-10,7.077e-13,27034350690.0,0.1913,0x11...ca3a,https://bscscan.com/tx/0x1c456f165db897c372a33bcf0fad55a18b5cdbf4f853b3741438e044ef7dea87
2023-03-25 20:23:20,False,2.269e-10,7.077e-13,216000000000.0,1.52876,0xa6...e1d7,https://bscscan.com/tx/0x10312ab7b9b9b8f3379a2cd7032a4f5e8af75e28b2df60f0a1527f5041be45d2
2023-03-25 20:19:17,False,2.271e-10,7.077e-13,45000000000.0,0.3185,0x57...119c,https://bscscan.com/tx/0xfb1304366ef8da327802e695c27995d8f793bae0d41c24ff9eaf03801f012c1d
2023-03-25 20:19:05,True,2.282e-10,7.113e-13,6105202851.0,0.0434,0xe2...3874,https://bscscan.com/tx/0x5675ee0084d72693b92b455b1eceea510f1696394ef7450f185819ddb20d9e87
2023-03-25 20:15:02,True,2.282e-10,7.113e-13,3500000000.0,0.0249,0xcf...2f9f,https://bscscan.com/tx/0x1e5c360456ddb51498f62d48a2a9d5aeb1ef99f9d089f1d28eb3391ff61d6af3
2023-03-25 20:13:20,True,2.282e-10,7.113e-13,10457059894.0,0.0743,0xef...7ad2,https://bscscan.com/tx/0xaea895c235c053e51aa791811f8d910b1060d824d9db636e744906ed82defb6a
2023-03-25 20:09:20,False,2.26e-10,7.078e-13,24381950885.0,0.1725,0x08...2721,https://bscscan.com/tx/0x04c4528c752e5ebf3e59e160b2ebdcc2b6c7a67203e93d5d3d6f9202ebd551fa
2023-03-25 20:08:02,True,2.282e-10,7.113e-13,2178928745.0,0.0155,0x8d...788e,https://bscscan.com/tx/0x5379fc02a67af892c8867a319016cf0a7d9a2d4d329e91fec34ab5b4311efa27
2023-03-25 20:06:29,True,2.271e-10,7.113e-13,11570849533.0,0.0823,0x2f...3d77,https://bscscan.com/tx/0x245f3c9e69ac986337827011d8b89d34507cf26b14c95a65c7c26b40c7be0c3b
2023-03-25 20:05:44,True,2.282e-10,7.113e-13,18202747709.0,0.1294,0x15...4042,https://bscscan.com/tx/0x40d39038a407e17b2a4ca67f14ee1cf3350dff5f991fe0c8dc0f7551e51066b8
2023-03-25 20:03:47,True,2.271e-10,7.113e-13,84561448932.0,0.6015,0x96...46e5,https://bscscan.com/tx/0x6667d5d079deac7252d2ca8af535b4a048fcdcecc2be831d2eac75ad9a85dc33
2023-03-25 20:02:59,True,2.283e-10,7.113e-13,1054374131.0,0.0075,0xec...7530,https://bscscan.com/tx/0xebb9379e562d39331b7db79a6c12a2974515251bcbf4d767f9d5fbbf6c827640
2023-03-25 20:02:38,True,2.283e-10,7.113e-13,562333001.0,0.004,0x7e...c298,https://bscscan.com/tx/0x30f3fed4fcfd579609fc4d024cec9c2a12f5a2791147620ae290c2cb853c5d74
2023-03-25 19:55:20,True,2.291e-10,7.113e-13,43500000000.0,0.3094,0x09...d7d3,https://bscscan.com/tx/0x8796993e85ca71642638f196a90b62c3a21af53b462c8d144af11f0d386672f4
2023-03-25 19:54:18,False,2.269e-10,7.078e-13,455662807462.0,3.22531,0xf1...5643,https://bscscan.com/tx/0x2f06dbaee57dfb4a625ec3c21c6558dcbc5270d1887ba9844529dcc31e779a7d
2023-03-25 19:52:45,False,2.272e-10,7.079e-13,130703021606.0,0.9252,0x49...a4ce,https://bscscan.com/tx/0x6be5766788c493a6622082fcf997e07f24e31100a3a340177bf9cda8065d50d9
2023-03-25 19:51:54,True,2.297e-10,7.114e-13,3917935385.0,0.0278,0x35...94f6,https://bscscan.com/tx/0x399debedaf1b3dece77eb4b90544634178f6e81d9ef4992e41339df248386190
2023-03-25 19:43:18,True,2.301e-10,7.114e-13,3000000000.0,0.0213,0xa0...60fc,https://bscscan.com/tx/0x5f2e35373a2e10973ee17b6f81f38961a5cc22c44a3ad9e2528bdca5b9f9c8b7
2023-03-25 19:42:12,True,2.294e-10,7.114e-13,3961010000.0,0.0281,0x30...4d20,https://bscscan.com/tx/0xb2f33422c2c870f9f82312a1ce93f7d69d41f9ec311ae64542e415e05a4cf375
2023-03-25 19:41:57,True,2.305e-10,7.114e-13,3434397934.0,0.0244,0xb3...4f75,https://bscscan.com/tx/0x8bfbeee10f40e62e30eef3c1510868fd0b8762b6a345144925f96fc0a39eb638
2023-03-25 19:41:33,False,2.282e-10,7.079e-13,83239600470.0,0.5892,0xdd...6934,https://bscscan.com/tx/0xa03aa7620e78a6394ef087814b1c84e7be8d32051f472420ed879269e7e9d2e5
2023-03-25 19:41:24,False,2.294e-10,7.079e-13,7653100207.0,0.0541,0x89...c814,https://bscscan.com/tx/0x798ac8f1f7e6d0e7a29c0d8b7b822c71aa633f578b4db525ca563230ee30f823
2023-03-25 19:40:00,True,2.305e-10,7.115e-13,11104700000.0,0.079,0xd2...27e8,https://bscscan.com/tx/0x3dbf7b3f7fe47b1efe7c8710aa3d3041a5fcd4b43241088c670acef629803cda
2023-03-25 19:38:42,True,2.29e-10,7.115e-13,14054621199.0,0.1,0x06...a68a,https://bscscan.com/tx/0x876b2d6de2c6564533dfe5d7cce89f456deeeca83897fb89059d531fb8f1fe6e
2023-03-25 19:37:12,False,2.281e-10,7.079e-13,16315862955.0,0.1155,0x3c...9024,https://bscscan.com/tx/0x0007c7ba820acf8845a49b63df2304d995f6ff0ff7f560a2de48479405ac4e54
2023-03-25 19:36:09,True,2.293e-10,7.115e-13,8000000000.0,0.0569,0x31...6a67,https://bscscan.com/tx/0x23ac785a53a9b25f94b2799eebdedfb7c2016231882529a18b2a8313ed6f4490
2023-03-25 19:33:54,True,2.305e-10,7.115e-13,16500000000.0,0.1174,0x46...6627,https://bscscan.com/tx/0x94d7275df79736cdee0346e25d4536e548527802e608b06613a4f49e8c810ff1
2023-03-25 19:33:27,False,2.294e-10,7.079e-13,16379655472.0,0.1159,0xec...7f00,https://bscscan.com/tx/0x16e6600058d29a09f5e4586961737cca5cd920410f51d6e1727bce93359270a0
2023-03-25 19:32:54,True,2.305e-10,7.115e-13,28249575483.0,0.201,0xdf...cc89,https://bscscan.com/tx/0xe20d0d0e42def9da904486aa750a1d4c4068db30b393c1704d0751aecbaa358c
2023-03-25 19:31:33,True,2.294e-10,7.115e-13,1500000000.0,0.0106,0xaa...4d7f,https://bscscan.com/tx/0x9c2a350b503a96ff0924f3e324087b3e70bbb47035aa6ba00c72799ba910678c
2023-03-25 19:26:45,True,2.305e-10,7.115e-13,491917996.0,0.0035,0x45...2b39,https://bscscan.com/tx/0x4baef3d7173db259b7a72f541659a3afd21ee4dd631812556fcb472e760e8820
2023-03-25 19:26:39,False,2.294e-10,7.079e-13,51983833230.0,0.368,0x37...2054,https://bscscan.com/tx/0xd709caf0d14907f5f56394e038bcc9020f0d94cc870240da0b965db37a788d8c
2023-03-25 19:24:54,False,2.283e-10,7.079e-13,7534529199.0,0.0533,0x4c...3129,https://bscscan.com/tx/0x8cfde9804d8a34c3cb383f0d2a84a23f2f887e9ba2cc33bc254ba4ca368a99e4
2023-03-25 19:24:39,False,2.283e-10,7.079e-13,155951488645.0,1.10412,0x37...2054,https://bscscan.com/tx/0xdca6cf1e69ceb73777c3f5be625a7a39e48f38acdfb1385ff6f2daa774c15fde
2023-03-25 19:23:15,True,2.306e-10,7.115e-13,15507365762.0,0.1103,0x4a...9950,https://bscscan.com/tx/0x596f75091d1ff6b3761c13adb39db684c3f59f6f203171cd59a9d18a9c357698
2023-03-25 19:21:15,True,2.305e-10,7.115e-13,2630274731.0,0.0187,0x73...1886,https://bscscan.com/tx/0xee324e852687050b878f5685aafccb0bfd9e0f3d040544f7b70aee897da8968f
2023-03-25 19:20:54,False,2.282e-10,7.08e-13,3696376814.0,0.0261,0x15...f0ed,https://bscscan.com/tx/0x0cae0313a7773f02b7b937d53ec182d01e6ab9d6143e6351b031127447e9f61b
2023-03-25 19:20:39,True,2.305e-10,7.115e-13,12854160506.0,0.0914,0x28...1463,https://bscscan.com/tx/0x537ac50fecdcf2afb6a4ce2d097e8ed7b4a07042afc80df03db931d53c7aa43d
2023-03-25 19:16:36,True,2.294e-10,7.115e-13,50598310656.0,0.36,0x85...34b9,https://bscscan.com/tx/0xe98869d522a28ac3bd628c0a8586995cc5f46fa1af89aeb2a2432a9e08464232
2023-03-25 19:16:03,False,2.294e-10,7.079e-13,1881265446.0,0.0133,0x5e...60d9,https://bscscan.com/tx/0xb35cf35798523910bfefa0e5dc8c577b0069681814819b2025bdc1db76b45449
2023-03-25 19:14:34,True,2.294e-10,7.115e-13,17538926928.0,0.1248,0xbd...362a,https://bscscan.com/tx/0xfb70cc35e4029b20a0ad4f5a01c898f463da89ba5c6f6f89add1202b1a7c1e0a
2023-03-25 19:12:33,False,2.294e-10,7.079e-13,36392660101.0,0.2576,0xeb...e929,https://bscscan.com/tx/0xba3989f5427938b107058f4dcdd5ca7b043bd37ed4c5216e2953ddea922ab540
2023-03-25 19:11:26,True,2.305e-10,7.115e-13,3792830000.0,0.0269,0x89...f9eb,https://bscscan.com/tx/0x92e57dd3ccf1ff562e5d774ba4be924db2472a1f0d1b33436bcc300404c86e96
2023-03-25 19:11:11,True,2.294e-10,7.115e-13,15076125052.0,0.1072,0x29...2454,https://bscscan.com/tx/0xc6558012e0c312469aaebf0071452f2dc464b043bbe95afba87e3de96abce254
2023-03-25 19:08:47,True,2.293e-10,7.115e-13,2483214630.0,0.0176,0x2a...47c9,https://bscscan.com/tx/0x54d438bbcaa282a690ebad611a1fc83b59f4cfa3d230cceef98ec0d1a7191e3f
2023-03-25 19:07:35,True,2.292e-10,7.115e-13,22345904211.0,0.159,0xe8...cb25,https://bscscan.com/tx/0x08482629a41e6a768045b9752a74945b9a16b0b9a2c69313c12c10a60a60618e
2023-03-25 19:07:29,True,2.304e-10,7.115e-13,1264869064.0,0.009,0x08...0312,https://bscscan.com/tx/0x3e9a0993a2aa63616623af315aab46c844f02fe2e5a3fd1da3ca351d233f6c0e
2023-03-25 19:06:25,True,2.304e-10,7.115e-13,1942300000.0,0.0138,0x4c...0724,https://bscscan.com/tx/0x8c246d6e761d902f016adc0b88713e581aee48b259e300fb3ae43d25f0b953d8
2023-03-25 19:05:35,True,2.304e-10,7.115e-13,140540.0,9.999e-08,0x2e...bc39,https://bscscan.com/tx/0x69aa7f63e4adddb5c05381e0e5977f6d7a6425131f27f51e615f1f9930eccfd5
2023-03-25 19:05:32,False,2.292e-10,7.079e-13,13217101704.0,0.0935,0x22...7320,https://bscscan.com/tx/0xb4d9e5b49c5ed005d311995dcd1a9a7d887e91bd136639284ba9170065dce448
2023-03-25 19:04:21,True,2.292e-10,7.115e-13,702701864.0,0.005,0x6f...d377,https://bscscan.com/tx/0x9fe80746eaebc1a624c584ce699c5e5fd77021ba8ad4f3eb564c6f6f0b4495ed
2023-03-25 19:01:54,False,2.292e-10,7.079e-13,23086463505.0,0.1634,0xd9...f4b9,https://bscscan.com/tx/0x12a605ac9c2df04c7f4e408710d64928f2a3496a1ccace0a5d8a8023855fb6a1
2023-03-25 19:01:06,False,2.281e-10,7.079e-13,39387431688.0,0.2788,0x73...0ed9,https://bscscan.com/tx/0xabe66d9ee0be810c08ab9ffbecc176d49b7c7e7bfd804fa94cb1d508037fae1d
2023-03-25 18:55:18,True,2.304e-10,7.115e-13,7500000000.0,0.0533,0x60...a231,https://bscscan.com/tx/0x8381ad261dd64d6e07f1b533b5dcbbb6251f377839a6311496595db19a0bffd6
2023-03-25 18:54:09,False,2.293e-10,7.08e-13,7206751176.0,0.051,0x93...180b,https://bscscan.com/tx/0x74164fe1f1321a9ca6137adbfde83dfbdd1be02c68aa1346c4525372afe8a459
2023-03-25 18:52:00,True,2.304e-10,7.115e-13,7606060001.0,0.0541,0xae...e387,https://bscscan.com/tx/0x47cdf0a2d6780ec94bbbe0ace7070aa2d301830cf2ab227d4a6ddcdca869d09a
2023-03-25 18:50:39,True,2.292e-10,7.115e-13,976225591.0,0.0069,0xa7...5525,https://bscscan.com/tx/0xcdaa017ecb6abc3a3b26933f1cef9b4e9dfb9d9a295faabef50f7eb025473c69
2023-03-25 18:50:33,False,2.281e-10,7.08e-13,13458407380.0,0.0952,0xfe...49a7,https://bscscan.com/tx/0x589acf4c3ee5613be3a4fb748593256a7aa12bf2b9e1a127c439853d63e1dfd4
2023-03-25 18:48:03,False,2.293e-10,7.08e-13,57116438848.0,0.4043,0xa2...b73e,https://bscscan.com/tx/0x72d519d0deea98dda05ab539d22e6fe1dd828df0ea8c61b8bc8a339b8cb77d5b
2023-03-25 18:45:41,True,2.292e-10,7.115e-13,45304722771.0,0.3223,0x60...01ef,https://bscscan.com/tx/0xc6fb324530f377dd1027be96fcef717d9c4b4606c7164d337df6e6577df2fabd
2023-03-25 18:41:38,False,2.281e-10,7.08e-13,405000000000.0,2.8677,0x50...12e8,https://bscscan.com/tx/0x8b32141a9adf642d393f7d2d1a1c1256b73464e614de082c00e1bf753eabdfed
2023-03-25 18:41:08,False,2.292e-10,7.081e-13,17790685928.0,0.1259,0x31...05ee,https://bscscan.com/tx/0xe2c9f34f660a3afb6debabf2c8f934fcb4ec22ba5a8dbaf54fe36f95413a4aa3
2023-03-25 18:36:17,True,2.293e-10,7.116e-13,7052078650.0,0.0501,0xee...2d5e,https://bscscan.com/tx/0x3f49a72f35158f92807283d05dfd4c8fbf9b79077ec26a8da51ed3378423d775
2023-03-25 18:35:53,False,2.282e-10,7.081e-13,20723996219.0,0.1467,0xc7...29e4,https://bscscan.com/tx/0xbd9ef70026b527f4304fcf51ae2a78431b733089b78af91033c5e0a4ae1b455e
2023-03-25 18:34:26,False,2.293e-10,7.081e-13,9143750728.0,0.0647,0xed...3179,https://bscscan.com/tx/0x62ae5dd0204a365d52a5f8d020ac0a42e23c3b3dacb7cf5a40b426e782498780
2023-03-25 18:33:41,False,2.293e-10,7.081e-13,39771398622.0,0.2816,0x62...0502,https://bscscan.com/tx/0x895a9c1842f04acacbafaa975b8c67677f4e07440b46661673a20b0b5321ee5f
2023-03-25 18:33:20,True,2.305e-10,7.117e-13,56894947604.0,0.4049,0xfe...1b92,https://bscscan.com/tx/0x18a0cf5a4d3a172c2a7f57c94384dac13ee6780dbb879e86ad0774c3cd46d29c
2023-03-25 18:31:32,False,2.293e-10,7.081e-13,49093190537.0,0.3476,0x2a...edee,https://bscscan.com/tx/0x8677c69e59efce5461c03923bffc48f515270a63d6b04d2be53d2a1a7cc05abf
2023-03-25 18:31:32,True,2.305e-10,7.117e-13,5834126764.0,0.0415,0xa3...f216,https://bscscan.com/tx/0xd9401f0ee00d6a82a4f5a076fb037c31d6cfd675240425d421a005879d12972f
2023-03-25 18:29:02,False,2.295e-10,7.081e-13,219142136505.0,1.55194,0x23...09f7,https://bscscan.com/tx/0xd38ecf643da6c6a835254ca4b9b02647b058e9b608c0295a9e04431aa42e59bb
2023-03-25 18:28:41,True,2.306e-10,7.117e-13,35000000000.0,0.2491,0xfb...7126,https://bscscan.com/tx/0xb04188b71b8f45e3298c46ec469e5ea3eba0bd5ff2c6fd57aeb424d74c19b044
2023-03-25 18:27:56,True,2.305e-10,7.117e-13,3600000000.0,0.0256,0x4d...d5a8,https://bscscan.com/tx/0xa6da9d108048473b669f8f2afff616c708c84aad607ef2ba1286d6993e341cb0
2023-03-25 18:26:29,True,2.298e-10,7.117e-13,2788486399.0,0.0198,0xbe...cf73,https://bscscan.com/tx/0xc1f73e0b39a27f514457257529af7d2393f90d7c07108dae34fc4422fcfe0e7b
2023-03-25 18:25:55,True,2.31e-10,7.117e-13,3090903280.0,0.022,0x61...6454,https://bscscan.com/tx/0x2ee579bc0e3ab95df5b87714443b51f9726f21c473ae4e508873cc8855605c41
2023-03-25 18:25:52,True,2.31e-10,7.117e-13,3207525265.0,0.0228,0xd0...ec2d,https://bscscan.com/tx/0xd2776dd7883694f7e251a98b16fa8e4f47e28d06e5091717d66e4cee6df555e4
2023-03-25 18:25:49,True,2.309e-10,7.117e-13,40183380007.0,0.286,0x37...5d3b,https://bscscan.com/tx/0xdb2b3e60649d4da8ba5ff2cc0aae493adb62bf2a581f8d660576a73b661d7b94
2023-03-25 18:23:31,False,2.298e-10,7.081e-13,10203272133.0,0.0722,0xf3...6e15,https://bscscan.com/tx/0xa62ee9715a8faa37b6d0099695b6db3629cc535369d9c83fa64e127b5dcfd936
2023-03-25 18:22:55,True,2.298e-10,7.117e-13,6505055241.0,0.0463,0x96...5b2a,https://bscscan.com/tx/0x9381b4de872f31304468b0ff0757421261494dd6ceda0d0fe4db6b396417f2cf
2023-03-25 18:22:46,False,2.286e-10,7.082e-13,16787955102.0,0.1188,0x73...b0cd,https://bscscan.com/tx/0x1f2538a705af4553e5e9a729390133585a72ffb6f14d92c64c0602d3ddb62f47
2023-03-25 18:22:40,True,2.309e-10,7.117e-13,6743871731.0,0.048,0x61...6454,https://bscscan.com/tx/0xc1e3eb8c4d180af0544ac1239c71c6e6a652cd7852fcdf6ef936dcf0b9060ee4
2023-03-25 18:22:37,True,2.309e-10,7.117e-13,40000000000.0,0.2847,0xe9...d049,https://bscscan.com/tx/0xec12ec391a85b5a701bae4da81c2be9ff5afb4e76832e55e8922f6269465c4e7
2023-03-25 18:22:31,False,2.298e-10,7.081e-13,38157210200.0,0.2702,0xa3...ef20,https://bscscan.com/tx/0x958fd22e5c3542698f7eefc0a46a08b41262a22c8b480eb8820740ee1ef32078
2023-03-25 18:21:07,True,2.298e-10,7.117e-13,91988908095.0,0.6547,0x1f...c63b,https://bscscan.com/tx/0x5c8b9581d7b091f54bffe6ffb2a261ba57f874ccbce15a01095911fa7d6569f8
2023-03-25 18:18:46,False,2.296e-10,7.081e-13,5768989227.0,0.0408,0xe8...af8f,https://bscscan.com/tx/0x1d4e29b488b1ad560c72d656831087b1afcdbe4a20c9d76da8f4d857277cbf2f
2023-03-25 18:18:22,True,2.308e-10,7.117e-13,16017965270.0,0.114,0xd6...b9b6,https://bscscan.com/tx/0x292e36f0835f2d32bef55fff57671af88c3b5a2fbbc5198342bad623069cd163
2023-03-25 18:17:04,True,2.297e-10,7.117e-13,3758480103.0,0.0267,0xa5...833f,https://bscscan.com/tx/0x01f19fcbbe5e292f7257aef1fc410edff6a69fd8a45c63fec60b6ca0cf6ef92d
2023-03-25 18:15:01,True,2.297e-10,7.117e-13,17083111231.0,0.1215,0x85...9aed,https://bscscan.com/tx/0xa7f7451e999d5fb44b572a787c3448522a160528b141600a34c3bf889ab016ce
2023-03-25 18:13:40,True,2.297e-10,7.117e-13,2715495933.0,0.0193,0xa5...833f,https://bscscan.com/tx/0x02fe1744f90d0b1be0025f388bba0948736cb385c0113cfbcbc6c54757a4a10d
2023-03-25 18:13:04,True,2.308e-10,7.117e-13,9900300000.0,0.0704,0x48...dba7,https://bscscan.com/tx/0x98708797052877df3e6fcd4a6a49f398d60b8ab14c9cd24d4a70053769636cfb
2023-03-25 18:11:34,True,2.307e-10,7.117e-13,15356575769.0,0.1092,0xd7...6065,https://bscscan.com/tx/0xe2cb9a2b9f1884cd2b07cad09fa2519cb4717b883be7e252dbf4dff36ae14077
2023-03-25 18:08:16,True,2.307e-10,7.117e-13,3512677562.0,0.025,0x2e...b512,https://bscscan.com/tx/0x08d2ed9a3312150c3fa0603e83a8879e52f3eb9f28d658cd17bc17c4a8b8043a
2023-03-25 18:08:01,True,2.307e-10,7.117e-13,2500000000.0,0.0177,0x1d...3525,https://bscscan.com/tx/0xe7ef3a4f32753794b82ce83e567d1bfda81d5a2d9a4ac83d63b701d95abad69f
2023-03-25 18:07:07,True,2.296e-10,7.117e-13,8430457580.0,0.06,0xa4...3db9,https://bscscan.com/tx/0x20facbcdafc643b71db4ef4d641717faa7a0f15e41789add33b77feb039343a1
2023-03-25 18:06:49,True,2.298e-10,7.117e-13,3269058140.0,0.0232,0x64...18cb,https://bscscan.com/tx/0xad11daf7d7f9b8f91fe4133f5da1372b01a750defb017d786488e4a1a5cd76bf
2023-03-25 18:06:07,True,2.311e-10,7.117e-13,4847534234.0,0.0345,0x14...9ebe,https://bscscan.com/tx/0x2d3b32ea09d732e29f0833ec896f77392f2bcad331a2ec5e25e2e26eda824f6f
2023-03-25 18:06:04,True,2.311e-10,7.117e-13,3768931990.0,0.0268,0x64...18cb,https://bscscan.com/tx/0x804e855664e8bd3a5241f338aa60b37e671350387a7b66f0b5925dc3db41859a
2023-03-25 18:04:55,True,2.311e-10,7.116e-13,1932180668.0,0.0137,0x59...2223,https://bscscan.com/tx/0xf383e40a37a1197cbdc16477acc3ff5738a701ed4e58a5d22def9d5e16b13b21
2023-03-25 18:04:37,False,2.301e-10,7.081e-13,3887640859.0,0.0275,0x66...4b70,https://bscscan.com/tx/0xb0569ac4acfd35029bc28a2e50ea1f57b171d678bcd39cb2418853e5cf0af0e9
2023-03-25 18:02:31,False,2.288e-10,7.081e-13,2158527814.0,0.0152,0x7d...e4e3,https://bscscan.com/tx/0x3c7bda8f6418e0a1d7320865ebd584c45de7d62b2eb4185cac93c197ff764a1c
2023-03-25 17:58:13,True,2.3e-10,7.117e-13,1206207050.0,0.0085,0x62...b338,https://bscscan.com/tx/0x57fb5bbfbdb100faeec23a3b128202fb18d1485b95b0dba657bc9ed5720c5fc8
2023-03-25 17:57:19,True,2.301e-10,7.116e-13,10000000000.0,0.0711,0x51...4050,https://bscscan.com/tx/0x5ed96e2f87c3de34b58c66aec57971663b2d08efda5f0f3ddead30afe306a153
2023-03-25 17:56:46,False,2.289e-10,7.081e-13,13185064900.0,0.0933,0xb2...46ce,https://bscscan.com/tx/0xb4ebe46ff7bf432852723be0d73b0fafd8c360afac557ec785cc9b00434a3e8c
2023-03-25 17:54:25,True,2.312e-10,7.116e-13,203211326035.0,1.44619,0x4c...3b03,https://bscscan.com/tx/0xdc4a2753f3dc752d7a6e3dfb40a375de60df9159c3a6be10caa6615ef7f0da09
2023-03-25 17:54:07,True,2.301e-10,7.116e-13,12755365165.0,0.0907,0x29...2454,https://bscscan.com/tx/0xa89055d93b17e61d04b062a3ccde2a348084e031d96a5afb9f221d9334968c6e
2023-03-25 17:53:31,True,2.295e-10,7.1e-13,10449201943094.0,74.1894,0xb9...f731,https://bscscan.com/tx/0x66540e93e4f4415c31445e2d3dbe535c411d86511b6373a75b3fa1c492ad00f9
2023-03-25 17:53:10,False,2.279e-10,7.048e-13,405217173599.0,2.85637,0x4c...3b03,https://bscscan.com/tx/0x1287ce587521c6cedcbaa95453f8f16f7a3c8debfaf35a1184b7f4605e833b42
2023-03-25 17:50:34,False,2.291e-10,7.05e-13,252491934128.0,1.78007,0xc0...5d44,https://bscscan.com/tx/0x1a4c01abbdae01d04a6d5c48938656cfac4a083d3e00419f173eae64f849a5ef
2023-03-25 17:48:40,True,2.303e-10,7.085e-13,4000000000.0,0.0283,0x19...f134,https://bscscan.com/tx/0xb7ea7fb85241dfaabc6ea30dfcf8be84d847df9317054d08b560e43a89262348
2023-03-25 17:48:13,False,2.292e-10,7.05e-13,153113246695.0,1.07954,0xd3...c167,https://bscscan.com/tx/0x42d70db90b3537a908c10713303fccc70c8e5282467988c76fe265938b711d4d
2023-03-25 17:48:07,True,2.292e-10,7.086e-13,14914350073.0,0.1056,0x15...4042,https://bscscan.com/tx/0x4294a6a1c5498058129bad55a33b04aaf2d5c0752938a7f01e780fe0ce5f1000
2023-03-25 17:47:16,True,2.292e-10,7.086e-13,11000000000.0,0.0779,0x59...c32e,https://bscscan.com/tx/0xdce9d3c27ca2191dadfa3331046c1e598dabe3a32eb3348e43961ce17ad285fc
2023-03-25 17:47:10,False,2.281e-10,7.05e-13,1382527831.0,0.0097,0x76...f951,https://bscscan.com/tx/0x58de660fe6c9df3985e61a52c51e318b80925ec3b24c81663a77c5a3ff08ce9f
2023-03-25 17:45:40,True,2.304e-10,7.086e-13,11255443564.0,0.0797,0xbc...ea7d,https://bscscan.com/tx/0x2d3b2d60e2d44a48c37f43ea4f3ece1a32cce447a4ada3526df079e2626c6a31
2023-03-25 17:45:28,True,2.304e-10,7.085e-13,142000000000.0,1.0062,0x19...f134,https://bscscan.com/tx/0x14ccc820476764408131f01fdd28a5f2efed6abd87906e4a7ca5cd9d1ec8f313
2023-03-25 17:44:40,True,2.303e-10,7.085e-13,500000000.0,0.0035,0xab...dd9b,https://bscscan.com/tx/0xe5e3e824b0c207c175fef0185695825c9f6c03ac6f4bafffdcfd1fa1e3576354
2023-03-25 17:43:40,False,2.292e-10,7.05e-13,45071486302.0,0.3177,0x2e...955c,https://bscscan.com/tx/0x84a242b64aa74b3c0e7e451cd1b76340b77552bd715ed1fb7b2e8d13415449c2
2023-03-25 17:43:40,False,2.292e-10,7.05e-13,8075075888.0,0.0569,0xe7...06f5,https://bscscan.com/tx/0x145f51926066937db29fc3bd6ccc0ae97e19526b47ebc00517aec449cbc0cd1f
2023-03-25 17:43:22,False,2.281e-10,7.05e-13,13478202247.0,0.095,0xf4...8b72,https://bscscan.com/tx/0x3daced46685d4db6dbf695023c387774eb0cba835a4b6a8e494704a826beb7f8
2023-03-25 17:43:04,False,2.292e-10,7.05e-13,45071486302.0,0.3177,0x2e...955c,https://bscscan.com/tx/0xa07add9da25ac96e09d3d42895526d37b3162b3ae7628e297617480054ef77b3
2023-03-25 17:42:04,False,2.292e-10,7.05e-13,7124056201.0,0.0502,0x76...f951,https://bscscan.com/tx/0xefd2f9db2e848378c192073ce6948b7b7108ca95bea935777a816ff954bd028a
2023-03-25 17:40:49,True,2.292e-10,7.085e-13,98780000000.0,0.6999,0x8b...47e1,https://bscscan.com/tx/0xa24ca7d9f4e080571aa57d5a04ade05e33e00919dd4824de7d163f67b5314451
2023-03-25 17:40:34,False,2.292e-10,7.05e-13,65621048187.0,0.4626,0x9e...6637,https://bscscan.com/tx/0xbd03763c2e712a30ced4fc18be4086709297422c44d0537a880eb721eaf11b87
2023-03-25 17:39:40,False,2.281e-10,7.05e-13,5400000000.0,0.038,0x4c...a641,https://bscscan.com/tx/0xc52ae5aa2e53fae2f960f4df226ca6eb3e9141930c5edae60ee9297624a008ed
2023-03-25 17:39:25,False,2.281e-10,7.05e-13,4500000000.0,0.0317,0xdf...6dfe,https://bscscan.com/tx/0x0478b169d6cc0ffead0aac31459b92c4190b3d643ac39e11b24e9b51f1b42243
2023-03-25 17:39:01,True,2.304e-10,7.085e-13,10011932508.0,0.0709,0x6b...f437,https://bscscan.com/tx/0x9a87b6c804b41b24104be2aacd0c658b720c8300fd7aeb04a97dc9f5c52bf86e
2023-03-25 17:39:01,False,2.293e-10,7.05e-13,11794387172.0,0.0831,0x60...a6cf,https://bscscan.com/tx/0xf1eaff0fe7de4217fa2999f84c560071f435024cb7a6138f8ce1632ff7572737
2023-03-25 17:36:28,False,2.281e-10,7.05e-13,3476053096.0,0.0245,0xfd...226c,https://bscscan.com/tx/0x944b49948634290ac31096cab4b6891182bcfd9143cab6361330a01156e39bc9
2023-03-25 17:36:19,True,2.293e-10,7.086e-13,2000000000.0,0.0141,0xb8...ca71,https://bscscan.com/tx/0x83614bbddc5505921ecf9e85d520a62e9518525348ecb411627feead54d77829
2023-03-25 17:35:31,True,2.304e-10,7.085e-13,1128987396.0,0.008,0x51...f632,https://bscscan.com/tx/0x236d79f0b5d5ed233489c403f1e79800ebd51e468c132be79d373a38247a475b
2023-03-25 17:34:07,True,2.304e-10,7.085e-13,5000000000.0,0.0354,0xb8...ca71,https://bscscan.com/tx/0x9a90a0718fea9738030e02819ce04d8edea904c948e197ec9a2574acec2dbdd5
2023-03-25 17:33:40,True,2.293e-10,7.085e-13,10353317682.0,0.0733,0x24...7485,https://bscscan.com/tx/0x2eea5c98d4b7731a24ebfcd566bcc85dfd93c680264c88b1f70f96f501c7ab66
2023-03-25 17:31:13,False,2.282e-10,7.05e-13,133035144192.0,0.938,0xde...d7fc,https://bscscan.com/tx/0x483edd0e961df77da474e34687425f899e0bbccac1311b8e16c0b2ebd5abc00f
2023-03-25 17:30:49,True,2.293e-10,7.086e-13,5926880001.0,0.042,0x33...fcf1,https://bscscan.com/tx/0xcca935cc17d2df6735b5a8b30719a6bc02d96e34ce713e5e59035e6ea772473f
2023-03-25 17:29:40,True,2.304e-10,7.086e-13,2500000000.0,0.0177,0xb4...33d8,https://bscscan.com/tx/0xa94d0900dfce26e2c6dc13b4a546d27de156fdc518bd349a52e8ecb4dabd283f
2023-03-25 17:27:55,False,2.282e-10,7.05e-13,33332167330.0,0.235,0x96...9a48,https://bscscan.com/tx/0x13f091295ad7941528a3d238e392213e8c5b4a5fdae34cb443b011b5a1d66a34
2023-03-25 17:27:31,False,2.293e-10,7.051e-13,10249296339.0,0.0722,0x2e...f930,https://bscscan.com/tx/0x8579fca182ce4f13bdda4e7e1032ed4d33790779e7a435f3f2be31e7ed85cf14
2023-03-25 17:27:07,False,2.281e-10,7.051e-13,21856152533.0,0.1541,0x0b...eed1,https://bscscan.com/tx/0xb9112acce79ffbc24603d48a265d48654187a437c0b4499efea65c4d5664e5f1
2023-03-25 17:26:01,True,2.304e-10,7.086e-13,1160470000.0,0.0082,0x36...af72,https://bscscan.com/tx/0x431e8c6b0673c929195e79a8d296c19c17d2019deefc7483107f59cbea6aac4b
2023-03-25 17:25:43,False,2.28e-10,7.051e-13,8372676375.0,0.059,0x28...eeff,https://bscscan.com/tx/0xb4240fddf33295d2d6aa47f3462fbc412a365ffa8552ef099c251cae971638f6
2023-03-25 17:18:28,False,2.293e-10,7.051e-13,14400000000.0,0.1015,0xdf...6dfe,https://bscscan.com/tx/0x74f6d8edc30b7c25946716016c2860937c38c1f283e217194fe91359cc25d9db
2023-03-25 17:16:13,False,2.292e-10,7.052e-13,540000000000.0,3.80811,0xe5...790d,https://bscscan.com/tx/0x3c48a03618ed465acc819aafcf2e8fcae3bf020f706d164f1ba030cf702ae834
2023-03-25 17:14:24,False,2.292e-10,7.052e-13,19826834513.0,0.1398,0x40...593e,https://bscscan.com/tx/0x7647ab28d7e84b98b0b5f593842d6041491e55b2e5e6b0e5f7ae1ad47758080a
2023-03-25 17:13:57,False,2.281e-10,7.053e-13,128502900000.0,0.9063,0xdf...6dfe,https://bscscan.com/tx/0x7f2fd32dea223efe9ae6632f18b43756af9d99a0d11c012d504e829b73b7d914
2023-03-25 17:13:13,True,2.292e-10,7.088e-13,9649004468.0,0.0684,0x63...675c,https://bscscan.com/tx/0xb1ab29e62f5b2a518f9e04b024090f95015fa95de19afbeaa3121f7eaad38bc8
2023-03-25 17:11:07,True,2.292e-10,7.088e-13,8182039870.0,0.058,0xb5...8e26,https://bscscan.com/tx/0x06802bb32adbd996a4637bd2bb7631126c0b10f7481aeca579cefdde31f9c32b
2023-03-25 17:10:34,True,2.304e-10,7.088e-13,13562192956.0,0.0961,0xd9...ef90,https://bscscan.com/tx/0x3cad0c97c838d562ab666b4adb9ac50d60148e4ee997aa98a37e6012c4d5113e
2023-03-25 17:07:07,False,2.279e-10,7.053e-13,1915462007.0,0.0135,0xdb...b6ec,https://bscscan.com/tx/0x387e381d9b9cc9395f171e64927226c2887763d3a156d60fa818d6cf06097a02
2023-03-25 17:06:58,True,2.29e-10,7.088e-13,9327146336.0,0.0661,0xd2...d5da,https://bscscan.com/tx/0x87958ddee0e704abbb57075a8c5ee03adb7d4a1e13ddafc9e0a19e2dcb006f26
2023-03-25 17:05:13,False,2.29e-10,7.053e-13,52760348585.0,0.3721,0x38...1e87,https://bscscan.com/tx/0x36629a141e2ef86679805653628113aa448eda66203579a01b6cab42248fe4cf
2023-03-25 17:01:37,True,2.301e-10,7.088e-13,1000000.0,7.088e-07,0x06...86a4,https://bscscan.com/tx/0x070e2117ccce5f58564fbb1a7689da12aa3abefbaa757bd9b298dafbc31733ca
2023-03-25 17:01:19,True,2.301e-10,7.088e-13,2703381166.0,0.0191,0xe6...bfad,https://bscscan.com/tx/0x7c2f1713630d9a824e5e3c94bfcdcffba541aa0a85d8ec44e8733a829580c6c8
2023-03-25 17:01:19,True,2.301e-10,7.088e-13,3117430001.0,0.0221,0xea...36f8,https://bscscan.com/tx/0x7c93100fe590b21608429216e024fd979e222fcd65f54c4e2d83724eb2a0234e
2023-03-25 17:00:31,False,2.289e-10,7.053e-13,21162760755.0,0.1492,0x9c...ce97,https://bscscan.com/tx/0xdf16b9609dc9026a75bee2107fc1152173ade5c398205a6b1d85c2354d109d50
2023-03-25 16:59:55,True,2.301e-10,7.088e-13,4232013899.0,0.03,0xe3...949a,https://bscscan.com/tx/0x6e329fd0c30ed42e053dec55c42e147f625ef88a5c9027ea971b2cbedf024695
2023-03-25 16:57:19,False,2.29e-10,7.053e-13,8102921503.0,0.0571,0xb9...26a6,https://bscscan.com/tx/0x353aeef3c02ef1140bea345c0b343400833ca5d54ff89e0ddc380933f4a019e6
2023-03-25 16:55:40,False,2.29e-10,7.053e-13,3130606522.0,0.022,0xff...796a,https://bscscan.com/tx/0xa6dc506a14408929cac720ab908908fb96e427f750b9b96c83be29d9dfe4651b
2023-03-25 16:55:16,True,2.301e-10,7.088e-13,803313081.0,0.0056,0x15...4042,https://bscscan.com/tx/0x66d8bd44f1cb6cec314a296bc68ab7cd7787e45451f634a1a369b616f9d1b82f
2023-03-25 16:54:01,False,2.29e-10,7.053e-13,168521251423.0,1.1887,0xa1...0980,https://bscscan.com/tx/0x41e9721c324544063d5675e24476c19f04f9207ceda73e5cea6585959f3f46f4
2023-03-25 16:52:49,False,2.279e-10,7.054e-13,28089698051.0,0.1981,0xdb...1ef5,https://bscscan.com/tx/0x7a960c8ec3da889a99656cacb9cf183ef3cc13bb8383eff5b70dff15c93cb78d
2023-03-25 16:52:31,False,2.279e-10,7.054e-13,1840258478.0,0.0129,0x5b...695a,https://bscscan.com/tx/0xcba0963b715385c433917922344b1462149faaaceffe010ddf5e812c97eaf080
2023-03-25 16:50:37,False,2.291e-10,7.054e-13,9480478815.0,0.0668,0x4f...3ad1,https://bscscan.com/tx/0x9ffb2944ec6279039232b51e75220c7cfebbba0beecfb8c07db2d28265d763e4
2023-03-25 16:49:07,False,2.291e-10,7.054e-13,63000000000.0,0.4444,0xdf...6dfe,https://bscscan.com/tx/0xcced0d17c3a2fa4403b164494ca63392dab14b3921dd90a59a7ff717f6954b98
2023-03-25 16:49:04,True,2.302e-10,7.089e-13,10019268116.0,0.071,0xf1...bb6d,https://bscscan.com/tx/0x2eabd1cc01758c3a7247e2ae3cbece6411c9708a8e74f4e8549f4c116fcb912b
2023-03-25 16:47:28,True,2.302e-10,7.089e-13,12861775432.0,0.0911,0xe0...f5d6,https://bscscan.com/tx/0x8e012d3f94b4c590f0ffec94c93a69452a5c8dd1dedadc319b1ccad2eb4ecca6
2023-03-25 16:47:10,True,2.3e-10,7.089e-13,2000000000.0,0.0141,0xbc...574d,https://bscscan.com/tx/0x53fb0b420fbc43e34fbae0b6b1bdb7fccda2b397b4e148b4671186275f18c73e
2023-03-25 16:46:40,False,2.289e-10,7.054e-13,9884849188.0,0.0697,0x1c...acc5,https://bscscan.com/tx/0xec6e3425cd79042f433c1c5c5fbb222ab76462fb8e63ad15b77017d8442b3554
2023-03-25 16:45:01,True,2.301e-10,7.089e-13,6845237058.0,0.0485,0x80...149e,https://bscscan.com/tx/0x4fbd1c964f3e96c3c98a48afc4313885f104a8f76d83a73fef2b6ce7df8d0049
2023-03-25 16:44:43,True,2.301e-10,7.089e-13,11461500000.0,0.0812,0x7b...a733,https://bscscan.com/tx/0xc7256a86e1cce5c118c2214d4551eef2a59eebc6e3f1f03f51a83d29bd43b01d
2023-03-25 16:42:25,False,2.289e-10,7.054e-13,7889104992.0,0.0556,0x08...126f,https://bscscan.com/tx/0x0b1223589c863085f5d49fe1ec1410a31b8935b9a433785bdfb5173836420e25
2023-03-25 16:42:01,False,2.289e-10,7.054e-13,16743828921.0,0.1181,0xe8...94a0,https://bscscan.com/tx/0x8c100822e0b05242a1bd787719f677d4be23e67654d1da5eacef24b31bbdceff
2023-03-25 16:40:16,True,2.299e-10,7.089e-13,16511701531.0,0.117,0x3d...63de,https://bscscan.com/tx/0x854f01ded02b4ec3ea764907ed3da76fc4b435e952fc868c268a258e4d06105e
2023-03-25 16:40:10,False,2.288e-10,7.054e-13,41871892290.0,0.2953,0x75...b1fa,https://bscscan.com/tx/0x63c82ead20a16ec59b57ad77d3032860a92b527f6fa1b046da1d9b2bb80fa407
2023-03-25 16:38:31,True,2.299e-10,7.089e-13,42315050412.0,0.3,0xfd...2c52,https://bscscan.com/tx/0xd352b4b551ae1a2eef41cdd00a8b2f57b7d53f7fd0874c9116455b7dcf4e85c7
2023-03-25 16:38:28,False,2.288e-10,7.054e-13,7860365006.0,0.0554,0x19...319d,https://bscscan.com/tx/0x8183e6226235c8f7909162b9321d0af409f4a5ceda366bcfc0f2ff1e24854474
2023-03-25 16:38:22,True,2.299e-10,7.089e-13,53087476105.0,0.3763,0xf6...148a,https://bscscan.com/tx/0x6a5d137af4ad5e2e2b51ffedc9fd630d3de8d407e3f27ae505f1bb7cf114e6d8
2023-03-25 16:36:40,False,2.288e-10,7.054e-13,9055212642.0,0.0638,0xe5...9327,https://bscscan.com/tx/0x20f2a7d206673b5245f3f5ce7c1e06920a5593d066a82509bed0ec4ef2adf5a2
2023-03-25 16:35:13,False,2.277e-10,7.054e-13,2001031392.0,0.0141,0xbc...11c1,https://bscscan.com/tx/0x458330e2de41525e98f61ef79144cc796398902a7a55c359e55312f764725581
2023-03-25 16:32:58,True,2.288e-10,7.089e-13,582031160.0,0.0041,0xfd...1b82,https://bscscan.com/tx/0xd951ca24de6535ffcfff42aa901d04f7f0449fcd089f00f14d3254b684e172d0
2023-03-25 16:32:55,True,2.288e-10,7.089e-13,3197049638.0,0.0226,0x17...6a5e,https://bscscan.com/tx/0xb01096b737beed0f30154a4feb60765de8cca8fb2e3f41c395b04163cfcd6512
2023-03-25 16:32:49,True,2.288e-10,7.089e-13,302131797.0,0.0021,0xe3...dcba,https://bscscan.com/tx/0xeec10fc2c8fe4186bf91dbfba9ceaa9ef8d39794a6d96a61dddb8b7f01df6357
2023-03-25 16:31:16,True,2.288e-10,7.089e-13,7597273490.0,0.0538,0xfd...1b82,https://bscscan.com/tx/0x8d224f3300eb91a5bd77e663a6baab41aa93da42623cd2f8ebc6e774b49be8b5
2023-03-25 16:28:49,False,2.288e-10,7.054e-13,3894548918.0,0.0274,0xc0...4667,https://bscscan.com/tx/0x192fd56f059f0e10f34fababdc661929ef5b85077bc72caf477764e404d37ea0
2023-03-25 16:28:04,False,2.277e-10,7.054e-13,59273280000.0,0.4181,0x3f...d669,https://bscscan.com/tx/0x825f08be1433559b4e2954cac18abd9cb48f7e105d397edb78d9082368549350
2023-03-25 16:24:25,True,2.3e-10,7.089e-13,5511116567.0,0.039,0xf1...678e,https://bscscan.com/tx/0xf483a2940862269a5674ea03b35c4055630b560130a49d9f78d327c5d45cdb29
2023-03-25 16:22:46,False,2.277e-10,7.054e-13,1800000000.0,0.0127,0x2f...f82e,https://bscscan.com/tx/0xc1ba31500e16f01a3a15b45850588841f2548f4c2be749b62b99b932c8609847
2023-03-25 16:20:22,False,2.288e-10,7.054e-13,29589606035.0,0.2087,0xd0...eb41,https://bscscan.com/tx/0xb278f1febf78ea5f51a19ca5ea8312cbaa1db061cc5979843182ceba6bb2c1f5
2023-03-25 16:16:40,True,2.3e-10,7.089e-13,1269439725.0,0.009,0x76...effb,https://bscscan.com/tx/0xcf6872f4cf7a1fc4666c65f6b98f77d46d6223e3a878a5eb1dbc0720b7927e28
2023-03-25 16:16:16,True,2.3e-10,7.089e-13,4401391772.0,0.0312,0x92...aadc,https://bscscan.com/tx/0x144ca03ee6117ccbfb82bccacd561a4000aa6bc2872dc6faf9e54a282865d85f
2023-03-25 16:16:07,True,2.288e-10,7.089e-13,86943669644.0,0.6164,0x31...2a75,https://bscscan.com/tx/0x4e666894ef6c404e0241adb7eda87116f272a0971c6218f5525e880da58c4a78
2023-03-25 16:14:37,False,2.277e-10,7.054e-13,12600000000.0,0.0888,0x1c...cef5,https://bscscan.com/tx/0x4c31a932bc764948f8e0a42635b1c61149bc4e1547fb584b631a5d8df05985b6
2023-03-25 16:13:58,False,2.289e-10,7.054e-13,3608440580.0,0.0254,0xf4...2782,https://bscscan.com/tx/0x02607148478247419278b6aa0a33f8b8a2d83a1cd4318be6494532459c64680c
2023-03-25 16:13:25,False,2.289e-10,7.054e-13,2583012086.0,0.0182,0x51...2061,https://bscscan.com/tx/0xebdffda5c76948754bae2ac6f79737383943ff192dfbb588ea0ea7652c5a6fb0
2023-03-25 16:11:46,False,2.278e-10,7.054e-13,8070715613.0,0.0569,0xf0...7c08,https://bscscan.com/tx/0x52b75da847367b38e63439456577b7a9bfa7838499c6bc21b5e6b34b7b4fad1c
2023-03-25 16:10:34,False,2.278e-10,7.054e-13,5511129709.0,0.0388,0xd8...4809,https://bscscan.com/tx/0x535ea3ca13c207cb9810c8224aa44b4f2b7cfc0b760ce4a0f776df79c095a16f
2023-03-25 16:10:10,False,2.278e-10,7.054e-13,34888258700.0,0.2461,0x2a...bc27,https://bscscan.com/tx/0x7e4fa031ef1b536d3b82b9b3409454cc6cb55248c07cd8d2012f59884b51c4e6
2023-03-25 16:09:37,True,2.29e-10,7.089e-13,5113670000.0,0.0362,0xa6...dfea,https://bscscan.com/tx/0x6ee5d15e5162d7bc15fc2ae6eb2d1cc3165537c09b0766a32d2d2928502125e3
2023-03-25 16:08:19,True,2.301e-10,7.089e-13,11941700001.0,0.0846,0x81...5e64,https://bscscan.com/tx/0x20c34755eabae3713b05ff064cafe0a6d2662ed89bfa9f06905c8bb3d0aecbc5
2023-03-25 16:07:55,True,2.301e-10,7.089e-13,4107455991.0,0.0291,0x92...aadc,https://bscscan.com/tx/0x35399046244c01366aceb085613a1d6c73822794ccce6297ace08ed654e1ca0d
2023-03-25 16:06:52,False,2.289e-10,7.054e-13,6379173001.0,0.045,0x62...bceb,https://bscscan.com/tx/0x0ec670fa152e06f077c2a24bdf7f7d3ce47f5ee3b9589f013d0707a95f9c2e1d
2023-03-25 16:05:52,True,2.289e-10,7.089e-13,40905249518.0,0.29,0x46...8936,https://bscscan.com/tx/0xdaa5fa87f339298816b44243110d884b3a3acde9f03a4366ade54af762bfcd22
2023-03-25 16:04:31,False,2.277e-10,7.054e-13,103920023009.0,0.733,0xeb...8c1d,https://bscscan.com/tx/0xabf2465fa0e9b3fc7794b83b8c4aec0a1ceecd04f42d5d84be415742abfe1a36
2023-03-25 15:58:37,True,2.291e-10,7.089e-13,7137769706.0,0.0506,0x15...f0ed,https://bscscan.com/tx/0x3bc034c6aede47718a0ad5e8be96adfe610bf49ea2cba7311028f446e43450e0
2023-03-25 15:56:23,True,2.303e-10,7.089e-13,2397815081.0,0.017,0x9b...17e6,https://bscscan.com/tx/0xc5b33df92ad668b075c62e43e6a787265ba15966ed12def104e265ae858746a1
2023-03-25 15:55:00,False,2.291e-10,7.054e-13,68779076536.0,0.4852,0xee...c994,https://bscscan.com/tx/0xc2a8bf2e236c33cf525d20878414b43d467d1b9531807840e29d4e4677288c07
2023-03-25 15:53:55,False,2.28e-10,7.054e-13,2958312779.0,0.0208,0x21...97d3,https://bscscan.com/tx/0x1fd9343ee0ef7787911449943d501afb4324d5579c486c0cd74157ffad4841aa
2023-03-25 15:50:42,False,2.281e-10,7.054e-13,39726164549.0,0.2802,0x5d...53aa,https://bscscan.com/tx/0xfdfe6866dddfe313658ff8438834d2d200d744310a42e43212170f0730a8e945
2023-03-25 15:50:09,False,2.279e-10,7.054e-13,82450635062.0,0.5816,0xd3...3240,https://bscscan.com/tx/0x086764a0b6bb639026eee0e4e94b93104f0ab7305a878f550046edf206b7b634
2023-03-25 15:50:06,False,2.28e-10,7.055e-13,455390796403.0,3.21309,0x5a...ea8a,https://bscscan.com/tx/0xd273daa48eaf600a0d11e9f85b492b4216da0f3f75f236fc5a391be62c1136ef
2023-03-25 15:45:57,False,2.281e-10,7.056e-13,45000000000.0,0.3175,0xd4...8e5e,https://bscscan.com/tx/0xcb85db2fe83441d7932a464ff7345b5453eb68f50106125ab31417f01845d25a
2023-03-25 15:45:57,False,2.281e-10,7.056e-13,17305154137.0,0.1221,0x0b...d1e5,https://bscscan.com/tx/0xa90c3d03bdf0b4354584a109f48df09c6befb3ae24039b5322869d27b2997e76
2023-03-25 15:45:21,False,2.281e-10,7.056e-13,18008475471.0,0.127,0xb5...79a8,https://bscscan.com/tx/0xc7e311e1e538c695915c510a487279b4fb04ec39be734bd7afde961bda27ccc4
2023-03-25 15:44:24,False,2.283e-10,7.056e-13,21678750000.0,0.1529,0xa3...420d,https://bscscan.com/tx/0x6db404c399a28c853568ba510594563d13f5b4519daabdbec30b901fcc52efc1
2023-03-25 15:44:00,True,2.305e-10,7.092e-13,64620000000.0,0.4582,0x58...4705,https://bscscan.com/tx/0xeb863eb1118c76981088a3d692e1991b0ada901334de0873e96fcee464b96e81
2023-03-25 15:43:18,True,2.305e-10,7.091e-13,5574257500.0,0.0395,0xa3...afe6,https://bscscan.com/tx/0x3aba529f4f7361fb5515aedc61bbdf0a161b188ef4c5ffbcc34fc0b3b5858106
2023-03-25 15:42:12,True,2.305e-10,7.091e-13,1945883022.0,0.0138,0x4d...2ded,https://bscscan.com/tx/0x31b794b72531ec8c95ba462ba21195aa664cbd766aebb20dc0598dcd335ac7d9
2023-03-25 15:41:00,True,2.294e-10,7.091e-13,14222171332.0,0.1008,0x15...f0ed,https://bscscan.com/tx/0x9f6bce696ab6b351027cb3cbab78e32716893cb6f9333a2909fb9191534e4946
2023-03-25 15:40:27,False,2.294e-10,7.056e-13,53936009550.0,0.3806,0xe0...1ee1,https://bscscan.com/tx/0x0894a8842445aa84793c1e42821f8dde8ca05a0dbc64485f939bdcd6354882e0
2023-03-25 15:39:54,True,2.305e-10,7.091e-13,18289400000.0,0.1297,0xa3...147e,https://bscscan.com/tx/0x0f95744424f55acd08a38345c6a021f723a4db155956b9558a9fcb51d31e5c20
2023-03-25 15:39:06,True,2.305e-10,7.091e-13,130386000.0,9.246e-05,0xc8...682b,https://bscscan.com/tx/0x296c1ab7020b26910deb589123d83454e18b2491bdef0d27a6586eaa2f2300b6
2023-03-25 15:39:00,True,2.305e-10,7.091e-13,423014337.0,0.003,0xbd...8d86,https://bscscan.com/tx/0x0786fbf7d0b2f523282f965e8f9eb499115598468f33ae5f331ff2c2aa1bebd7
2023-03-25 15:37:36,False,2.294e-10,7.056e-13,55347355729.0,0.3905,0x7d...e325,https://bscscan.com/tx/0x822d13e6b3d9a39df2ff385d1f35b6b7b7de95875218877b4937e8585545f796
2023-03-25 15:36:39,True,2.293e-10,7.092e-13,5625960279.0,0.0399,0x55...2ce8,https://bscscan.com/tx/0x7b24a96ff904938404be551fd7b70e24b6d2dc088bf50e986c5772bedf146e8a
2023-03-25 15:35:33,True,2.293e-10,7.092e-13,2000000000.0,0.0141,0x63...f4d1,https://bscscan.com/tx/0xf9d312e6f09e36bb80adb9a2cd74dcd3558c5ce165363bccc471d440ac25da8b
2023-03-25 15:35:18,False,2.293e-10,7.056e-13,20678426397.0,0.1459,0xae...13f1,https://bscscan.com/tx/0x7b2e894535ee86780efc2368a5251ae312147723e9c1b096adbc827b537a900f
2023-03-25 15:35:15,False,2.293e-10,7.056e-13,1711228112.0,0.012,0x71...3368,https://bscscan.com/tx/0x693f52c6bdc0ec614ccdf14338df9754a3ba99c7aa4720edf40c1c63d8e8fe76
2023-03-25 15:35:09,True,2.305e-10,7.092e-13,58505906450.0,0.4149,0x53...d737,https://bscscan.com/tx/0xdc70acfb29f440be10385a2def449332855fe8b7174e16ddf8a3b675954fd0c1
2023-03-25 15:32:22,True,2.291e-10,7.091e-13,20378099744.0,0.1445,0x8c...475e,https://bscscan.com/tx/0x4dc626c781ab096c426ae4440f0d78ec73ca4e68047bb1c7c3e07c17c5d85344
2023-03-25 15:32:04,False,2.291e-10,7.056e-13,42386960096.0,0.2991,0xa0...1560,https://bscscan.com/tx/0xf8152823c43b1a40fb8d2f0cc3b3006d8c73df8938efde75676a2275f1c4bc08
2023-03-25 15:29:24,True,2.303e-10,7.092e-13,28200720697.0,0.2,0x63...c3b9,https://bscscan.com/tx/0x842fbbc4f66bfabf791ed2b8ea6eb70ed976f2e4dc9d11c41f16ce2110e68486
2023-03-25 15:27:42,False,2.28e-10,7.056e-13,19539919643.0,0.1378,0x6d...1d9b,https://bscscan.com/tx/0xc5bb4e69c3a0b813fe7119c250246df43e4502f1c0d42132e988afeaac87b00b
2023-03-25 15:26:36,True,2.303e-10,7.092e-13,18500000000.0,0.1312,0x85...206e,https://bscscan.com/tx/0x7cc6319e2c29864fdb61c5731cd5098599f9c99c70f90f285ff7789864301667
2023-03-25 15:25:09,True,2.291e-10,7.091e-13,16126381509.0,0.1143,0xe7...1c15,https://bscscan.com/tx/0xb198eaff7cd1cb219a34fca943bd04e13a96b0395e860f2106c611ccda1782a8
2023-03-25 15:24:12,True,2.303e-10,7.091e-13,225619851724.0,1.6,0x19...6bfc,https://bscscan.com/tx/0x1ede4f52ce53e4a2ffa143efeee735d937e03097f8824b6d734f16131706afef
2023-03-25 15:21:24,False,2.279e-10,7.055e-13,21562373775.0,0.1521,0x32...9d0a,https://bscscan.com/tx/0xf75d52b1c7f968d8c6a00f95dc908fa3c222d3ea50a42cb6ac035d29faa0e5d1
2023-03-25 15:21:21,True,2.291e-10,7.091e-13,33250077424.0,0.2357,0xf3...b19b,https://bscscan.com/tx/0x7546749e26f16f1f523affa0d59092f1ff74e548c5fe737ab99aaf1e536a9a72
2023-03-25 15:21:09,False,2.279e-10,7.055e-13,3150000000.0,0.0222,0x29...11c9,https://bscscan.com/tx/0x21952c609da1b3ed06105f8ba9bedc6dcb5408d285d67b67b3ec4d157c0a2ccd
2023-03-25 15:20:42,True,2.302e-10,7.091e-13,35931801.0,2.547e-05,0x99...1950,https://bscscan.com/tx/0xc1b8cb28c18289a5ab8d64d66cb65cf8ea27789a6e00ae94aff27880e03cc49c
2023-03-25 15:19:54,True,2.302e-10,7.091e-13,6345905230.0,0.045,0x14...1e55,https://bscscan.com/tx/0x94cbd4760b7261a19bcfdd0d60dc043f6cf56a349732679c9877c32fa6561717
2023-03-25 15:18:21,True,2.303e-10,7.091e-13,1881564562.0,0.0133,0x0b...795c,https://bscscan.com/tx/0x589fab9b239c3655953e8f3d16aefcefb213fdf25369608264161f547774bd7d
2023-03-25 15:17:36,True,2.303e-10,7.091e-13,2058195275.0,0.0146,0x15...4042,https://bscscan.com/tx/0x736f04df8fdeeab9745788f58f18491cb5ec4d546def7d64ff9b6ec4a4364f12
2023-03-25 15:17:15,False,2.292e-10,7.055e-13,1800000000.0,0.0127,0x2f...c74c,https://bscscan.com/tx/0xaaeca2537eac188d76f80583a951f598b7b0b09c3ec97667e04f8452c06e07bd
2023-03-25 15:16:48,False,2.292e-10,7.055e-13,1250628233.0,0.0088,0x0d...aa23,https://bscscan.com/tx/0x35707278ac09fe99a8cc7973d6f0bc2d31688e7e9e32fb75810248e1a2cb29ce
2023-03-25 15:16:42,True,2.304e-10,7.091e-13,12691868534.0,0.09,0x49...2e76,https://bscscan.com/tx/0x37ed688f88298eb34d751610b199dd45cf65bc15572e16f9f2d3902d6416aac5
2023-03-25 15:14:45,True,2.304e-10,7.091e-13,3513435978.0,0.0249,0x25...37b6,https://bscscan.com/tx/0x4bfd72b57df968057689d83996bcf50509bb7d82e4a6870668bb886a0f2befa8
2023-03-25 15:14:33,True,2.293e-10,7.091e-13,12090939401.0,0.0857,0x89...27f6,https://bscscan.com/tx/0x652eba38cd5cc84aa97971793f9f1c5c4ff876b1531fef0b4299d44464d9a18e
2023-03-25 15:14:21,True,2.293e-10,7.091e-13,1377127139.0,0.0097,0x87...77b3,https://bscscan.com/tx/0xd63c0a496cfef52f25912871f251ce8bbe10ec9e7a1f2dbaedf7c92a0bddd401
2023-03-25 15:14:18,True,2.293e-10,7.09e-13,84614897381.0,0.6,0xeb...2e5e,https://bscscan.com/tx/0xc475e39f502af9cd2e85c0a8e84bcc4f0f0a759bfba82e70d232d6a9b5415e80
2023-03-25 15:13:33,True,2.304e-10,7.09e-13,15900000000.0,0.1127,0x7a...1122,https://bscscan.com/tx/0x6596e1606056dcc604a48d5e3ec8a197342e35e222ceb80061ccd526ab5278c3
2023-03-25 15:12:50,False,2.293e-10,7.055e-13,109387163872.0,0.7717,0x56...990b,https://bscscan.com/tx/0x21068e9fb8547e56b18eb25ad9924224ca458a26765229db8e3e3c88a57f04f9
2023-03-25 15:12:47,True,2.305e-10,7.09e-13,81857885561.0,0.5804,0xcd...9356,https://bscscan.com/tx/0xaf787575c0248427a8dff1ef97a9429162be0b901fade5a8ea044906c5d32168
2023-03-25 15:10:27,True,2.293e-10,7.09e-13,24105518.0,1.709e-05,0xe8...3303,https://bscscan.com/tx/0x9fa0a7c592464d7781c33937e19cd0abafc47451437c26a059efab4ae5ba087a
2023-03-25 15:09:57,True,2.293e-10,7.09e-13,5000000001.0,0.0354,0x9b...cb83,https://bscscan.com/tx/0xbcfee0bcd689796711c96d3a591ca658071c697ec1dd6d879890286b39e6139b
2023-03-25 15:09:21,True,2.293e-10,7.09e-13,46740744816.0,0.3314,0xb3...b422,https://bscscan.com/tx/0x7a9f832174366596ca19c6efe95b8e682aebbf740f2de0245d0c8061773b41b0
2023-03-25 15:09:21,True,2.293e-10,7.09e-13,11127300000.0,0.0789,0x59...c32e,https://bscscan.com/tx/0xede870d64cf07c8a57b7dfee290e2f0bd0b9364053cf179155e132921810298d
2023-03-25 15:09:12,True,2.293e-10,7.09e-13,100000000.0,7.09e-05,0x6f...7269,https://bscscan.com/tx/0x823bfec4ec2205458f457fbd437081dedbe830e494e9f62c461badd4b5229152
2023-03-25 15:07:03,True,2.293e-10,7.09e-13,1500000000.0,0.0106,0xbe...ee10,https://bscscan.com/tx/0x38995393c131463de6da9c215f87d3cd101c1c08e31783fa35f4420ca5eee975
2023-03-25 15:05:27,False,2.293e-10,7.055e-13,59523237356.0,0.4199,0x54...9e06,https://bscscan.com/tx/0xe14817a698f04b036119834ebe2bbee3238228922758d4ac6f10009b1065e047
2023-03-25 15:04:57,True,2.304e-10,7.09e-13,8461639308.0,0.06,0x99...d6cc,https://bscscan.com/tx/0x642d472bba35bc1d748b282f304c09c824435f6aae837db08cd06bcee1014dae
2023-03-25 15:04:51,True,2.304e-10,7.09e-13,3000000000.0,0.0212,0x84...2549,https://bscscan.com/tx/0x60a994876afe2f12ff0c49591f1d7691ca31dde1f3b8361ea9ea0c3d71c105c3
2023-03-25 15:02:42,False,2.293e-10,7.055e-13,270852716565.0,1.91109,0x1d...78e4,https://bscscan.com/tx/0xfb8d5f77121c8bbf85bdb76effa102b0836bdaf83af1b80356a793d48f86f0ab
2023-03-25 15:01:12,False,2.281e-10,7.056e-13,4484394773.0,0.0316,0x9a...72f2,https://bscscan.com/tx/0xd18c7630a9c39f906c8415ab35f41acb82359bed806b337cb22aa69e3e7e65ce
2023-03-25 15:00:45,True,2.304e-10,7.091e-13,900000000.0,0.0063,0x09...bf1e,https://bscscan.com/tx/0xbd4cc8f5d5e53241d6f541de37fea91b3479ba484bdc1657eb81e6b7f644b515
2023-03-25 15:00:12,True,2.303e-10,7.091e-13,900000000.0,0.0063,0x09...bf1e,https://bscscan.com/tx/0xda605e3ac5f3fda01247fd5c10238b88062c3de9ce732f408fd588aa4e18b0f8
2023-03-25 14:59:42,True,2.303e-10,7.091e-13,900000000.0,0.0063,0x09...bf1e,https://bscscan.com/tx/0x2ab96fd1f9d5c623734463f0b7e21d19860754b3f0a8b8ae460ae2b3c9bc8718
2023-03-25 14:57:30,True,2.291e-10,7.091e-13,86843106145.0,0.6158,0xa8...5726,https://bscscan.com/tx/0x1314a021c28ecbb5067ef29a42dcc3da852b4d507adfaecb6866bf5dd50236a0
2023-03-25 14:56:42,False,2.291e-10,7.056e-13,82868960294.0,0.5847,0x99...bb13,https://bscscan.com/tx/0xa5c90c54d2c0aee0ad83a3c1f8fc252b6796d1a2a556b04815c7b6d9a9caa3ef
2023-03-25 14:56:00,True,2.303e-10,7.091e-13,5034762982.0,0.0357,0x68...ccdb,https://bscscan.com/tx/0x61421ebf18849afa292a4671e676beaf2b4895b0297d918c5ce986e436d9a883
2023-03-25 14:55:39,True,2.291e-10,7.091e-13,2748181849.0,0.0194,0xd4...8f57,https://bscscan.com/tx/0x57ac74a028ca958247d62f61108115660dd074fc40a4409f59352b04dd0e3774
2023-03-25 14:54:18,False,2.291e-10,7.056e-13,7313628346.0,0.0516,0x56...8a3a,https://bscscan.com/tx/0x4be8edb36a3298e5771d938df396879e48f18a564ccb94278d69f6eb2a884805
2023-03-25 14:54:03,True,2.302e-10,7.091e-13,11850000000.0,0.084,0xdc...5e2a,https://bscscan.com/tx/0x5e387812884339fa10020d1f7880ee7dcd8d0788ab575488af368fc1973dd9b2
2023-03-25 14:52:36,False,2.291e-10,7.056e-13,13837638866.0,0.0976,0x37...e592,https://bscscan.com/tx/0x227a2b9033d38e90b1e43a6b108f9bb626a0ee1331d91841042e12c0a33eb258
2023-03-25 14:52:33,False,2.291e-10,7.056e-13,162200045627.0,1.14456,0xcb...ce43,https://bscscan.com/tx/0x5e3e5d8a37d1e9151f4c2d648983dafa19f10d3d95d2707d1afe71c58e24d147
2023-03-25 14:52:21,False,2.291e-10,7.056e-13,1714416079.0,0.0121,0x58...123b,https://bscscan.com/tx/0xf623ff9434f31ae3829075b1e12b631aa706e3b38dd79c6d335d25d75002833a
2023-03-25 14:51:00,True,2.302e-10,7.092e-13,803363051.0,0.0057,0x15...4042,https://bscscan.com/tx/0x8843c6442af0389f49e4094b790f5818eb3a63d5d3438b9c3475a3ed952d6b23
2023-03-25 14:49:27,True,2.291e-10,7.092e-13,40599443241.0,0.2879,0xdb...5f62,https://bscscan.com/tx/0x95b2b81f16407dc9abb1b00bad4116a1d9a3b2aa85921cd9f39d3581b273325f
2023-03-25 14:43:45,False,2.289e-10,7.056e-13,46418526929.0,0.3275,0x5a...b717,https://bscscan.com/tx/0x759dd370dff826760154b6fb5d9f56f69ca8e524c9da229cf36ac4d263f31ba6
2023-03-25 14:43:39,True,2.3e-10,7.092e-13,46112677924.0,0.327,0x2d...cb0f,https://bscscan.com/tx/0xd090e4c7645447e9891c645d0c87907914c411c013a3c2f5548a9e27c04f6aa0
2023-03-25 14:43:00,False,2.288e-10,7.056e-13,38700000000.0,0.273,0x2f...6c95,https://bscscan.com/tx/0x2d1bb21f3e252003b7b72ade1bb5134c9c3f695a5c26a439358b1ac2c0e47430
2023-03-25 14:41:17,True,2.3e-10,7.092e-13,702185759.0,0.0049,0xbe...9b24,https://bscscan.com/tx/0x6165f5796761ae260ba5e4ee00b4a6dd40f1f0a0d85673def0951e950284e535
2023-03-25 14:39:38,False,2.277e-10,7.056e-13,23291436201.0,0.1643,0x7d...abe6,https://bscscan.com/tx/0x5be506e5affbbe35d6bec9b36825d0e3b9e22820eda1a75ada101f173abd61cf
