datetime,buy_order,price_USD,price_native,amount_token,total_native,maker,etherscan_url
2023-04-01 20:39:18,True,2.759e-10,8.81e-13,1416858735.0,0.0124,0x00...0856,https://bscscan.com/tx/0x2912e08378d8eaf947eae1e9a2104f965eec53cc1cb6c505dfb54ba52b4c13fb
2023-04-01 20:39:18,True,2.759e-10,8.81e-13,15839735134.0,0.1395,0x8d...a476,https://bscscan.com/tx/0x12d3fa78714c6fb08219beb752783d3b66690fcb3ca988688d41928d22a25e3f
2023-04-01 20:38:18,True,2.773e-10,8.81e-13,361742132.0,0.0031,0xe9...8625,https://bscscan.com/tx/0xa07b15df7200eceaf9c0e3aa4753f26647c2169f4ae1d2195d8caa9e16f99695
2023-04-01 20:37:57,True,2.773e-10,8.81e-13,496904928.0,0.0043,0x46...68eb,https://bscscan.com/tx/0x1c74b04a5c87019f544524dca7c20cb3016111b601a27c4a506cda29742afd5e
2023-04-01 20:37:33,True,2.759e-10,8.81e-13,3324480001.0,0.0292,0x0d...64d8,https://bscscan.com/tx/0x2394aa485c910ee9aad3bcc0e416d591fe1973de7d6f40cb37ddd9ac670a65a9
2023-04-01 20:37:15,False,2.745e-10,8.766e-13,27000000000.0,0.2366,0x07...addc,https://bscscan.com/tx/0x2004ff793b46a08c1c5f47e362144cf5b2360b0368ac483deaf7518e5294cbf4
2023-04-01 20:37:12,True,2.759e-10,8.81e-13,1777777777.0,0.0156,0x4e...8546,https://bscscan.com/tx/0xa5a2bc8d40aa0ac01e3f951050e0685c22811de5c14f617645cc884df0536a16
2023-04-01 20:34:39,True,2.759e-10,8.81e-13,16681435016.0,0.1469,0xbe...9718,https://bscscan.com/tx/0x90bdc3060a6c44109d460e9ab7ca0f4b968c932cc5c65268f68b2d3b64ddd43d
2023-04-01 20:33:39,True,2.76e-10,8.81e-13,227012016.0,0.002,0xd4...aad1,https://bscscan.com/tx/0x0ee8f9b6478ce2886200f2d92024a75478bfbf9945e1486c13a7c4992ae6abf9
2023-04-01 20:33:36,True,2.76e-10,8.81e-13,3632195618.0,0.032,0xd0...efc1,https://bscscan.com/tx/0xd23c75dd4ea86044dc94c27cbdf3ca6b988f3543dae3ef6f11115224e7ebfcd1
2023-04-01 20:31:54,True,2.759e-10,8.81e-13,533900000.0,0.0047,0xd4...aad1,https://bscscan.com/tx/0xc37c0248709184a51f06469d9d95795506c9a054231982e8475340227ecde9a0
2023-04-01 20:31:03,True,2.773e-10,8.81e-13,13000000000.0,0.1145,0x14...4a0f,https://bscscan.com/tx/0x2eed8d57c67c367f32828289e1858ea2949dbcb61c6b51b22c7bca85e82f1925
2023-04-01 20:30:45,False,2.745e-10,8.766e-13,28361346858.0,0.2486,0x94...b88b,https://bscscan.com/tx/0x83a3116dda9478a12769af0de2db1ac6c8c9ca9d6f9d804c55f02bdba7b8f32e
2023-04-01 20:29:48,True,2.759e-10,8.81e-13,10215511903.0,0.09,0x72...2f47,https://bscscan.com/tx/0x5e579fca997b9e8f693fee97b9ad6360703ca46aee7d7702ec2feaa7b269a6de
2023-04-01 20:29:30,True,2.773e-10,8.81e-13,3692920403.0,0.0325,0xa5...b17f,https://bscscan.com/tx/0x837e703073b97d0ae58bb4ee9fb31491e0f481419f2e7cedaba82997677319b0
2023-04-01 20:28:48,True,2.759e-10,8.81e-13,7106809136.0,0.0626,0x15...4042,https://bscscan.com/tx/0x4d85af44586c5fb5bec60522ec5c825254804a39eeba6c653b67a0361a4ee2c0
2023-04-01 20:28:33,False,2.759e-10,8.766e-13,3989565821.0,0.0349,0x3b...bd98,https://bscscan.com/tx/0x0a1b4989f48a1e8d8cd34f186ba0902dc93c9afb74cf959fb817211d6874a1c8
2023-04-01 20:28:18,True,2.774e-10,8.809e-13,52921232334.0,0.4662,0x00...ab24,https://bscscan.com/tx/0x3ce6598ac18bfc8ab5036d55c739aa5df9fc39d9d01bf7fa2f7cc24723a26db9
2023-04-01 20:28:18,False,2.76e-10,8.765e-13,45000000000.0,0.3944,0xfb...58ce,https://bscscan.com/tx/0xc788eb5173e2ec3d36f4af29e729620a1d3092fae3936829a936a1bbd3576419
2023-04-01 20:28:06,False,2.759e-10,8.766e-13,1808690581.0,0.0158,0x45...64d8,https://bscscan.com/tx/0x30d34736c9be3ca02e498120130a8985cdf8274fe061f1726af6bf561052943a
2023-04-01 20:27:48,True,2.759e-10,8.81e-13,1937298574.0,0.017,0x05...6360,https://bscscan.com/tx/0xd2286cf04c8778d163c559a4a9f5ef78e48c6561cc06ee24468d1d997ece75e3
2023-04-01 20:27:03,True,2.772e-10,8.81e-13,343350543.0,0.003,0x67...905b,https://bscscan.com/tx/0x93e7fc63e1cc2588bad58b125c6de8cc50ce3b79543430818a9bce91df4d517e
2023-04-01 20:25:53,False,2.761e-10,8.766e-13,1350000000.0,0.0118,0x77...dff0,https://bscscan.com/tx/0x56064c4aa58cae9340d451623cbad1f6837e773a79a2e5b9463712b225081939
2023-04-01 20:23:40,True,2.774e-10,8.81e-13,1952316575.0,0.0172,0x25...b085,https://bscscan.com/tx/0x3e6cd410e7c8a1d80c3609be15171f1a356b8cdc92bcb5696aa16d8e9be14c53
2023-04-01 20:21:34,True,2.774e-10,8.81e-13,13558600000.0,0.1194,0x8a...ae8d,https://bscscan.com/tx/0xcd2cbbee0cc04c6534a0e0097d3b5a77a3193496b416256b4ec35c90ab4a0c06
2023-04-01 20:21:06,True,2.774e-10,8.809e-13,340522729.0,0.003,0xf5...7847,https://bscscan.com/tx/0x441813968f014b1b42961e513cd31fec409f6dd0bb553e82d24e39c83d84de1c
2023-04-01 20:18:26,True,2.76e-10,8.809e-13,21018001248.0,0.1851,0x89...a792,https://bscscan.com/tx/0x145dbf94f1a274cbd8865ce29f9a592f3ed0367c7e1bb3503edd7140e5ac6f09
2023-04-01 20:18:23,False,2.76e-10,8.765e-13,18484063625.0,0.162,0xb8...1eeb,https://bscscan.com/tx/0xb3caa0e66427114aac026d0f39e442be2b09010a571f4e245d42561e1769a52c
2023-04-01 20:17:04,True,2.774e-10,8.809e-13,170629633271.0,1.50318,0xa9...4117,https://bscscan.com/tx/0x741c8fcaa4dffcc8310cc9c693f2bbafc498e30a4ce53f36093693441a42c6eb
2023-04-01 20:15:05,True,2.774e-10,8.809e-13,24973888184.0,0.22,0xf3...c3da,https://bscscan.com/tx/0xee6f51b99cc9604226906882b34723f2320ad2e93dbbaadc872a39a9a57939aa
2023-04-01 20:14:56,False,2.76e-10,8.765e-13,12578749768.0,0.1102,0x73...3d23,https://bscscan.com/tx/0x5e3810e154bf9957bf828c84236a3a99ba8f9bf15d194e904fef2ff4c0699b9c
2023-04-01 20:14:14,True,2.774e-10,8.809e-13,1739231017.0,0.0153,0x74...0223,https://bscscan.com/tx/0x45109e157414047c7eb74aa6de692359e9ac3e39e9f7dbc4d117f97d84d387d3
2023-04-01 20:14:05,True,2.773e-10,8.809e-13,36326000576.0,0.32,0x1d...4546,https://bscscan.com/tx/0x66d43f9fda394b4e7bf005c4cbcc77cfb025842c7393e6b61cad73a9c7ad2675
2023-04-01 20:13:23,True,2.759e-10,8.809e-13,1508504168.0,0.0132,0xd2...d9e7,https://bscscan.com/tx/0x1f6a4a57d9e203f7be47d8e0c3e0a9d146e8d8c8445c059715df5bad673de487
2023-04-01 20:12:02,True,2.759e-10,8.808e-13,295395962172.0,2.60197,0x0b...eb00,https://bscscan.com/tx/0xf4f58871d0206f477dfed946e96751439e54e9e0aa16dae73114a0e0598dd33a
2023-04-01 20:11:59,False,2.745e-10,8.763e-13,2385248375.0,0.0209,0x74...0223,https://bscscan.com/tx/0x71de26fa72aae0c8533c260e98581157fe5906ba828230a789500952abf2ecdc
2023-04-01 20:10:56,False,2.745e-10,8.763e-13,5400000000.0,0.0473,0x80...880e,https://bscscan.com/tx/0xc830a512387e1349184221d667f5266f82625fbb0439110b9e71d6c344b9408e
2023-04-01 20:10:44,True,2.759e-10,8.807e-13,12500000000.0,0.1101,0x29...e057,https://bscscan.com/tx/0xa2448e2ae1a8bfb4b7a82672ebc6c35df8f4929309672c50007a9fffc23198c9
2023-04-01 20:09:44,False,2.759e-10,8.763e-13,5860799439.0,0.0513,0x0b...663f,https://bscscan.com/tx/0x13f1b8af804dd08944e0e9c0fb4a33f2b54cf4f04ef72341d909c54103c40e28
2023-04-01 20:09:23,False,2.759e-10,8.763e-13,3465266113.0,0.0303,0xcc...17f7,https://bscscan.com/tx/0xf6efdab101be21bdeca3b3e27bb03e93bd03350484487ea442f0ee65b6e55e4d
2023-04-01 20:08:23,True,2.773e-10,8.807e-13,2664016624.0,0.0234,0x8b...d137,https://bscscan.com/tx/0x276510bfd3c677cffe3392763cd6104f87cfdb620f5bd16c2552f98cb87903e7
2023-04-01 20:07:53,True,2.759e-10,8.807e-13,10708328926.0,0.0943,0x24...06ee,https://bscscan.com/tx/0x468f7d189b695e1276c7ead16205c33a916c1342034ce679472adb2407943975
2023-04-01 20:07:47,True,2.759e-10,8.807e-13,2513143501.0,0.0221,0xa6...d6a5,https://bscscan.com/tx/0xf4d642a75be6ecd3159b6d76cbd59a0a00cf02a30e0976c7b7b9344cbade34d5
2023-04-01 20:06:32,False,2.759e-10,8.763e-13,9000000000.0,0.0788,0xcd...de23,https://bscscan.com/tx/0x5428e9b6aae66cf85be67dcdf18dbe3e63cb1e2c09fe04b1094bcb40157e426e
2023-04-01 20:06:02,False,2.759e-10,8.763e-13,20259659028.0,0.1775,0x1b...a7e9,https://bscscan.com/tx/0xbf713f48fcf81f0fb62df7f7e7bdff837d92214d9b154c0c957ec7c035861591
2023-04-01 20:04:20,True,2.773e-10,8.807e-13,4000000001.0,0.0352,0x68...adcf,https://bscscan.com/tx/0x64257bcb8392115c964ce6b60b85cfdc30eb190248f40ed2eb9fe089ced78eae
2023-04-01 20:03:44,True,2.759e-10,8.807e-13,1895100001.0,0.0166,0x07...3f10,https://bscscan.com/tx/0xf47feef414cb30ab60c5ee0f6fe9e9acb1229bc346f85673fb0c1e73d73ad87e
2023-04-01 20:03:38,True,2.759e-10,8.807e-13,3779962448.0,0.0332,0x30...d81b,https://bscscan.com/tx/0x018569aa75d3796d4fe2a8fe925a8750c03852e5b575d3c1473603e4dea48bb3
2023-04-01 20:02:20,True,2.773e-10,8.807e-13,1573208221.0,0.0138,0x60...bff8,https://bscscan.com/tx/0x31daeb111e916ceba96bc5550510656e5e9b29ee99bfa889156ca831fda8b5a0
2023-04-01 20:01:44,True,2.759e-10,8.807e-13,133592249151.0,1.17662,0xb3...9caa,https://bscscan.com/tx/0x039ac670b9d633c11f21cb08d676f8ad875ba1663c753b930aa790d986269a6b
2023-04-01 20:00:59,True,2.773e-10,8.807e-13,21961626268.0,0.1934,0x29...e8c8,https://bscscan.com/tx/0x86685691485ef9709614ca9ea46625449d056c65037ba94b8bd7d938a6769cfe
2023-04-01 20:00:59,True,2.773e-10,8.807e-13,1703160057.0,0.015,0x1b...d3a5,https://bscscan.com/tx/0x0d2e595541ac7d4a7bfde449356a3a904a55309ed10ca0bfe0315db50a92a73e
2023-04-01 20:00:14,True,2.759e-10,8.807e-13,102189647.0,9e-05,0x2e...981b,https://bscscan.com/tx/0xef8aa39062d9302eee040bd4ff79f0af9ebc10663d0e781dbb83b4df1f914968
2023-04-01 19:59:08,False,2.745e-10,8.763e-13,7122608547.0,0.0624,0x77...dff0,https://bscscan.com/tx/0x5cd8d9d8e805abecd7f5804c5fd0d32890774248e180e90bf3345ffd57e2882f
2023-04-01 19:56:56,False,2.758e-10,8.763e-13,40500000000.0,0.3549,0xa6...151e,https://bscscan.com/tx/0x08912d4c635c63079d316979ba96e3a546b57f54d46c72e96158f5cb7a125d2c
2023-04-01 19:56:38,False,2.758e-10,8.763e-13,66053055014.0,0.5788,0x73...935b,https://bscscan.com/tx/0xb2d7b2fb98e5261fbdc17b6af66a506936b779940f8db591707871e846f737c8
2023-04-01 19:56:26,True,2.772e-10,8.807e-13,85714424724.0,0.7549,0xbf...9700,https://bscscan.com/tx/0xa9bf06dd6d02f6e35a5f2cbc64d2b3e41af829fcd1c6c267109347e581a51e6f
2023-04-01 19:56:17,True,2.772e-10,8.807e-13,3479149478.0,0.0306,0xc5...bc08,https://bscscan.com/tx/0x351076e577293a3610a3aee1df301e0893e2d8b798da5bb180c7af9358b13d22
2023-04-01 19:54:54,True,2.772e-10,8.807e-13,4541714577.0,0.04,0xdc...7a5a,https://bscscan.com/tx/0x0300d130488866740d5100f082d342d6243aa297d7bc54028c9684702c2b18b7
2023-04-01 19:54:02,False,2.744e-10,8.763e-13,71991922341.0,0.6308,0x67...209d,https://bscscan.com/tx/0xadce3373ca6fe226ccc4eed0e40e18165a78e1982b307cf1f5bb36c9620362db
2023-04-01 19:53:52,True,2.758e-10,8.807e-13,28671792606.0,0.2525,0x30...d81b,https://bscscan.com/tx/0x30f16b0a41065cfa9f51a56d9da7456592d8259a61d004aa71bdadfdcf743467
2023-04-01 19:53:25,False,2.757e-10,8.763e-13,3409090909.0,0.0298,0x31...e02d,https://bscscan.com/tx/0x4e6c1af754750da339e5edb0672cb33c1c72399cb5e6b3fbf11d8507d54738ae
2023-04-01 19:52:35,False,2.743e-10,8.763e-13,7486135661.0,0.0656,0xf3...66f8,https://bscscan.com/tx/0x9762788f5be978371318870bc2d15b57b52564f1c82d3be796b21ff47d11ac31
2023-04-01 19:52:06,True,2.77e-10,8.807e-13,2741609411.0,0.0241,0x2e...981b,https://bscscan.com/tx/0xa4bf1d5af11b97f2956d047ed19f1b74ed1a6faf3be88fc260f2ff766f672fd2
2023-04-01 19:50:50,False,2.743e-10,8.763e-13,10851341777.0,0.0951,0xd0...646e,https://bscscan.com/tx/0x3b6e2ab12429b9a502e43f025b93aa94405e1a908b63429e3b64437f1aef99d3
2023-04-01 19:50:44,False,2.743e-10,8.763e-13,39685565783.0,0.3477,0xb5...7fca,https://bscscan.com/tx/0x8b58104a8cc7053557fae56ded42669bc470420314b35f8ee7d7a54f7a200e50
2023-04-01 19:48:44,True,2.77e-10,8.807e-13,65552811962.0,0.5773,0x3e...680c,https://bscscan.com/tx/0x5b0825361a050dd8264e62cce0be2e86c66f4e4cb3aaeb6312664ffa529a18a7
2023-04-01 19:48:02,False,2.745e-10,8.763e-13,11134317029.0,0.0975,0x43...0b97,https://bscscan.com/tx/0x847d2e8662203f888132b6f7c845d672e0922d610eaa519b223be73009d68242
2023-04-01 19:47:20,False,2.745e-10,8.763e-13,5837399803.0,0.0511,0x3f...117f,https://bscscan.com/tx/0xfd4fa9903cf738515e9af6e466490b300c3cf1ebaa0c91115d6c49a389d1087b
2023-04-01 19:46:38,True,2.759e-10,8.807e-13,3687650767.0,0.0324,0x76...935f,https://bscscan.com/tx/0x88b9e45bb5b73056e9e9b09aaac4563dfc8339a8665b3c18f8854ceca7d842e2
2023-04-01 19:44:29,False,2.745e-10,8.763e-13,8100000000.0,0.0709,0xe6...1e47,https://bscscan.com/tx/0xc013a706b76c55db57cb84f0965e020d99c3c20721ccd8fec905e4418b955617
2023-04-01 19:44:20,True,2.759e-10,8.807e-13,2468683846.0,0.0217,0x4d...e19e,https://bscscan.com/tx/0x640b968a830cf3fe5e9b41c5916e42ffce505f96f76d080e689be54bd3ac9a9d
2023-04-01 19:43:32,False,2.759e-10,8.763e-13,10504729650.0,0.092,0x12...ad73,https://bscscan.com/tx/0x4e8200154cc85108c9283f6aa76074b37b0d474560560dc199004cd38cc30830
2023-04-01 19:42:32,False,2.745e-10,8.763e-13,1476416202.0,0.0129,0xcb...dff1,https://bscscan.com/tx/0xe5fab3f8030d8192ec4bdcd9818044a2bfcd1d8bac1d0852ebdc9ade6979f7b7
2023-04-01 19:40:56,True,2.759e-10,8.807e-13,1816630416.0,0.016,0xd4...aad1,https://bscscan.com/tx/0xac905e4e6c3f6c93ca92a869c3412503cb2ff7f310a272b623825cac08a70308
2023-04-01 19:40:32,False,2.758e-10,8.763e-13,13639727982.0,0.1195,0xe9...ffa2,https://bscscan.com/tx/0x871cc4324d04b048c4a66b885ef9348139bf0c731fd9e095a479427d092c4ce9
2023-04-01 19:38:59,True,2.772e-10,8.807e-13,41424041924.0,0.3648,0xc2...38ae,https://bscscan.com/tx/0x5ed51ae531105e8828006a318785fcb4046ba40601efda4baa7e733a864e7301
2023-04-01 19:38:50,True,2.774e-10,8.807e-13,3292690006.0,0.029,0x55...cfad,https://bscscan.com/tx/0x5aa55a858d630e7288c9c7b999df3243d85197a869ee41c36564772504088cf2
2023-04-01 19:37:50,False,2.758e-10,8.763e-13,1796855506.0,0.0157,0x98...2040,https://bscscan.com/tx/0xab0bd402ce7a98b17c00b993ee57581c067d65edbc4f90019917ec31262aafeb
2023-04-01 19:37:35,True,2.772e-10,8.807e-13,30487900218.0,0.2685,0x45...ff8e,https://bscscan.com/tx/0x990e231cbff436e194f7d89bd4272513e19e586a35676032ff95f9b1f6a741ab
2023-04-01 19:37:11,False,2.758e-10,8.763e-13,21158081890.0,0.1854,0xe6...9645,https://bscscan.com/tx/0x135df6ebafd21e0e75be34731c9c8e648f4f076173a244464da0819c52a3a33f
2023-04-01 19:35:38,True,2.773e-10,8.807e-13,124917649746.0,1.10016,0x49...8db0,https://bscscan.com/tx/0xe0f31c0b1856a5fdf8ba837526ad78597f9f5e6d01d9e5cefe11d27ed5d92475
2023-04-01 19:33:20,True,2.772e-10,8.806e-13,14615994557.0,0.1287,0x0c...201b,https://bscscan.com/tx/0xec150371d0ebae08ee20d58c97fda23957e71e8d4f1f9e03c04a911b762f1268
2023-04-01 19:32:50,False,2.744e-10,8.762e-13,45000000000.0,0.3943,0xfb...58ce,https://bscscan.com/tx/0x3b6cd0900036af5c6edc6543ab8f5cafd783650aa23a613f0e9da19b25758e4a
2023-04-01 19:32:14,True,2.757e-10,8.806e-13,2376277485.0,0.0209,0x7b...e9d3,https://bscscan.com/tx/0x7fa0064710f1c30e80ffd6b6abb9bfa47052619c1450745770bbc7e1353ecebc
2023-04-01 19:31:32,True,2.758e-10,8.806e-13,7209400000.0,0.0634,0xc0...b981,https://bscscan.com/tx/0x8193dfb1d9f770e298d9779ea373eb2b3984f2fb5ea1e75c94f3b5187bf5d877
2023-04-01 19:29:17,False,2.744e-10,8.762e-13,19878200703.0,0.1741,0x90...2ae7,https://bscscan.com/tx/0x834359cdf7f5af02e7c38dd484347a29361bf624479694c56e94cfc87a9e11b3
2023-04-01 19:28:50,False,2.758e-10,8.763e-13,6300000000.0,0.0552,0x8e...4a11,https://bscscan.com/tx/0xa0b230abfc63c1ad99a9d38a8c5c25de70f758605adde6f16cd472f763cf5d68
2023-04-01 19:27:23,True,2.771e-10,8.806e-13,9380685437.0,0.0826,0x67...134d,https://bscscan.com/tx/0x97d90cbdeca48cffb4bf71dfa4668d54a0a74e87f401c7c93d0fc67c49fb75a6
2023-04-01 19:27:20,True,2.771e-10,8.806e-13,94276343086.0,0.8302,0x20...b048,https://bscscan.com/tx/0xdc475d6c977f41e4deb2bed33847f979033c8648961572a286f7f17ea4b05ed6
2023-04-01 19:25:47,True,2.757e-10,8.806e-13,24185198835.0,0.2129,0xac...7a94,https://bscscan.com/tx/0x818d4cee4e567c46a3c19d733520e20344de67d26b12c4e4dc9a4eaef20ce4fc
2023-04-01 19:24:50,False,2.756e-10,8.762e-13,9323214026.0,0.0816,0xc1...8577,https://bscscan.com/tx/0x4bd7888bf79c9a95c1ffb3156c73c24a6c97583f18c6ea2ac0cc77ac4717f259
2023-04-01 19:24:29,True,2.756e-10,8.806e-13,672000000.0,0.0059,0x4d...20ef,https://bscscan.com/tx/0xc8e8d143b5c6578b2a63065fc164fe122302cfdc77e440f1afbb6e3d47922cf0
2023-04-01 19:24:29,True,2.756e-10,8.806e-13,2563999897.0,0.0225,0x16...ce7e,https://bscscan.com/tx/0x3f80ee8c65def604bce428f937a6f807bdfafb39816f21dd02ad4516455427a9
2023-04-01 19:24:11,False,2.742e-10,8.762e-13,2287829365.0,0.02,0xd5...32e3,https://bscscan.com/tx/0x684082268a28c368d44fef59df2535c6262ad1e43c11c0bcc236c41ba3e7ea3b
2023-04-01 19:21:59,True,2.756e-10,8.806e-13,23100000000.0,0.2034,0xb0...ae63,https://bscscan.com/tx/0xe0c53610e95a8424d339f6d3ff8d116f2826261ec2b87d040ca6c62d2db4adf4
2023-04-01 19:21:23,True,2.77e-10,8.806e-13,89433847.0,7.875e-05,0xf3...dc38,https://bscscan.com/tx/0xe688fdce6b4596deb8fcba07a3575486a811489be313554cbefce2bc3627ca27
2023-04-01 19:18:29,True,2.77e-10,8.806e-13,5338101831.0,0.047,0xff...9ed2,https://bscscan.com/tx/0xdee6f79510c06b31627d6bcfdf30c892e11c2896af1e7d5ad8e3d5113fd607b2
2023-04-01 19:17:14,True,2.77e-10,8.806e-13,14995346115.0,0.132,0xac...7a94,https://bscscan.com/tx/0xbc8bdb50fe369e5b27e1d2d0810a724c6b4f5c211582ca75e7c52d1c45905d13
2023-04-01 19:16:02,False,2.743e-10,8.762e-13,15509690274.0,0.1359,0xac...14a2,https://bscscan.com/tx/0x21bf780fd0126992acf79def02a64278ef673712811f0fbf3f154bc4d94aedb1
2023-04-01 19:14:47,False,2.743e-10,8.762e-13,2840886913.0,0.0248,0x0f...38b4,https://bscscan.com/tx/0x466e2904308ef104069ebe1a80fb9014480e3299db9abbb12b4ffae5c7b10eee
2023-04-01 19:13:17,True,2.77e-10,8.806e-13,3200000000.0,0.0281,0x53...f4ee,https://bscscan.com/tx/0x91f3fd794618a50bd9ee443d3f2073df1fd47da9ee0996c98816f959c002032b
2023-04-01 19:12:56,False,2.756e-10,8.762e-13,16452903541.0,0.1441,0xfd...2f2c,https://bscscan.com/tx/0x3f462c8c55a0a9f59681f7339852832480974d51aaeff6308e618e5c384ca436
2023-04-01 19:11:35,True,2.756e-10,8.805e-13,619149834558.0,5.45171,0x3f...9a4d,https://bscscan.com/tx/0xd25e397611086e58ac7ac240776913a6a1a23eb8b460cf2d3f803115e9faa8e6
2023-04-01 19:10:35,False,2.742e-10,8.759e-13,2059039884.0,0.018,0xe7...2a26,https://bscscan.com/tx/0x0c664835ecd4dac73ef2b4add274ed5c0c88da49feda373763e3f23455f6cd83
2023-04-01 19:08:20,False,2.741e-10,8.759e-13,2880000000.0,0.0252,0xff...c7fc,https://bscscan.com/tx/0x1a08c04bc20befc1eee220470652b73f18f83902886f2dc7a2c90b7801bd980a
2023-04-01 19:07:35,True,2.768e-10,8.803e-13,39742870173.0,0.3498,0x8c...fdd3,https://bscscan.com/tx/0xe166aec78cbf5f77ec7c50fbfeafbef5081533d2f957b1a88e980d7570c79646
2023-04-01 19:06:14,True,2.754e-10,8.803e-13,6167713511.0,0.0543,0x15...4042,https://bscscan.com/tx/0xf3acd8b289ab2bc6d2d06683ff540d8ff719c160a199d0b4eebb8f77a1ce962b
2023-04-01 19:05:53,True,2.754e-10,8.803e-13,4513813129.0,0.0397,0xd5...b3fb,https://bscscan.com/tx/0xe26d60615242b6ae8e6dd139c8911dba9477926aad44bdd42312f5bf8f383f2c
2023-04-01 19:03:59,True,2.754e-10,8.803e-13,3407674425.0,0.03,0x27...0a51,https://bscscan.com/tx/0xcf25aee56747b077b4e2a51510038d7703819870270c1d739d7c83f207079d08
2023-04-01 19:03:35,False,2.754e-10,8.759e-13,9000000000.0,0.0788,0xd9...b1a6,https://bscscan.com/tx/0x6b9311d66d34c22e1b15969a5856f64174c9d376c85426054a9db790abee0a7e
2023-04-01 19:03:29,True,2.768e-10,8.803e-13,7621819181.0,0.0671,0x8e...c87d,https://bscscan.com/tx/0x98a890de81ab06a99821fc97c7ac568b33c1a4fa34d40587b064466c61807457
2023-04-01 19:01:47,False,2.754e-10,8.759e-13,9531499654.0,0.0834,0x68...6a6e,https://bscscan.com/tx/0x93248b1763c2a6b23801f5de5b6934856798aac5f9ef678c3631d2007d80e735
2023-04-01 19:01:11,False,2.754e-10,8.759e-13,21852379570.0,0.1914,0x77...bc36,https://bscscan.com/tx/0xfe2cf86c5fdfc7947599dce66aff7861d77bea8a47b2cdc33686998eb1253c60
2023-04-01 18:59:56,False,2.74e-10,8.759e-13,19783660698.0,0.1733,0xa8...d018,https://bscscan.com/tx/0x6c12549f869551be47345c2f67d3c3c169fa0f8d3a37390f1a6308890b849105
2023-04-01 18:59:47,True,2.767e-10,8.803e-13,32198692465.0,0.2834,0x5a...048b,https://bscscan.com/tx/0x2ced37aded2bc759149b6ecb75f8aa14afcf2425703154a5e90be8e6eef47ba7
2023-04-01 18:58:26,False,2.739e-10,8.759e-13,37607940880.0,0.3294,0x61...c951,https://bscscan.com/tx/0x18fc17108488cf258700bcbac2db2de9c89434b02fe72cece0131d31073bce7c
2023-04-01 18:58:11,False,2.753e-10,8.759e-13,9391332076.0,0.0822,0x7b...584e,https://bscscan.com/tx/0x062a0a7b51add437c4bea5985bd3899bb8ba51ea51df028a3b91ce0d78818d3d
2023-04-01 18:57:50,True,2.756e-10,8.803e-13,5000000000.0,0.044,0xea...90a0,https://bscscan.com/tx/0x1aa1be1406353b6e51e77a775c7d70f3eee1f2c433e564503638341f1c212e0e
2023-04-01 18:57:20,False,2.756e-10,8.759e-13,12677191684.0,0.111,0x8f...0b31,https://bscscan.com/tx/0x2d7b64ddf298a0cf61b804a1cdbeb2ea04ed5402e4906e04e59c7190765fa7fe
2023-04-01 18:57:17,False,2.756e-10,8.76e-13,5814850688.0,0.0509,0x64...9d93,https://bscscan.com/tx/0x92fa2410c1c1ac496f4e058f1440983c091444a1fa33f5ea4f5d2f870dcba4fe
2023-04-01 18:57:14,True,2.77e-10,8.803e-13,19179000000.0,0.1688,0x04...b89e,https://bscscan.com/tx/0x1e57dbeea22cfc71d973b622030e91a8e6d5c019227ff949d24b822a054d8738
2023-04-01 18:52:53,True,2.759e-10,8.803e-13,2000000000.0,0.0176,0x2e...eef4,https://bscscan.com/tx/0xef2da12d1dfead5b88fc11426e0c3c795f964939299cb136987284c8e55d3fae
2023-04-01 18:52:26,True,2.773e-10,8.803e-13,1000000000.0,0.0088,0xc6...ffec,https://bscscan.com/tx/0x39b128db813d02f43095f709abf0d240d4c03b30bafbfdd08bde44b8dfdfaf36
2023-04-01 18:51:05,False,2.745e-10,8.76e-13,39532435369.0,0.3463,0x88...821d,https://bscscan.com/tx/0x7a5d0a24f2a93ab35aa2e220430b63033258b164f6a09ba8976917e0d2bff6a6
2023-04-01 18:50:23,False,2.759e-10,8.76e-13,3406232122.0,0.0298,0x62...8b4e,https://bscscan.com/tx/0x38b04ff42a4a3a973d7f9b56ba00647ae003fc0881861d941d8f477e7249c5ea
2023-04-01 18:50:14,True,2.759e-10,8.804e-13,12870000000.0,0.1133,0x9f...dbeb,https://bscscan.com/tx/0x6f67991064b38938e7491869c89c1c2d51e126b031032de707075ad5f17f7932
2023-04-01 18:50:08,True,2.759e-10,8.803e-13,89657561896.0,0.7893,0xd5...81ca,https://bscscan.com/tx/0x5c4712d302789162e6a6e982c22e1b952b97e33f8b4d79e67729ea7f7d8354f2
2023-04-01 18:49:02,True,2.773e-10,8.803e-13,15006260472.0,0.1321,0x83...6813,https://bscscan.com/tx/0x0747eb20eabf692356a6d3eb02179d8e4a5fb2bbc795db8aa200fdcbd8f999f8
2023-04-01 18:48:41,False,2.745e-10,8.759e-13,14400000000.0,0.1261,0xe9...ffa2,https://bscscan.com/tx/0xf247d50eaadf5e489a10a87e89991e1799fdf71602a5d7528469f3eaa69dc03a
2023-04-01 18:47:23,True,2.759e-10,8.803e-13,10933370319.0,0.0962,0xd9...9c79,https://bscscan.com/tx/0x00bced87709e49101ce5050ce37d0cc2c25c255dbb4ad148e17f139fcaa20911
2023-04-01 18:47:14,True,2.773e-10,8.803e-13,7610540011.0,0.067,0xd5...6751,https://bscscan.com/tx/0xc127afe59fc5edf5acf12892f0aa982feecaa2cf4256ecee6efa1ede6b084066
2023-04-01 18:46:02,False,2.746e-10,8.759e-13,18000000000.0,0.1576,0x81...c558,https://bscscan.com/tx/0x0d93f385fb98a8ddc203355d177a01f292cf622805b88ca874dd90230291841e
2023-04-01 18:45:14,True,2.758e-10,8.803e-13,1419867736.0,0.0125,0xc5...0f84,https://bscscan.com/tx/0xa75065e3a674e99b58fd53354b458c69aeb0e1f2a58fa2ac63b3dc664cf373fc
2023-04-01 18:43:56,True,2.758e-10,8.803e-13,674151000.0,0.0059,0xeb...ec80,https://bscscan.com/tx/0x272c4d77fbbde81e339440b87ec009d72efdd623fc21c43478747c54cc6c795b
2023-04-01 18:40:44,True,2.772e-10,8.803e-13,10000000000.0,0.088,0xab...9f93,https://bscscan.com/tx/0xc4180bf7cd06280660cb5501c11493d5fc3a85deeb45b970a0f3c320e643715f
2023-04-01 18:40:32,True,2.758e-10,8.803e-13,6000000000.0,0.0528,0x6e...1662,https://bscscan.com/tx/0x7ef660f35405940ea2f74cb7e01240d611fa6d858501813c9dc970a117f43f3e
2023-04-01 18:39:26,True,2.772e-10,8.803e-13,17600000000.0,0.1549,0xce...3c50,https://bscscan.com/tx/0x21de249a172fceb1c1082fc885d38d96a09fe60b4c06caac302cef3671777018
2023-04-01 18:39:23,True,2.772e-10,8.803e-13,2652582779.0,0.0233,0xcc...cbeb,https://bscscan.com/tx/0xa60ecc511e34179c91847d529784b4287602fd6bb303c5dd278a3f974139b816
2023-04-01 18:37:53,False,2.744e-10,8.759e-13,14918132690.0,0.1306,0xe7...a311,https://bscscan.com/tx/0x7f14c6582e42e9a3e8a0dc7d787f32473ebfa847c872cf936025a6ec2ec31046
2023-04-01 18:37:44,False,2.765e-10,8.781e-13,10447247976619.0,91.7425,0xb9...f731,https://bscscan.com/tx/0x131a52184b5b455a6d26c581d0963e6a2adcfefd75ca968a0af3eae3807d82b9
2023-04-01 18:36:44,True,2.771e-10,8.847e-13,1870470001.0,0.0165,0xb0...d0a2,https://bscscan.com/tx/0xab0c4712c52d7b67cb7449cc54b5135975b82846654274695f82e5fbfb33942e
2023-04-01 18:36:23,True,2.785e-10,8.847e-13,2983781618.0,0.0264,0x5c...d767,https://bscscan.com/tx/0xb5619c86b0c0eba4714acd9be786de34e6513935a702f9f22c6dbbbdb5b2cc7d
2023-04-01 18:35:08,True,2.771e-10,8.847e-13,6193482841.0,0.0548,0xd3...5a40,https://bscscan.com/tx/0x0faecd88132b1602b5cc728a0fdc347477d62f5fbbddd17f6b7e074ad032a82b
2023-04-01 18:34:44,True,2.771e-10,8.847e-13,47584200001.0,0.421,0x15...0268,https://bscscan.com/tx/0x32a182fa06673201e0cfeded3bb891892cadca992b2a24f765f6b35b068e4bce
2023-04-01 18:33:35,True,2.783e-10,8.847e-13,10172568204.0,0.09,0x37...578c,https://bscscan.com/tx/0x7023609023467ff59bb90b685957664bda8639fa52b6166934a1a3cbadb7a760
2023-04-01 18:33:11,False,2.754e-10,8.803e-13,23335884962.0,0.2054,0xb8...b7ba,https://bscscan.com/tx/0x6ccc20ea1db1c2b76acc902dfe1b725331dadf32fdca9d201ff334f12dcf3a67
2023-04-01 18:32:38,True,2.783e-10,8.846e-13,395633998307.0,3.5,0x0e...4f52,https://bscscan.com/tx/0xc8cbb070e38fd7b9ca21e9667becaa5d53e9ae0819e9841d5a6804b53b188e4d
2023-04-01 18:31:53,False,2.755e-10,8.803e-13,1080537597322.0,9.51287,0x0e...5e80,https://bscscan.com/tx/0x4d7c6c1210b43d992a7ee99ac931670e84e76d49c45c77e1cb83887a884b8416
2023-04-01 18:31:20,True,2.783e-10,8.85e-13,1200000000.0,0.0106,0xc6...ffec,https://bscscan.com/tx/0xb5abacc260a5cb09ddb2bd0ef542c186cb12c994f9a42c85a7bbab9972ed1d9e
2023-04-01 18:30:47,False,2.769e-10,8.806e-13,6902824431.0,0.0607,0x37...5bcf,https://bscscan.com/tx/0x344b704b6402424026b4ea2d25a8c2ec5d57d3ecf6b7e7d969d7a4992b895e4b
2023-04-01 18:30:05,False,2.769e-10,8.806e-13,180000000000.0,1.58517,0xa8...d018,https://bscscan.com/tx/0xc725840d7eee115272096ed3302d72ecd204d14f3f37282fdde586c6344dcc36
2023-04-01 18:29:35,True,2.783e-10,8.851e-13,1225453673.0,0.0108,0x9e...581c,https://bscscan.com/tx/0x3562b0d2213b07a1350826140b70c5b2832e019665b977b2bde454fabb4413c9
2023-04-01 18:29:32,False,2.769e-10,8.806e-13,7269068584.0,0.064,0x70...c624,https://bscscan.com/tx/0xaa005296422664795d63473371cb72af0a7b5d7adeb8adebaf4d94138737aefa
2023-04-01 18:29:02,False,2.769e-10,8.806e-13,33193463704.0,0.2923,0x82...d245,https://bscscan.com/tx/0x107ae04b6e396e6b9aec3712d3e909f99e022faea2a1185ed433d3309689def7
2023-04-01 18:27:44,True,2.783e-10,8.851e-13,2824462264.0,0.025,0x1b...465e,https://bscscan.com/tx/0x126d0187b10b5db43f0b62cc142eda756761f783c5b5f092e91f9f5ed5602cd8
2023-04-01 18:27:44,True,2.783e-10,8.851e-13,2824466091.0,0.025,0xd8...38c9,https://bscscan.com/tx/0x1b5e5e1926f8c9bd6cae7b686953ec9bdb3be6f1697660481c3dc0871a61ac72
2023-04-01 18:27:44,True,2.783e-10,8.851e-13,1129787507.0,0.01,0xfe...5908,https://bscscan.com/tx/0x4ea216d0debdc0c9bf654fddc18d2223156661817f06fd5ab5544a0cdb73d16e
2023-04-01 18:27:44,True,2.783e-10,8.851e-13,2824471448.0,0.025,0xd6...db04,https://bscscan.com/tx/0x2d417d81cb8a93736f2574ef7e5fcc74fca56bc7d6dc93af52774f9ee1b668ca
2023-04-01 18:27:44,True,2.783e-10,8.851e-13,2259579913.0,0.02,0xc1...fd39,https://bscscan.com/tx/0x35a09d0191cb79511e9d09b7d1ee1933a410aa37dc449168a3c4356c7a211cd9
2023-04-01 18:27:44,True,2.783e-10,8.851e-13,1129790875.0,0.01,0x7a...02ad,https://bscscan.com/tx/0xd0bc9f0e4db061993ea0a72adbf7d5c7fe095685b9ee4833eab34b4ad86d9e2c
2023-04-01 18:27:44,True,2.783e-10,8.851e-13,2824479867.0,0.025,0x67...b886,https://bscscan.com/tx/0x74b1625f9b70c99670ba6a6ee7ca6f72b56b0a8ef7295409c3bca970cf63cc17
2023-04-01 18:27:44,True,2.783e-10,8.851e-13,2824483693.0,0.025,0x13...8525,https://bscscan.com/tx/0x416b28a2c127134819ebcf276f3e5c855be886cedea7462b5081d85db92fb043
2023-04-01 18:27:41,True,2.783e-10,8.851e-13,15863454663.0,0.1404,0x7c...511a,https://bscscan.com/tx/0x7154a9d8cde73976cef81b8b5f952fcb123499b353ba41811dc1c4177c93be64
2023-04-01 18:27:41,True,2.783e-10,8.851e-13,1129803145.0,0.01,0x33...a338,https://bscscan.com/tx/0x659ac74858272812fd56c5df60c2fd7bde780c86eb7d72dcda0614fb3ed47c7f
2023-04-01 18:27:32,False,2.769e-10,8.806e-13,555478966.0,0.0048,0x7f...4717,https://bscscan.com/tx/0xe19998ffe235b97443108b6620b5233b112a4bd8dd8ceff0d029e9b02210ae04
2023-04-01 18:27:20,False,2.769e-10,8.806e-13,5971245655.0,0.0525,0xa0...2ae4,https://bscscan.com/tx/0x20299a793aee7771a1edc1c9d6bb723a569097d7c626701a9b502764c030685b
2023-04-01 18:26:05,True,2.783e-10,8.851e-13,1807680661.0,0.016,0xe5...d2cc,https://bscscan.com/tx/0xa5360d088c270bc030cdf51b59fe49bbed8de47dcffec0c689047f31b7a73780
2023-04-01 18:25:02,True,2.769e-10,8.851e-13,1129801209.0,0.01,0xfc...d67c,https://bscscan.com/tx/0xe186cdbb00857e7e251300384ed57a013a70d66a6f670bbf8d3d994d02245c26
2023-04-01 18:23:23,True,2.769e-10,8.851e-13,359236271.0,0.0031,0x35...94f6,https://bscscan.com/tx/0x99d6f3d62cf16d37c1a79dc1f3690643801b55870df2bb5b8c479150105961d7
2023-04-01 18:21:59,True,2.769e-10,8.851e-13,6035248690.0,0.0534,0x35...94f6,https://bscscan.com/tx/0xcd9469bf48ecb17b03341075b37a3ced8c4cdd07cbe64c5c13999902fc27c846
2023-04-01 18:21:38,False,2.769e-10,8.806e-13,21551239934.0,0.1898,0x3c...8d4c,https://bscscan.com/tx/0xcb43175d0499e160ceb003011b5ef0ac4c0f0cbe3de9cd6ecd8e5082a2030f32
2023-04-01 18:21:29,True,2.769e-10,8.851e-13,35023887795.0,0.31,0x6a...ae42,https://bscscan.com/tx/0xa2fdd5cfd5b3afef63abeb619d011a9a6c58443aab518caf235d4ae3ed3ef8c4
2023-04-01 18:21:02,True,2.783e-10,8.851e-13,5649069216.0,0.05,0xd9...f3db,https://bscscan.com/tx/0x9fd918dd0002b60e859de101f712deabbd4151108f737056bc4b8f4e9dc90b07
2023-04-01 18:20:29,False,2.769e-10,8.806e-13,3473537153.0,0.0305,0x69...a075,https://bscscan.com/tx/0xf00381311dd61d43a6a8bd80919d4fe3e096f3038ea844df0a392ea6b96494b0
2023-04-01 18:19:35,True,2.783e-10,8.851e-13,3458386541.0,0.0306,0x43...b943,https://bscscan.com/tx/0x0235d1ea05ab921713bc196574c34070f0b596b61b403a5fb9c289d3ebf227dc
2023-04-01 18:16:23,False,2.769e-10,8.806e-13,15589204367.0,0.1372,0xa3...9409,https://bscscan.com/tx/0x9275244e534165698cd7fbac2da2c7eb08157eecae9cef4b8ee76eb25b69219e
2023-04-01 18:14:53,True,2.783e-10,8.851e-13,9087240000.0,0.0804,0x00...13c4,https://bscscan.com/tx/0x229d0cb4d2b672ae5598282ca2f2f4775e134f6d45cd8fdd468326c5ee157245
2023-04-01 18:13:44,False,2.769e-10,8.806e-13,5525977378.0,0.0486,0x37...5236,https://bscscan.com/tx/0x83e44840632be8137e5d47aa896de32a8ae98e7dee607ce67d6dd939c7ebc8b2
2023-04-01 18:12:41,True,2.782e-10,8.851e-13,3841353731.0,0.034,0xfa...aa32,https://bscscan.com/tx/0xf1b45f71849ab5dc804da9b1c8081335a6e78c9676436739b87a4973b2cd938f
2023-04-01 18:12:29,False,2.755e-10,8.806e-13,54037964039.0,0.4759,0x69...c479,https://bscscan.com/tx/0xa23b86f3a179c3b970aae1435e9cbada180095fb024b727befaecefb1ae3fb09
2023-04-01 18:12:16,True,2.768e-10,8.851e-13,763474200.0,0.0067,0xeb...5e6f,https://bscscan.com/tx/0x97aff53e5a1c67e63e585410b0e099b1d15202386ff5ab0c1ee0dc056943819f
2023-04-01 18:11:18,False,2.755e-10,8.807e-13,10079051128.0,0.0887,0x9f...6c9d,https://bscscan.com/tx/0x78db65b9fa822176dcf1ef3005a8e1406fbb5dff3a2e3b591ad9d0c2fbeb7de5
2023-04-01 18:11:09,True,2.769e-10,8.851e-13,4093480000.0,0.0362,0x9e...581c,https://bscscan.com/tx/0x11c219322ec6fb9e89ebc061fc15a0095087209018c1f437c88e231b2263d412
2023-04-01 18:10:54,True,2.768e-10,8.851e-13,8473359235.0,0.075,0x82...0b7d,https://bscscan.com/tx/0xaa1475f2108d0a405ec442745b94ab0e4e73192ad754ebfd3bfbfb30bdcf26f2
2023-04-01 18:10:06,False,2.768e-10,8.807e-13,2295846815.0,0.0202,0x07...7e60,https://bscscan.com/tx/0xff5a0da8899242851e26e59424c52993bde475716d7d3ed7430af4bddcc8641c
2023-04-01 18:09:51,False,2.768e-10,8.807e-13,979260082.0,0.0086,0xdb...bbe9,https://bscscan.com/tx/0x409d1c53d74aead16651897af905c930064ab5b2aa3ed97d689e292d88c4ea2c
2023-04-01 18:08:51,False,2.769e-10,8.807e-13,40875840001.0,0.36,0x21...3cdb,https://bscscan.com/tx/0x4413b4a898afc56667b6f9a379f599f4a8b881b800ba8509aa3538e71e1586a5
2023-04-01 18:07:12,False,2.769e-10,8.807e-13,36966060859.0,0.3255,0xf7...9319,https://bscscan.com/tx/0x5035847f65f09ac52f27c4f91cf5c7274891e915e4100bab8a85afca195711c2
2023-04-01 18:06:57,False,2.769e-10,8.807e-13,3482813733.0,0.0306,0xb4...57f9,https://bscscan.com/tx/0x0f1c134d9a1579e674cbd8f1f1387bf2bdec068287afeb0ba7840e7f3eb47391
2023-04-01 18:05:51,True,2.769e-10,8.851e-13,25144943070.0,0.2225,0x02...7cc0,https://bscscan.com/tx/0xa027841524b1d2137252fff9ed6847693c3857d5d6a6cc453621893f9eea41ac
2023-04-01 18:05:33,False,2.755e-10,8.807e-13,5201732110.0,0.0458,0xbb...51db,https://bscscan.com/tx/0x710ab6cbae5b1d396cb89124665df860a8710df83e1720e9ac6f3fa8329c0d0c
2023-04-01 18:03:54,False,2.755e-10,8.807e-13,12150000000.0,0.107,0x37...6749,https://bscscan.com/tx/0x612047fbf73e3dd6bb4a770a6552cf1d45967fd0108ef3fe05172cac2bd0da8a
2023-04-01 18:01:06,True,2.775e-10,8.851e-13,3868960686.0,0.0342,0x1a...6018,https://bscscan.com/tx/0xa1865ea83d8a4109734ef221db1f2596ad361d09caa1b764122258a739f86e45
2023-04-01 18:00:54,False,2.775e-10,8.807e-13,2700000000.0,0.0237,0xf8...bb96,https://bscscan.com/tx/0x7d293a1a01b03662284afcb10e34cab635d658659b50482b330fc875b4620edf
2023-04-01 18:00:06,False,2.776e-10,8.807e-13,8270691757.0,0.0728,0xa8...097b,https://bscscan.com/tx/0xebfb07bb1de060bc08db47c752072d7f748ff02acae960e61e977a7756611c4c
2023-04-01 17:58:06,True,2.775e-10,8.851e-13,7796712625.0,0.069,0xff...62e7,https://bscscan.com/tx/0x552f6838a883b145709e068518a4c3dbc62bbebfed66845787c34b1d7ca11495
2023-04-01 17:57:42,True,2.775e-10,8.851e-13,625000000.0,0.0055,0x06...f81d,https://bscscan.com/tx/0x91196a55fe8e2916f86c26f7298352be45f3e0803b3f86cf72ca97a03d3eaaec
2023-04-01 17:56:12,False,2.76e-10,8.807e-13,7178902974.0,0.0632,0x56...f657,https://bscscan.com/tx/0xa109ec6c2d25a6a5bab21033f0cbd47ade4048cb01e0db6cd7fc3c21d69003f2
2023-04-01 17:56:12,True,2.774e-10,8.851e-13,5083831206.0,0.045,0xc6...c214,https://bscscan.com/tx/0x60e86c86c5393be0c1e12d7585723fba41ab327e880dcfecb1dd8013f17be3d5
2023-04-01 17:55:24,False,2.761e-10,8.807e-13,12830090261.0,0.113,0x0d...9a5b,https://bscscan.com/tx/0x10236de1762e16271dcfbce358819a388bfbd1d955e4aedde97c9964ac82c02b
2023-04-01 17:55:09,True,2.775e-10,8.851e-13,1694602752.0,0.015,0xc5...afe7,https://bscscan.com/tx/0x6ee3f83544eeb077eb87f69d15952604fb7126fcd1d7dc4c2558929692ead8c1
2023-04-01 17:54:21,False,2.775e-10,8.807e-13,9000000000.0,0.0792,0xa3...460d,https://bscscan.com/tx/0xbe219e2ebf4a5acb10b02659f31bf252ea0c16edd1f6279f5260b107f16cd0b4
2023-04-01 17:52:42,False,2.762e-10,8.807e-13,37149951173.0,0.3272,0xc5...4813,https://bscscan.com/tx/0xec2d0a6af09de57f0486a1c4038fc7ead75c7f633c914634f64fa0eb680df6ed
2023-04-01 17:52:03,True,2.79e-10,8.851e-13,7686368309.0,0.068,0xd8...a7ce,https://bscscan.com/tx/0x6449a261908ceedc8931306f8f61a4dc729961a13862f5eec1b325024f86effc
2023-04-01 17:51:27,False,2.763e-10,8.807e-13,63091181628.0,0.5556,0xec...2545,https://bscscan.com/tx/0xc4cfe46a083fe74386b44bb90fa9206276e26bb6a52ed1bc0e663483ca9846ce
2023-04-01 17:50:48,True,2.777e-10,8.852e-13,3389040000.0,0.03,0x56...1f4e,https://bscscan.com/tx/0x5074733f0985f3c6cc256c9772e22c32339e1c25f617bbdb0fb744304256845e
2023-04-01 17:49:57,False,2.764e-10,8.807e-13,900000000.0,0.0079,0xa6...982e,https://bscscan.com/tx/0x511bd2472804caac69637f409db86cccd17fb6a16eadefca04ce312965ae5539
2023-04-01 17:49:06,True,2.778e-10,8.851e-13,102522415125.0,0.9075,0xe8...e16e,https://bscscan.com/tx/0x84659e9c3dd95db87638dd8845404507e4f6b93c8732505142bdebfaaddecf51
2023-04-01 17:49:06,False,2.764e-10,8.807e-13,9180762137.0,0.0808,0x58...0836,https://bscscan.com/tx/0xf444484a5b32751b45b9b3c267fdface3c85ad84c16ce025353b92fd07d22071
2023-04-01 17:48:09,False,2.763e-10,8.807e-13,127834519688.0,1.12593,0x9b...27ad,https://bscscan.com/tx/0x799bc92d8d06a3b2f58d1666f67fad499e9c857636641684d7a0a5c71b02d07d
2023-04-01 17:47:57,True,2.776e-10,8.852e-13,35909704614.0,0.3178,0x32...ae63,https://bscscan.com/tx/0x7853e2d16cf39302455d566b7a941870e39f662ca9b4dbe5c3b3c42d3ec5f689
2023-04-01 17:47:39,False,2.776e-10,8.807e-13,3375057202.0,0.0297,0x77...cfb6,https://bscscan.com/tx/0x840a32c362e4d42a45e86781e221cfeefc2ebd4f818757daaf2c6cfe5516a73f
2023-04-01 17:44:06,True,2.775e-10,8.852e-13,45916909.0,4.064e-05,0x4a...196a,https://bscscan.com/tx/0x83457f10b6c8ea7c02d1c3bfcf0eb94abc02084868ee1c8c8c94d1f86baac0ba
2023-04-01 17:43:45,True,2.79e-10,8.852e-13,1500000000.0,0.0132,0xbf...9825,https://bscscan.com/tx/0x9ab4285aa0e3a2759fb7d9da06f10b53898575c845b3940e78f7cd443c3044be
2023-04-01 17:43:36,False,2.776e-10,8.807e-13,42193336655.0,0.3716,0xab...16e4,https://bscscan.com/tx/0x4d6202161192487f3c9f9f7187b98b0b3f8320feb941576b656b3f34086a2743
2023-04-01 17:43:27,False,2.762e-10,8.808e-13,3550339378.0,0.0312,0xb3...84e5,https://bscscan.com/tx/0xb8bb9027812bdf0f37a3c41e8dc197c0216dcedf26220a55975ccebc311f2d26
2023-04-01 17:42:00,False,2.76e-10,8.808e-13,4517134146.0,0.0397,0x60...b8fa,https://bscscan.com/tx/0x4922b6d7f488a15931641cfbddc212008c5d546d95d404392479cd60ee36cda1
2023-04-01 17:41:15,True,2.775e-10,8.852e-13,8667480001.0,0.0767,0x98...418d,https://bscscan.com/tx/0xab7297ac215c1a9932ee9eae92763d02982c15497478d2fa7d28798e7c289caa
2023-04-01 17:41:12,True,2.775e-10,8.852e-13,400000000.0,0.0035,0x25...2016,https://bscscan.com/tx/0x3d3c002a221c734f0eba4c7ea091f215822368f9d7319fb3213ae4bc08e901c8
2023-04-01 17:40:48,False,2.762e-10,8.808e-13,209675258758.0,1.84692,0xcd...cb83,https://bscscan.com/tx/0xd89e9b429a68ae7e099618e1ca56d932a1dfdd95bc0927aef4e07e9dc49add0b
2023-04-01 17:40:48,True,2.776e-10,8.853e-13,2480753222.0,0.0219,0x0b...6e8c,https://bscscan.com/tx/0x9bc9bdfa27b0e001fa7ff64b47b2afb26e1cea0c7089667811e33d857c19656a
2023-04-01 17:40:45,True,2.776e-10,8.853e-13,34718823290.0,0.3073,0x57...f84e,https://bscscan.com/tx/0x1f6c5c07e7cf47f078fccb7592e58490e3fbe382e19b7d4a1df3ab0f5dcecd10
2023-04-01 17:40:09,False,2.762e-10,8.808e-13,5120724152.0,0.0451,0x94...3c2f,https://bscscan.com/tx/0x042af7b1c31c0ea086398f65d1da89e19d431c4e5ad941ba5ad371d334aa6d10
2023-04-01 17:39:39,True,2.776e-10,8.852e-13,112956389.0,0.001,0xb0...9ee0,https://bscscan.com/tx/0x8fe4bda6feb8fd19817f6b4acd222b92cd9857f6e17ec364a0d24692c4d267d0
2023-04-01 17:38:18,True,2.789e-10,8.852e-13,46179045454.0,0.4088,0x15...74d1,https://bscscan.com/tx/0xdffe07db0db9916c495d014307e2b44c064151e7bd42ff364c173bef871e8e81
2023-04-01 17:38:09,False,2.775e-10,8.808e-13,27321420441.0,0.2406,0xad...5286,https://bscscan.com/tx/0x0dda1ab918e6d8b7e33e76f672a3f47d5d853d3530fd1d038d66097f884952f4
2023-04-01 17:37:54,True,2.775e-10,8.852e-13,3183682557.0,0.0281,0xd8...9775,https://bscscan.com/tx/0x43115f7dbaa4d771ac4c5dcaac533671f23a95431ced2f4c2368a4336669e9c9
2023-04-01 17:37:45,True,2.79e-10,8.852e-13,1073097380.0,0.0095,0x72...2f47,https://bscscan.com/tx/0xa21b480fbe088e13a56b8ed9263053c2472a5722c6694c48931f5889ac3cb550
2023-04-01 17:37:03,False,2.776e-10,8.808e-13,36000000000.0,0.3171,0x17...5122,https://bscscan.com/tx/0x45cb79779e933040fef92602edddcb0678eae64df8b19c20e5577ae3061408cb
2023-04-01 17:36:00,True,2.776e-10,8.853e-13,564778587.0,0.005,0x72...bde3,https://bscscan.com/tx/0xf02a0db0b5a6913708bdaa1b962ee3d4701f7edeff80b8e73a68ba8583b98b0d
2023-04-01 17:35:39,False,2.762e-10,8.809e-13,94642836629.0,0.8337,0x0a...0d8b,https://bscscan.com/tx/0xb9271ca0de8567788497ebb684a7d617ff3c2debb433d6b220ba9086aa97048e
2023-04-01 17:35:39,True,2.776e-10,8.853e-13,564753162.0,0.005,0x6f...1161,https://bscscan.com/tx/0xcaf15a8e11f474b80f3913af3dd1d15d3600d5040a100e2bd6e3b42fee5148cf
2023-04-01 17:35:18,True,2.79e-10,8.853e-13,2329720001.0,0.0206,0xdb...0529,https://bscscan.com/tx/0xdee5607ecf213f607bee412c606e2d0e244f2cdef98c982914c1d3e94fea2b84
2023-04-01 17:34:45,False,2.762e-10,8.809e-13,38603541194.0,0.34,0xf1...d157,https://bscscan.com/tx/0x3866763341952b5fcb5148e54517cd0b9e2d932e5926751a96705c7399724944
2023-04-01 17:33:45,False,2.775e-10,8.809e-13,45000000000.0,0.3964,0x65...7cf3,https://bscscan.com/tx/0xb087417b45d8c14e2d2850cfcd08d8447f7d35700c7976b8237b4ce59663d18f
2023-04-01 17:32:30,True,2.789e-10,8.853e-13,5598350000.0,0.0495,0x94...28ff,https://bscscan.com/tx/0xa16868255b5ee8c3a60887cb7f741e7d9f6224d4ca997ada36da1332369c3f95
2023-04-01 17:32:15,True,2.791e-10,8.853e-13,41000000000.0,0.363,0xaf...8fde,https://bscscan.com/tx/0xe97b88d4be851efd2ed11f54b31fdb7e53223253ee83a9519bf9d87cf7f28641
2023-04-01 17:30:20,False,2.775e-10,8.809e-13,10965897191.0,0.0966,0x91...12b4,https://bscscan.com/tx/0x879bcdfe6e01ece852effd2610fa4d6221b62961c61574fbb28e34e48b6ac5fa
2023-04-01 17:29:35,True,2.789e-10,8.853e-13,1200000000.0,0.0106,0x25...2016,https://bscscan.com/tx/0xf1f2c04731841bbb12d8497efd3773c14fc38fc4d57791590e974495b1ba66ec
2023-04-01 17:24:08,False,2.773e-10,8.809e-13,82678095164.0,0.7283,0x7f...1cab,https://bscscan.com/tx/0x201c69337b706bff0271f3fdd0a4e7512d2312f55ff45ac9cf7924f884a851a1
2023-04-01 17:23:59,True,2.787e-10,8.853e-13,1325521091.0,0.0117,0x11...8957,https://bscscan.com/tx/0xe5d8d3ea46358654d51b79dde6be98df6f0eb038d51e120936e8e8ad07a1771b
2023-04-01 17:23:08,True,2.787e-10,8.853e-13,7700328377.0,0.0681,0x72...b659,https://bscscan.com/tx/0x5769ebee01fe5a7c708a593baaf50375192630ed8f6bf682355d0690dcaf53a2
2023-04-01 17:22:23,True,2.773e-10,8.853e-13,2484775484.0,0.022,0xb0...9ee0,https://bscscan.com/tx/0x4c481e6cd3802efaa06058bb145568720ad2e4696e9721b3ac8e3ef6c192ee81
2023-04-01 17:21:32,False,2.76e-10,8.81e-13,234456322503.0,2.06561,0x54...dd1c,https://bscscan.com/tx/0xba351a1acf081c98157620851cfad35819134ac0499a31c638afa3c3012b9c07
2023-04-01 17:19:17,False,2.76e-10,8.81e-13,90000000000.0,0.7929,0x7f...aa74,https://bscscan.com/tx/0x5223036197bacc55e4be3c6e48e122722d3bac52374a7a9ded14dee5d5dfc433
2023-04-01 17:18:44,True,2.773e-10,8.855e-13,26800000000.0,0.2373,0x49...8c48,https://bscscan.com/tx/0x923a4b088c9749b3452bfbeffb4ef1e0dd228735929ee662f3816c1405271768
2023-04-01 17:17:17,True,2.773e-10,8.855e-13,2000000000.0,0.0177,0x37...8225,https://bscscan.com/tx/0xe836c4de13064a1a28c92d862d097f716d06aa4d247c78b9394c2b027506ed71
2023-04-01 17:16:47,True,2.787e-10,8.855e-13,69568155129.0,0.616,0x56...8bc9,https://bscscan.com/tx/0x9d7654f108a600144406ccfb494acf95688cee14fbc0b869c1467452ac339b57
2023-04-01 17:16:32,True,2.787e-10,8.854e-13,801635939.0,0.0071,0x72...c7cd,https://bscscan.com/tx/0x42dcccd597aec6b18056d1475b81bb0b7b34ba4e98d4666841155e81d0380f07
2023-04-01 17:15:59,True,2.787e-10,8.854e-13,20631456276.0,0.1826,0x71...fa8f,https://bscscan.com/tx/0x8997db6ae521698ff5a5a37409279d523828ad067226c5d199fa52070720a5cc
2023-04-01 17:14:50,True,2.772e-10,8.854e-13,6778706243.0,0.06,0x33...c9d4,https://bscscan.com/tx/0xea03aabda4249b81dec26ff8f17b51acb3f5f435a741fd84fc5ab336ece7d367
2023-04-01 17:14:02,True,2.786e-10,8.854e-13,1882312996.0,0.0166,0xb0...c727,https://bscscan.com/tx/0xe6f2598bae9bad36b3e8776afeef8c163f0c872f0eed4ee0c7501ddb4582b86c
2023-04-01 17:13:50,True,2.786e-10,8.854e-13,1694008165.0,0.015,0xa7...cf3f,https://bscscan.com/tx/0x22175cb0abcc0321228a73b20059731782ab4283f5c84ef566abb56322076fc1
2023-04-01 17:11:56,False,2.772e-10,8.81e-13,1059403832.0,0.0093,0x3c...1925,https://bscscan.com/tx/0x629cad0798842642a26c6a1e4859149c3956f7197d17f07b84addcaae81f555b
2023-04-01 17:11:47,True,2.786e-10,8.854e-13,1657330001.0,0.0146,0x50...494e,https://bscscan.com/tx/0x2c4526832cbc6308d9ccf6ed3b5c9d6914562a113052e1c0f08714357fdf15c4
2023-04-01 17:11:11,True,2.786e-10,8.854e-13,10000000000.0,0.0885,0xb9...04a4,https://bscscan.com/tx/0x5ae27531020779e38fa2e731adaa5bb4e27a4ccffeb4ce1d2e544133bdeac2a6
2023-04-01 17:10:59,False,2.772e-10,8.81e-13,3468293248.0,0.0305,0x66...5567,https://bscscan.com/tx/0xc85a00e772026b5d0b92e7e3f6c9ab2a067c912effcacf526a5adf2167108aa8
2023-04-01 17:10:02,False,2.758e-10,8.81e-13,7334422656.0,0.0646,0x99...1377,https://bscscan.com/tx/0xb813beacde6750b7cb576445783bc02c3adb10f5a6bc42921cb506a32ddc2852
2023-04-01 17:09:56,True,2.772e-10,8.854e-13,5098977417.0,0.0451,0xed...644b,https://bscscan.com/tx/0x9b508f8bf39f004de5d23d1f68f672307a4d4d737b1b1413b1735aa0351a5ff7
2023-04-01 17:08:35,True,2.785e-10,8.854e-13,2000000000.0,0.0177,0x5c...cfc0,https://bscscan.com/tx/0x305fb9988c38e0793c983a998ec0b2f6016a59041f99c466146782db52082a0b
2023-04-01 17:08:14,False,2.758e-10,8.812e-13,830379047250.0,7.3175,0xf6...7748,https://bscscan.com/tx/0xe8d9d3199b46cc584b51d378bcd289a7d79f5318c0743dd4637c83f4cc839be6
2023-04-01 17:07:11,True,2.772e-10,8.858e-13,18979532239.0,0.1681,0xe5...e8e1,https://bscscan.com/tx/0x1c687fa6b4fbbf91e27da55f3d378ec9a0b199b952edb90358f9b941b23e6ac5
2023-04-01 17:06:35,False,2.758e-10,8.813e-13,6380826149.0,0.0562,0xa0...2ae4,https://bscscan.com/tx/0x1448ebacade0be640079ee151942c5fa6d2fa91f334deaa8e9c10398d441b2d2
2023-04-01 17:06:14,False,2.757e-10,8.813e-13,10921336653.0,0.0962,0xfc...ffe0,https://bscscan.com/tx/0x3a9c17b9b7475ee421d72b3556e251c25d6bddcc78204a252a4037963c2eb06e
2023-04-01 17:05:14,False,2.772e-10,8.814e-13,18023306983.0,0.1588,0x4a...461b,https://bscscan.com/tx/0xe9dd72ba4874d011412c5eb05bfe3b5402e50f7bc259a7b75e5058596985ee80
2023-04-01 17:04:41,True,2.772e-10,8.858e-13,103243874486.0,0.9145,0xff...3e9b,https://bscscan.com/tx/0x209002b6c13df8360946bc59367879fc2aae1a0ea2344a2d21aa2c65738bc434
2023-04-01 17:04:14,True,2.772e-10,8.857e-13,50802981147.0,0.45,0x56...8bc9,https://bscscan.com/tx/0x70342b322b6260040ae205eef7b3d7aa4e07f1742127b961e5eeea35e9df298b
2023-04-01 17:02:47,True,2.784e-10,8.857e-13,36145857468.0,0.3201,0xf9...1f39,https://bscscan.com/tx/0x886b37602e97bd4028fcdf8aff0ff3fae42a904fe49771311a0dde6988c898bb
2023-04-01 17:02:02,True,2.77e-10,8.857e-13,6037720011.0,0.0534,0xda...6985,https://bscscan.com/tx/0xb8769e0394d9bfdd7049e998487bfa5c20df8b97e7b56147fc82a21acef06007
2023-04-01 17:01:47,True,2.784e-10,8.857e-13,1760000000.0,0.0155,0xb7...97a6,https://bscscan.com/tx/0x19df22ed193667c4df275123eee1a8827762475076a3c3155259dcc64b0798ce
2023-04-01 17:01:20,True,2.77e-10,8.857e-13,27096000835.0,0.24,0xe9...18ae,https://bscscan.com/tx/0x3f7fafb8cc82812ded3697d888a97ed1c5312d22774382dea3873e08c5ea6aa0
2023-04-01 17:00:14,True,2.786e-10,8.857e-13,32570440177.0,0.2884,0x57...c51b,https://bscscan.com/tx/0x07d831d0b8bb6f21de5ec31e9d73840b6066a7beeecad436a954ef5ebd08217c
2023-04-01 16:59:59,True,2.772e-10,8.857e-13,282256272.0,0.0025,0xa4...5f27,https://bscscan.com/tx/0x93a0eeefe4df903265fa0605788168ef1fece1702f47cae56ba34028680aa072
2023-04-01 16:59:53,True,2.772e-10,8.857e-13,3300000000.0,0.0292,0x65...d3fb,https://bscscan.com/tx/0xcc368b10ba645fa9139c0e327c3f6d6908158d3d06eeb933fcb3808a867450cc
2023-04-01 16:59:23,True,2.772e-10,8.857e-13,10725783667.0,0.095,0x34...053b,https://bscscan.com/tx/0x799c77a630db4251dec0ebe36c56accc4cbc1b1451d3231bbf2a268e5f7c6a36
2023-04-01 16:59:14,True,2.772e-10,8.857e-13,34142230724.0,0.3024,0x0a...fb6a,https://bscscan.com/tx/0x0183685e12caa934baebc6244dd4882f35a77867a32ea16766ef1c24d695538f
2023-04-01 16:58:11,True,2.785e-10,8.856e-13,107261999999.0,0.9499,0xe7...952a,https://bscscan.com/tx/0x7f86656b187f82669ea12165cf9c3e31ccf959ebdb6d396f3f10a61157a9c50d
2023-04-01 16:58:05,False,2.771e-10,8.812e-13,4228632955.0,0.0372,0x41...4cd9,https://bscscan.com/tx/0xc70952c52f9a2f878e4dcda00b7982fda66a679bce39836be25e79cf0a4bc688
2023-04-01 16:57:23,True,2.785e-10,8.856e-13,19194908919.0,0.17,0xce...eff5,https://bscscan.com/tx/0x696b7a9130eca43bc5a5171bb73007d20b11f4da4e0652a93b1db9e717b09d86
2023-04-01 16:56:26,False,2.761e-10,8.813e-13,586636182609.0,5.17031,0x77...b29b,https://bscscan.com/tx/0xb75f29f5e143e1eca46cb9ef80906428ea6bd0d538f5cdc216cf641b2a1138e8
2023-04-01 16:56:08,True,2.775e-10,8.858e-13,16331928661.0,0.1446,0x29...483a,https://bscscan.com/tx/0x068cd7a3def251b0d54a15413f2fcb644785df2e832b08a959eb34f601147e3b
2023-04-01 16:55:53,True,2.789e-10,8.858e-13,173855460615.0,1.5401,0x4d...f04a,https://bscscan.com/tx/0x869465b4543eaa9af2de3260c395c2d852ff279f9fb57d8f142d299ae73d20a0
2023-04-01 16:54:02,True,2.775e-10,8.857e-13,299180929700.0,2.65,0x91...9cc1,https://bscscan.com/tx/0xd63fa23d9b9f94302844422bf0ccde61b11ac681059a214e5e6ab5d7dc227e15
2023-04-01 16:53:44,True,2.775e-10,8.856e-13,30582042630.0,0.2708,0x95...1abd,https://bscscan.com/tx/0xeab038bc96c42ef1fbf405ef4a6cd9418ef8f601bdf040f58c956387d1cc97c6
2023-04-01 16:51:23,True,2.789e-10,8.856e-13,4065783061.0,0.036,0xd7...0d73,https://bscscan.com/tx/0xc39e9503cce3b795ce81c89ce7d587235e69d730c4d702b8c4f97e20d6fcbadd
2023-04-01 16:50:23,True,2.789e-10,8.856e-13,35.0,3.099e-11,0x6f...cc4c,https://bscscan.com/tx/0x61170f24901963836f6735a7569f0dd2b464dd38bab3d0329d6eeb66dba6984e
2023-04-01 16:49:08,False,2.761e-10,8.812e-13,90000000000.0,0.7931,0x1b...42b3,https://bscscan.com/tx/0x015a0ab16ebf3c00ef94b42cc28dd7402a8bb112163010e35040379e83f683c3
2023-04-01 16:48:44,True,2.789e-10,8.857e-13,35531400000.0,0.3147,0x6b...f341,https://bscscan.com/tx/0x74005151551d11676150298338227709bd569c5037b4c13ddba3233edf6cf1cb
2023-04-01 16:48:38,True,2.789e-10,8.856e-13,28064722350.0,0.2485,0xac...c478,https://bscscan.com/tx/0x26c1fa4ec4d7e0bf7786d08658b1258ac4d45cfc0b1b6cb40a27b95660af4850
2023-04-01 16:48:26,True,2.789e-10,8.856e-13,1169920000.0,0.0103,0x07...f74d,https://bscscan.com/tx/0xc342755b30cb57c8f6ff88b1b65aa0282a7db59dbcf4827f31b8016f5f4f0dac
2023-04-01 16:47:05,False,2.762e-10,8.812e-13,18000000000.0,0.1586,0xba...8756,https://bscscan.com/tx/0x60c7d576af87e02eeba205a08448d5da69d54b61a149d0d54708a32aae0a70ba
2023-04-01 16:47:02,False,2.762e-10,8.812e-13,3575858188.0,0.0315,0xb8...76c8,https://bscscan.com/tx/0xc5cfa3178c30a8ac32232aac8cf16ee68d07c4fd14086d650e2533cedc3a96ad
2023-04-01 16:46:32,True,2.776e-10,8.856e-13,66012004097.0,0.5846,0xe4...9af4,https://bscscan.com/tx/0xd9dcad7565d3d72f140b7dc5485aa9fd6729540554d8a2490b4240aa97a91fda
2023-04-01 16:45:08,False,2.776e-10,8.812e-13,15073061965.0,0.1328,0x1f...765b,https://bscscan.com/tx/0x98b0f18d465b8f46670cbaf07aba8863b92bb60b47d18c4601f6eb692e852870
2023-04-01 16:45:08,True,2.79e-10,8.856e-13,14226541795.0,0.126,0xb6...fe66,https://bscscan.com/tx/0x5f2e8fad740921b005eeda7196aecee5bddd6ce842ae263fe8b6def20bf47623
2023-04-01 16:44:50,True,2.776e-10,8.856e-13,9782188605.0,0.0866,0x9b...e82a,https://bscscan.com/tx/0x1e8cf0bbc3c91369bdeed3e05c7c8b06db283ae1a3793f1d5b63f9a815bc2a1a
2023-04-01 16:43:35,False,2.775e-10,8.812e-13,2458505611.0,0.0216,0x3f...11b6,https://bscscan.com/tx/0x4bf53c6c020c4f59e59044dc3e810d21ffc6dcd4949bc23ea385eb99ec124068
2023-04-01 16:43:35,True,2.789e-10,8.856e-13,7844820946.0,0.0694,0x7b...bbe6,https://bscscan.com/tx/0xb843faa6789e95ab633f3faf48c5694a9537464d8b4c1d7903d10f18889b1ff7
2023-04-01 16:40:59,True,2.789e-10,8.856e-13,2100000000.0,0.0186,0x26...141c,https://bscscan.com/tx/0x8a66cc04612da51987a47e3d073637174bfa6466d1bbffcab24ded323d941983
2023-04-01 16:40:11,True,2.776e-10,8.856e-13,17949676904.0,0.1589,0x47...1b23,https://bscscan.com/tx/0x6c403b02c0f01833d40ec210e72ac8bde1e8f74f4d7cb682b14c24aa1b105bc6
2023-04-01 16:38:38,True,2.776e-10,8.856e-13,63763193115.0,0.5647,0x43...efb6,https://bscscan.com/tx/0x952116e797a1c8d2c55494fc334afb76a72f63a4e86760a706a21d316af9d259
2023-04-01 16:38:23,True,2.776e-10,8.856e-13,34111843491.0,0.3021,0x0a...fb6a,https://bscscan.com/tx/0x69ce9f79826042831c5ce2dbfb55238ae8fa9edc32f31636567765cf91e007ff
2023-04-01 16:36:29,True,2.79e-10,8.856e-13,4343547021.0,0.0384,0xc4...afe1,https://bscscan.com/tx/0x0e2d82c991615712e79bbae81b97c10f1a22406d57d96fc20272b759e42c1039
2023-04-01 16:35:50,False,2.776e-10,8.811e-13,17169721546.0,0.1513,0x85...1d77,https://bscscan.com/tx/0xc5e8e9488dd6fdec6f105e013607f8439f980fa3d1304606506d7ce541abe125
2023-04-01 16:35:41,True,2.776e-10,8.856e-13,38386427620.0,0.3399,0x64...ce7a,https://bscscan.com/tx/0x7a86759272d734935eab5a45ac11affba553802766e93d20cb8a3bbb3f63939c
2023-04-01 16:34:05,False,2.776e-10,8.812e-13,193500000000.0,1.70515,0x77...c1ef,https://bscscan.com/tx/0x831db72ada04c8fac814533998c50befd64e4f026567b188d2aecdbe8bab1f7d
2023-04-01 16:33:29,True,2.79e-10,8.856e-13,89019178478.0,0.7884,0xbf...2d5f,https://bscscan.com/tx/0xd91d0bbb49df7ec4edfc9961cfba1b362c23505d7b578ab350c7cca99c0caa39
2023-04-01 16:32:53,False,2.776e-10,8.812e-13,3828662269.0,0.0337,0x90...6d06,https://bscscan.com/tx/0xebc734db36424eab86c8802b9c0535eb91b34a76757b62d6eb660f061653a88b
2023-04-01 16:29:44,False,2.762e-10,8.812e-13,10867547363.0,0.0957,0xa7...b957,https://bscscan.com/tx/0xd2b198b15aada8483bdf0ebf0709a57829870472bfde4ed52b2594a099bbc346
2023-04-01 16:28:35,True,2.777e-10,8.856e-13,13444773612.0,0.119,0x75...b3f3,https://bscscan.com/tx/0x8b5dbed3a0042ce4ea32425b6f6911445470b63b676b734344b6c4059771ab3e
2023-04-01 16:28:14,True,2.777e-10,8.856e-13,4529396694.0,0.0401,0xa4...7ac3,https://bscscan.com/tx/0xc2a4754e4e90388711d74189183a036ce33c336e0bfc58b7ca88330c5239ff82
2023-04-01 16:23:23,False,2.763e-10,8.812e-13,98492252642.0,0.8679,0xbd...db47,https://bscscan.com/tx/0xaa5602ba641219ca27f679c0dbf14c8cf51676d5a4e742cb91c1dbeadb69f941
2023-04-01 16:21:17,True,2.791e-10,8.856e-13,40910000000.0,0.3623,0x57...3fd1,https://bscscan.com/tx/0xa17b314e290f5a0dab928cb22444be297a19a5e68cdd821f6d1a1ee5adc65755
2023-04-01 16:20:26,True,2.791e-10,8.856e-13,55.0,4.871e-11,0x6f...cc4c,https://bscscan.com/tx/0xceef7e9648b1e0a3e9a414db216be191f081ebf038219d4b58884d9d7441cb9a
2023-04-01 16:19:29,True,2.79e-10,8.855e-13,392271592496.0,3.47389,0xa7...dbee,https://bscscan.com/tx/0xb729730d8abfa3696adfcf12c781b46dc46b5ed66875621528d8fb5263e364d9
2023-04-01 16:19:02,False,2.762e-10,8.81e-13,3262257001.0,0.0287,0x9c...b4ac,https://bscscan.com/tx/0x943ca34b485a5db8ce9a684db995122dd59432175a4961e3b4af2ea4eabd055f
2023-04-01 16:18:56,True,2.776e-10,8.854e-13,15000000000.0,0.1328,0x49...9ae1,https://bscscan.com/tx/0x17f36a0b078b85160a2b489adc6c793fe45a8b2841e6cfa1d06ebff425fff1e0
2023-04-01 16:17:47,True,2.79e-10,8.854e-13,1930029991.0,0.017,0x8b...d137,https://bscscan.com/tx/0x297048e5733193abba547f59720d0c7a7a6022d4425746fea601e1572d71434f
2023-04-01 16:16:41,False,2.762e-10,8.81e-13,25244865539.0,0.2224,0xec...9cd3,https://bscscan.com/tx/0x800230b904ea05a9beeadd134f98229a724ba6992c34d00a6011e095ebfd199e
2023-04-01 16:16:32,False,2.762e-10,8.81e-13,6769252574.0,0.0596,0x8b...aad7,https://bscscan.com/tx/0xce38295ae27d1cc3a9cbcd607e8a1f993f38f682379184d47c3ac7287f68cd10
2023-04-01 16:15:08,True,2.79e-10,8.855e-13,225859507.0,0.002,0x2f...94c2,https://bscscan.com/tx/0xcd9a92cf121ffa83954185f7d4050cf6fc3207d9d3dc75c135c76d5cf1ad5962
2023-04-01 16:15:08,True,2.79e-10,8.855e-13,1230326053.0,0.0108,0x81...c61d,https://bscscan.com/tx/0xf508f18efcb61fc50f38ba4d45cf05056c56a5004615e6ef31be3e73c4b7a6eb
2023-04-01 16:15:02,False,2.776e-10,8.81e-13,1948947735.0,0.0171,0x09...42db,https://bscscan.com/tx/0x401da4a032516517cea6f4a145b2a41ca6e1bec257b0418e2596de69125e6d1f
2023-04-01 16:14:20,False,2.776e-10,8.81e-13,45064679827.0,0.397,0x33...4cdd,https://bscscan.com/tx/0x70a263b5f684dcda99f0875bd865aff664c3b86986f904c37b0da7c2fe5d47c8
2023-04-01 16:11:29,False,2.776e-10,8.811e-13,6724646932.0,0.0592,0xe3...386b,https://bscscan.com/tx/0xcfe820c9840bfa7f805c23b0754e9b985cec0c7e99732d6d388e5249c6bfa244
2023-04-01 16:10:53,True,2.789e-10,8.855e-13,129480389232.0,1.14655,0xea...6707,https://bscscan.com/tx/0xf3b098198687227f5ca65ecad827366f50cc0e7ff0994874ae64785fdafba7fa
2023-04-01 16:10:11,True,2.789e-10,8.854e-13,15246137392.0,0.135,0xa3...0db2,https://bscscan.com/tx/0xf817add07bb2cf4f8fb3f1662069c959b8c3b75648aa46be5df1c62a25f59a75
2023-04-01 16:10:05,True,2.789e-10,8.854e-13,15084299734.0,0.1335,0x20...b770,https://bscscan.com/tx/0x9018109c1e41d79037ef40c08851334713c3c3432e632074a3e1496cac2d4ef7
2023-04-01 16:09:56,True,2.789e-10,8.854e-13,1500000000.0,0.0132,0x2c...99dc,https://bscscan.com/tx/0x3cd66c9877c783151732494c4c862ab2ebdc10abcb7a1b913bcbce568873019a
2023-04-01 16:09:56,True,2.789e-10,8.854e-13,751804000.0,0.0066,0x8d...cf40,https://bscscan.com/tx/0x3d92b86b73675bfedf45231afc0522071d8c22329632c167662b5c3b0ae14149
2023-04-01 16:08:35,False,2.775e-10,8.81e-13,4106856791.0,0.0361,0x67...38ef,https://bscscan.com/tx/0x8c89d71a7009322cb6e015beee2ef68cf075b22f0834eac5d7025cd1b4909614
2023-04-01 16:07:23,True,2.775e-10,8.854e-13,21215164117.0,0.1878,0xdc...66ad,https://bscscan.com/tx/0x7f8cc98abc512a9ff98bfc2ecca2da04f2dd7e1aa8bcc36f6aa142dddbd3e13e
2023-04-01 16:06:20,False,2.775e-10,8.81e-13,11304753523.0,0.0996,0x51...46d1,https://bscscan.com/tx/0x907fb668f08c37f16ccb8878cf59fcce554945de391ecad609ba9dcd11840b93
2023-04-01 16:05:47,False,2.761e-10,8.81e-13,26100000000.0,0.2299,0xb3...7a23,https://bscscan.com/tx/0xa1bca76d38974c6f8691c60af34dfbf0297119541a64a1c7cbc5b89c82d266c7
2023-04-01 16:05:17,True,2.788e-10,8.854e-13,274463957231.0,2.43013,0xd6...68c5,https://bscscan.com/tx/0xd9a3600ff1b767f10eb497538822028cbfdf754820f6c085530f8576aba65d9e
2023-04-01 16:04:08,True,2.787e-10,8.853e-13,80828217249.0,0.7156,0x0a...fb6a,https://bscscan.com/tx/0x43d84ab2a086ab0f4cbb863080787aa82aa481a5f680a170d659a21ce1015423
2023-04-01 16:03:08,True,2.773e-10,8.853e-13,5350000000.0,0.0473,0xa2...af69,https://bscscan.com/tx/0x3c045fae9b6b02c7908645cba7663de05e63730280fb65e6aeb927028a990a41
2023-04-01 16:02:41,True,2.789e-10,8.853e-13,1000000000.0,0.0088,0xd9...aa1b,https://bscscan.com/tx/0x5f0f4436fcdea5ef64a86bd06b415b644078088de1db1ac60a3ef775cc5b1a91
2023-04-01 16:02:08,False,2.775e-10,8.809e-13,99766960605.0,0.8788,0xd1...abed,https://bscscan.com/tx/0x58cf0b46eda64f0f09d612ddffe363120b84bda63a4b3f10dfe30d33fcb8e2d8
2023-04-01 16:02:05,True,2.789e-10,8.853e-13,68899915329.0,0.61,0x83...34f4,https://bscscan.com/tx/0x49ac70707832952a7ee92217e40f7b425b79b6df65be03de9f4dab6bda3ad285
2023-04-01 16:01:26,True,2.775e-10,8.853e-13,6113513273.0,0.0541,0x15...4042,https://bscscan.com/tx/0xa979aeeb8c6dae6c1bccb12d6aa15a6eea1a551e7592fc04995d30a193691297
2023-04-01 15:59:50,False,2.775e-10,8.809e-13,1186407914.0,0.0104,0xf3...3ac4,https://bscscan.com/tx/0x217978da792915a2e6b87e8c2566f8372be2ec811edb8fdd3834e0214bb0479c
2023-04-01 15:59:35,True,2.789e-10,8.853e-13,55912300001.0,0.495,0x3f...3a4f,https://bscscan.com/tx/0xa606634a9371a23c1ab5b71cdd924480d2b65d799cb93312c30ade6b0ee98142
2023-04-01 15:58:20,True,2.788e-10,8.853e-13,3464005185.0,0.0306,0x19...6dc2,https://bscscan.com/tx/0xdc7e5b92a39a0509c4a8afee1c4876863eedd57b1ea0a11f891be9891a77bbab
2023-04-01 15:57:59,True,2.788e-10,8.852e-13,1129550001.0,0.01,0x16...d772,https://bscscan.com/tx/0x67db1aecba37b97b1bf7d2743644d71b8dd5250f8bbbe20b8098377455ae0395
2023-04-01 15:57:29,False,2.774e-10,8.808e-13,6123712888.0,0.0539,0x10...2af1,https://bscscan.com/tx/0xf4a983e67a34e1b33820fcc74958ab7a733252de3a3b118fe6303cbc8a7152b2
2023-04-01 15:51:35,True,2.774e-10,8.853e-13,6705372165.0,0.0593,0x6c...088b,https://bscscan.com/tx/0x38aabe522a992f685b92e5615aa675ecca1d6c03e60faffe19d45343c7449342
2023-04-01 15:50:35,True,2.788e-10,8.852e-13,6049381687.0,0.0535,0xbb...a420,https://bscscan.com/tx/0xcd9f3aac7e67d1c93b8f93fdc04974d8ac3cf9119b5c26dc2b249d2c3319b5f9
2023-04-01 15:50:17,False,2.774e-10,8.808e-13,4541619842.0,0.04,0x62...8b4e,https://bscscan.com/tx/0x5cfcb77127c44874066644f50ca51ebff71e4c33402374fa9676adbd6218070d
2023-04-01 15:50:08,True,2.788e-10,8.852e-13,13988941809.0,0.1238,0xbc...a820,https://bscscan.com/tx/0xd9f6dbf5b21d7ae2aca62c04692e601b31f81e3797f45dff7ce2db5dd933a678
2023-04-01 15:49:41,True,2.788e-10,8.852e-13,1112222222.0,0.0098,0xfc...e63b,https://bscscan.com/tx/0x13a8ce65c039fa30bb7fafadfe0c252b58f86441c80b74b2896f2f847a2bdeb5
2023-04-01 15:49:08,True,2.788e-10,8.852e-13,282411713143.0,2.5,0x2a...a3a3,https://bscscan.com/tx/0x91d316e3e496066adcc2b68b4ad3c119f5d90ea114383c94e3810ea6cf4880e5
2023-04-01 15:49:05,True,2.788e-10,8.851e-13,129922230498.0,1.15,0xcb...063e,https://bscscan.com/tx/0xadbe79364f8b7249584eadaa2cc39958b6274244e96b1fc387f6da1854c190fd
2023-04-01 15:48:44,True,2.788e-10,8.851e-13,3751540000.0,0.0332,0x17...3652,https://bscscan.com/tx/0xf22e9f8c8094742e34766d6dc920cd500c519a587e34b58c629f78de0f7f455a
2023-04-01 15:48:23,True,2.774e-10,8.85e-13,112982637253.0,1.0,0xcb...063e,https://bscscan.com/tx/0x11d0c5c1f3f97de6e711e4118ebe9301ac60d8c5490a783cc924d915abbe0664
2023-04-01 15:48:05,False,2.76e-10,8.806e-13,90000000000.0,0.7926,0x7f...aa74,https://bscscan.com/tx/0x72576fb39bbf275529dcc47fab2ad5ee8d2749c02c82081255fa6647364b17f8
2023-04-01 15:47:53,True,2.788e-10,8.851e-13,12427928353.0,0.11,0xa0...cc53,https://bscscan.com/tx/0x8e5c3563a48d4418a828d2dd67afeb877193761d1ca15b2f0888166f07d4a48e
2023-04-01 15:47:38,False,2.76e-10,8.806e-13,7143327001.0,0.0629,0x2d...0a2d,https://bscscan.com/tx/0x212d98d495474fd746b9c05196e30229742b2bd6280225a00b666d43f2dc00ec
2023-04-01 15:45:35,True,2.776e-10,8.85e-13,100000000000.0,0.885,0x8f...3e12,https://bscscan.com/tx/0x93ab9da10ea6bba75646f493544fa7dcca7fca57b17b18ed33bb117544cbc1e8
2023-04-01 15:45:17,False,2.776e-10,8.806e-13,10482298967.0,0.0923,0x79...0ec7,https://bscscan.com/tx/0xec40ce3c85fc6a269703b900fc78237fc91f522c469ad13679aea4d82e854fa3
2023-04-01 15:44:41,True,2.775e-10,8.848e-13,992733926746.0,8.78425,0xf5...8cea,https://bscscan.com/tx/0xb8c58d648eedb7cfcb5ce7948a10f31bc620e8efa7a39e6b117bc4e250580959
2023-04-01 15:41:17,True,2.774e-10,8.846e-13,19487673287.0,0.1724,0x0e...2004,https://bscscan.com/tx/0x1b3c6726f4f6dd8ab0513a4fbe894c828cf0aad75700f3196b779738de2740c7
2023-04-01 15:40:11,False,2.761e-10,8.802e-13,898475753.0,0.0079,0x80...05fa,https://bscscan.com/tx/0xb1505be5cc3f430ab8a4bcf3d0a1b5d2a5af47210b1fcc19927663b5de8b38dd
2023-04-01 15:39:17,True,2.775e-10,8.846e-13,35986440153.0,0.3183,0x88...45a2,https://bscscan.com/tx/0x4e3c64e7c0cc6e5eed90b862a5e07b80835adff744d9105de1ae072ac7209a60
2023-04-01 15:37:50,True,2.788e-10,8.845e-13,113045803740.0,1.0,0xcb...063e,https://bscscan.com/tx/0x8b4adf4125b3fd04c1b61556bae2c0030f6177d3763ca58ab43348d128e030a7
2023-04-01 15:37:41,False,2.774e-10,8.801e-13,1973879076.0,0.0173,0xfa...1a49,https://bscscan.com/tx/0x3643993c7bf2ce02c896a42cea4cdeece54f0a82ad372de0a38b09ab159b3715
2023-04-01 15:37:14,True,2.788e-10,8.845e-13,90440969395.0,0.8,0x76...b817,https://bscscan.com/tx/0xb3ce14ac38e53b9cb7ff38216eddc5ee4dc58575376e527f61442e9e3f350453
2023-04-01 15:36:20,True,2.774e-10,8.845e-13,113056728433.0,1.0,0xcb...063e,https://bscscan.com/tx/0x4fdfca84a917c7fca5a47d1bb7934ef65d4eadf27707a030877dbcccf4967ac7
2023-04-01 15:34:47,True,2.774e-10,8.844e-13,565299022.0,0.005,0x6c...088b,https://bscscan.com/tx/0x5cbcec4c8979243d4ebbf74ef81278942154655bf7a9c8fc30b8d7451249add3
2023-04-01 15:34:26,False,2.774e-10,8.8e-13,15955284174.0,0.1404,0xca...0752,https://bscscan.com/tx/0x08632d2527cbb2e56add8051cec822d0f40bff3e81852da245498bbb9a4c6085
2023-04-01 15:33:47,True,2.774e-10,8.844e-13,1231777701.0,0.0109,0xe9...cfa5,https://bscscan.com/tx/0x1af9a6e076c751f5f6226eab7a6c125c7370180cbb0dbb9784ebb758a2c0bd74
2023-04-01 15:33:17,True,2.774e-10,8.844e-13,156876473479.0,1.38751,0xcb...063e,https://bscscan.com/tx/0xc3a2652dfb8b59bb1f92b4bcf074f5e2c4169bf428db4ca6b4aba0b29fadf45c
2023-04-01 15:32:17,True,2.774e-10,8.844e-13,3165893206.0,0.028,0x1f...eacb,https://bscscan.com/tx/0xc86d21ddf03b9ec7ee114d4d9892e976e2a9a1c6d3ef422afc233b58afab8047
2023-04-01 15:31:23,True,2.788e-10,8.844e-13,33920586257.0,0.3,0x7d...4723,https://bscscan.com/tx/0xf200aa6d8aad0c1db8297f96672231458a270bd4d69e7d57d5220f30d19305d1
2023-04-01 15:31:23,True,2.788e-10,8.844e-13,565347773.0,0.005,0x77...7005,https://bscscan.com/tx/0x7d9acec9f2b1c62c5968f97a05de1ea5b16ea1825959433eef3e7845ff210537
2023-04-01 15:31:20,False,2.774e-10,8.8e-13,360000000000.0,3.16825,0xb8...87ef,https://bscscan.com/tx/0x72a35687750db6b5ca9fa86e07d320e906987b413f300b7c858fe66e48066156
2023-04-01 15:30:44,True,2.774e-10,8.845e-13,10224482646.0,0.0904,0x48...5456,https://bscscan.com/tx/0xd60acbdeb0cbcb3002bf4e00aa9b6a966391b14455c6a95f70e12763fcfcb6f7
2023-04-01 15:29:41,False,2.761e-10,8.801e-13,7289135356.0,0.0641,0x18...9686,https://bscscan.com/tx/0x5c09cb366037e7ac529280d79c7fac079e452d6d41a4df6ad748cad5c935a668
2023-04-01 15:27:53,True,2.773e-10,8.845e-13,71000000000.0,0.628,0x29...19c0,https://bscscan.com/tx/0xe21d9304978abe3b1fc811c1e72b838d1e0a1c9f7e2b65a1fb9befd6d3ef83fe
2023-04-01 15:26:32,True,2.774e-10,8.845e-13,32279506281.0,0.2855,0xb2...603f,https://bscscan.com/tx/0x0820e921f1a0e2b9d197b998b6ee6c2d8e9de478a179567a2c7f32e906cc66ae
2023-04-01 15:25:56,False,2.774e-10,8.801e-13,4561785435.0,0.0401,0xac...63c7,https://bscscan.com/tx/0xf49a1d03af9c7975d9eb22931452e26630a026d9f50e969cd7379e5fe52099ca
2023-04-01 15:24:46,False,2.774e-10,8.801e-13,898475568.0,0.0079,0x80...05fa,https://bscscan.com/tx/0x8b4ede84d12fb109de959f63ed826c8747efedd1e73b60aca71f3a9e763d6faa
2023-04-01 15:23:05,True,2.774e-10,8.845e-13,76160874687.0,0.6736,0x84...e27e,https://bscscan.com/tx/0x086ec80d3f0b1d73a408ccc59c84fc867aa1e762f5d32ef6f767805e81a544c4
2023-04-01 15:23:02,False,2.76e-10,8.8e-13,598983705.0,0.0052,0x80...05fa,https://bscscan.com/tx/0x3d1e7ad427ca59ce6cdb2f91b4218c9fd3a143db1d24aae1391503c1e057f94b
2023-04-01 15:22:17,True,2.788e-10,8.844e-13,21639429803.0,0.1914,0x1e...79b3,https://bscscan.com/tx/0x8317e143d9fb59d2fd4d4b661a69b01ec5b99b79719c59f6df2d0d2ffcf5326c
2023-04-01 15:20:59,True,2.788e-10,8.844e-13,38628200000.0,0.3416,0x20...5762,https://bscscan.com/tx/0x51d20db8769a3f54774d283f72e982a435f91180234aa91243abd11353512441
2023-04-01 15:19:35,True,2.788e-10,8.844e-13,27263850948.0,0.2411,0x1e...79b3,https://bscscan.com/tx/0xc073a113497465c0a00fb65f94739341733f37757d6da626e12a948e384917df
2023-04-01 15:18:29,False,2.774e-10,8.8e-13,9900000000.0,0.0871,0x37...a14c,https://bscscan.com/tx/0x760723fbab3ae1504dbe1efc9964ada16da76e8e590694f3d114791027ab6f90
2023-04-01 15:18:05,True,2.774e-10,8.844e-13,5401480001.0,0.0477,0xff...56de,https://bscscan.com/tx/0x1603b261eca27fea52b63499277984787d29fde91ac0cb075e8fcc4d11ebb80d
2023-04-01 15:17:50,False,2.761e-10,8.8e-13,54172969731.0,0.4767,0x73...967b,https://bscscan.com/tx/0x502c514c3d757dc9a24d7c9a29b905707cdbfe2a3537ec5d8ee9c18c11111c3f
2023-04-01 15:17:32,True,2.789e-10,8.844e-13,576000000.0,0.005,0x4f...98a7,https://bscscan.com/tx/0xd9b293e93eb1587b6901f815656180d860fc81bb864d1ae33c601aa970514f0d
2023-04-01 15:15:29,True,2.789e-10,8.844e-13,3201357815.0,0.0283,0xf2...abd4,https://bscscan.com/tx/0x8094db5c5f8f74b9e68cea0901be6cd1e717e33c21c60e358fa082fca51ccf7b
2023-04-01 15:13:47,True,2.775e-10,8.844e-13,6262778816.0,0.0553,0x19...8592,https://bscscan.com/tx/0x1ed02268f540cc4d3552ada84d42a43136cac5423a4299b8e26c4bfecf5163f8
2023-04-01 15:12:56,True,2.788e-10,8.844e-13,19158100000.0,0.1694,0x9a...dedc,https://bscscan.com/tx/0xc044641f3c4ad083583972ac0cd1955f9daf29677971430e646ee5775a95645f
2023-04-01 15:12:50,False,2.774e-10,8.8e-13,52200000000.0,0.4593,0x66...fdb2,https://bscscan.com/tx/0x9665eb09ded3eeaab86379c0c41ee048ba94cb1fec97c92591c280e6cddd49e5
2023-04-01 15:12:11,False,2.774e-10,8.8e-13,11271446236.0,0.0992,0x46...9d1d,https://bscscan.com/tx/0xf0666eac2871db6924aa087e7ec1329369b6b7cc8b8802f6e85205b1046a7459
2023-04-01 15:11:26,True,2.774e-10,8.844e-13,1000000000.0,0.0088,0x55...f6a2,https://bscscan.com/tx/0x69978f9996eda26c55888e8c154bb02db5aa6753375c2913b13f496344a0efc6
2023-04-01 15:09:36,False,2.773e-10,8.8e-13,54233189873.0,0.4773,0xf0...1560,https://bscscan.com/tx/0x03d4e7302c3837f100217367cd16614f362cf952135d87791c5642b41d9124cb
2023-04-01 15:08:06,True,2.787e-10,8.845e-13,1100000000.0,0.0097,0x55...f6a2,https://bscscan.com/tx/0x573be9077a4c22aadc4772dddc2d76504be73f834a8e52de2f9c064ee287714b
2023-04-01 15:07:12,True,2.773e-10,8.845e-13,1400000000.0,0.0123,0x46...0c45,https://bscscan.com/tx/0xf0c3b4e419bc2193cb8681cf6a66148760758995281688728bf415b31dd50734
2023-04-01 15:06:45,True,2.773e-10,8.845e-13,1191447096.0,0.0105,0xfd...a5ff,https://bscscan.com/tx/0xdec93f7b43c9b34a889557c8cf48a726e9fe4c036a8b3002354c4d31d527119e
2023-04-01 15:05:54,False,2.759e-10,8.8e-13,6587551450.0,0.0579,0xa8...1ea3,https://bscscan.com/tx/0x47dbfcabee54e2fd6318fa9315a38ff3eb0d26c34a359ed21ce4ee5f136c0b6e
2023-04-01 15:05:18,False,2.759e-10,8.8e-13,4968308814.0,0.0437,0xf9...923b,https://bscscan.com/tx/0x5865b778cb96c4c22420762e4df53027166ba9b3881dd905d3485c9e0c745735
2023-04-01 15:02:57,True,2.787e-10,8.845e-13,11550000000.0,0.1021,0x55...f6a2,https://bscscan.com/tx/0xf12783a04fb395686a24c86bc892f3c6de1a2a51c15ef7cf6d4fb4b3d7fb2753
2023-04-01 15:02:24,True,2.772e-10,8.845e-13,8534468822.0,0.0754,0xce...ad46,https://bscscan.com/tx/0x65913a678616ceed5352e58650419ee46ae573e66d26a698e48e02ab729ca13a
2023-04-01 15:02:12,True,2.786e-10,8.845e-13,22973882620.0,0.2032,0x94...a31d,https://bscscan.com/tx/0xe372e663072d231c816e1bb3984eb69e07e7681ca75f5430ef53120d824027f2
2023-04-01 15:01:33,True,2.772e-10,8.844e-13,14930282947.0,0.132,0xfc...1b38,https://bscscan.com/tx/0xeee19b0589fb8d6f394314f74eebdb960d3593652b565647901ed0e8d8d81173
2023-04-01 15:01:21,False,2.759e-10,8.8e-13,39406839519.0,0.3468,0xbd...aca0,https://bscscan.com/tx/0x12d83fca25c6c254ce83473ec16833c9e0443512976335b1b1db8832326e18c8
2023-04-01 15:01:12,True,2.773e-10,8.845e-13,1610427059.0,0.0142,0xfd...d281,https://bscscan.com/tx/0xef44ca0a8f90b2637b88e366e6b0c7af3f72194833e9636d94d7ab1c96c8bab8
2023-04-01 15:01:06,True,2.773e-10,8.845e-13,2600316827.0,0.023,0x57...d3d1,https://bscscan.com/tx/0x83bceea79c86317c867d2ea6463fd8f1c9b8551ee258473583e536c9bf757b5b
2023-04-01 14:58:45,True,2.789e-10,8.845e-13,10700903182.0,0.0946,0xe2...60c1,https://bscscan.com/tx/0x7c65566ea888c2105e74beacdfc4ea5f0cf145d62827fe1cea4c329fb7e14637
2023-04-01 14:58:21,True,2.775e-10,8.845e-13,3982751748.0,0.0352,0x8b...4085,https://bscscan.com/tx/0xbb056ed7794b50c3433c0285093aea8001666a91d88ee778c558a947776f6af5
2023-04-01 14:57:48,True,2.775e-10,8.845e-13,396872478.0,0.0035,0xd8...2881,https://bscscan.com/tx/0xdf5e931486f4f657da52d3e3f32f745316fed8faa3c61727ad88d21aaedc20e6
2023-04-01 14:57:48,True,2.775e-10,8.845e-13,1772226429.0,0.0156,0x4e...84b3,https://bscscan.com/tx/0x001bdf7ec5c27beb63fb4393c9f0ad19e7cd1144c32ea53018e0590761770411
2023-04-01 14:55:48,True,2.79e-10,8.844e-13,700777340.0,0.0062,0xf5...cca2,https://bscscan.com/tx/0x33642fc4839cbd4112fb5dfd70a1765a3ea4094c9e66450fadaa5893cf680f2e
2023-04-01 14:55:27,False,2.777e-10,8.8e-13,5698226973.0,0.0501,0x5c...3d3d,https://bscscan.com/tx/0x3bacb1b5230c48c6c4af7d7bcc436c12edd39ad8216424ad970c75036c773575
2023-04-01 14:54:57,True,2.791e-10,8.844e-13,214821215213.0,1.9,0x0f...4f35,https://bscscan.com/tx/0x4e64de3732ac2cbfd00b197d0daeda9170ee9ff4e0e41f2f975c2531c84fc45c
2023-04-01 14:53:57,True,2.778e-10,8.844e-13,17000000000.0,0.1503,0x48...2da4,https://bscscan.com/tx/0x88c05b6f4c002246f7f6e2783fba80099efe661fe361f6167618f529edd81e51
2023-04-01 14:53:33,True,2.776e-10,8.844e-13,1800000000.0,0.0159,0x5e...4cf0,https://bscscan.com/tx/0xfe0c5ebda48bbd4d44bc7b9c1e61c492bc8b8030ffcc823b34eb253499a9f7d7
2023-04-01 14:51:51,False,2.764e-10,8.799e-13,914538241.0,0.008,0x5b...affc,https://bscscan.com/tx/0x4510517102ae75f6ce7138b76f41cfe59be479c05589fdb40c413502b5b24646
2023-04-01 14:51:27,True,2.778e-10,8.844e-13,559881000.0,0.0049,0xcb...ce74,https://bscscan.com/tx/0x1713adaadf86e26fa5087e8062736f07c81eb79928c14ddfcd23887497a05216
2023-04-01 14:50:03,True,2.792e-10,8.844e-13,11307092049.0,0.1,0x0b...6edd,https://bscscan.com/tx/0x1d4147e224a6bc77eb4af472ca4b560c364889cc30c208b90f3d2133516b36f5
2023-04-01 14:49:54,True,2.793e-10,8.843e-13,17407644295.0,0.1539,0xce...3f2b,https://bscscan.com/tx/0x0f3677c7b0c1ecec745caee3de8011d1bbd4ce562d87914938a2ec1584033d9b
2023-04-01 14:49:15,True,2.778e-10,8.843e-13,17937447451.0,0.1586,0x05...2fa3,https://bscscan.com/tx/0x72da6c5c86145e7c4de967bf9c33e40b38c14ee38418cfc432cd22846df25c9c
2023-04-01 14:48:33,False,2.779e-10,8.799e-13,1554698217.0,0.0136,0x61...95ad,https://bscscan.com/tx/0x449a9e58da071685c96101ab7fc6719d9050a885945be53dc1f50e462f112cea
2023-04-01 14:48:18,False,2.778e-10,8.799e-13,3865073967.0,0.034,0x68...a1eb,https://bscscan.com/tx/0x0e6ea919b822d5554487de445ac31d4dfe14e00007b69b6926aa75abc63e18f9
2023-04-01 14:47:36,True,2.778e-10,8.843e-13,1809166382.0,0.016,0x41...4da6,https://bscscan.com/tx/0xa83b32a8073465d452cd52192ee7762113946734ddc1e09ffdcd09a9b0623f6e
2023-04-01 14:47:00,True,2.778e-10,8.843e-13,3957556934.0,0.035,0x82...0db6,https://bscscan.com/tx/0x75e487dd629a07e2a6eef2c6b15715a283a709e25cec3b0ef8baffaf3b1ab64c
2023-04-01 14:45:48,True,2.777e-10,8.843e-13,1130731931.0,0.01,0xbb...4d8f,https://bscscan.com/tx/0xddbbaf98aa3b6769c708ee01691d620d34a090a504a44f9cc6d84fe330ebc870
2023-04-01 14:45:06,True,2.777e-10,8.843e-13,130000000000.0,1.14966,0x04...a2cc,https://bscscan.com/tx/0x6263d162778ea0e57eaa3bdef2eaa41ea4ecc735a7173ea514f0c811dff149fc
2023-04-01 14:44:45,True,2.777e-10,8.843e-13,10557215151.0,0.0933,0x07...9e5e,https://bscscan.com/tx/0xa148fe3222ef45b9374259b7eab658da5d694c1bd44dc4313f053fe1c2b1392e
2023-04-01 14:42:41,True,2.79e-10,8.843e-13,58286063285.0,0.5154,0x0f...c36b,https://bscscan.com/tx/0x2ecb5e947e2641687d12bff2f1afa3b69f2840f88629f1fc0787c554f7e58709
2023-04-01 14:42:26,True,2.79e-10,8.842e-13,261763205694.0,2.31462,0x8b...5002,https://bscscan.com/tx/0xd71b41fa806c32d12a7d709afa2f3cecd150a7962d7b9a4dab8ca6fa6d46dc5f
2023-04-01 14:42:00,False,2.776e-10,8.797e-13,54000000000.0,0.475,0xa4...8f3d,https://bscscan.com/tx/0xc66aa8d8f91617f092f64eb59067a7b6371f832f27f72da90b88897e9fe1e765
2023-04-01 14:41:19,False,2.778e-10,8.797e-13,16196369496.0,0.1425,0x39...d87c,https://bscscan.com/tx/0xa47dec9d27a45fcdcbab500ec6ce6c3f7217495caaf0b93d278e52ea1c8364df
2023-04-01 14:41:19,True,2.791e-10,8.842e-13,40329853652.0,0.3566,0xd8...2881,https://bscscan.com/tx/0xb90fccbf0c56dc7849969a3363fbb71a87f0e87d828e3472dba09dd76d96a13e
2023-04-01 14:41:04,True,2.79e-10,8.841e-13,26943628425.0,0.2382,0x69...c479,https://bscscan.com/tx/0x6e1c056d6cba22cf78dff6702822969d74f358b26b660e61e02c61e05a44dbe4
2023-04-01 14:38:27,True,2.775e-10,8.84e-13,463753610994.0,4.1,0xde...5bbe,https://bscscan.com/tx/0x36ac5a01cddda98c4d88d2aa4614ab9de3ddaccff559cff7cc3ddf626c7fe143
2023-04-01 14:38:15,True,2.775e-10,8.839e-13,40308337125.0,0.3563,0xa8...9a89,https://bscscan.com/tx/0x570288af9050df95beab44f6ead91151845c1c600e7a62782bdc7893307b41d2
2023-04-01 14:38:15,True,2.775e-10,8.839e-13,33244226395.0,0.2938,0xf3...3acb,https://bscscan.com/tx/0x9f45d4da5dafffa2fda56b0ac28641a3dc36808b0ed4fce3e36ab5a15b8e6414
2023-04-01 14:37:00,True,2.788e-10,8.839e-13,1807520011.0,0.0159,0x90...05ad,https://bscscan.com/tx/0xcf627883018f389a413b461b8c0f6da513e8aa31de26fd06c8f2b898e3d123d8
2023-04-01 14:36:30,True,2.788e-10,8.839e-13,5888280000.0,0.052,0x38...35cc,https://bscscan.com/tx/0xedf2e925171b4abb0c87d468d63ce97f9bc7459ee1637eb0830e11bfd626d632
2023-04-01 14:36:00,False,2.774e-10,8.795e-13,31324912390.0,0.2755,0xbe...2265,https://bscscan.com/tx/0xf8a15cc7c5b915721957c9e6809c11b57831381a8ff9d62847a6205892179628
2023-04-01 14:34:48,True,2.788e-10,8.839e-13,18442975359.0,0.163,0x5a...e7e8,https://bscscan.com/tx/0x9c2f777c2e8844d3a0a8b1c555295cec0318e925299420bf89d77ebd2fe7fced
2023-04-01 14:33:36,False,2.76e-10,8.795e-13,3330028926.0,0.0292,0x98...e207,https://bscscan.com/tx/0x047d680d099f494a4654492d4183d6518194cbebc3ea68fb43d538b274482093
2023-04-01 14:31:51,False,2.76e-10,8.795e-13,37096168136.0,0.3262,0x86...1963,https://bscscan.com/tx/0x08895cd391f9c71aa623d9629a6280ef26ff988f4e07a2c90b1660145c40f6c7
2023-04-01 14:30:30,True,2.773e-10,8.839e-13,2383382822.0,0.021,0xae...dbec,https://bscscan.com/tx/0x400b7253704cce160a8e0fe172c1b9406b8d07c410344c09953d175eda5eeabf
2023-04-01 14:29:40,True,2.773e-10,8.839e-13,474291962.0,0.0041,0x18...93b5,https://bscscan.com/tx/0x9ed74013828538cdb4ea0483d6aac8dbfaaed823ebc23afc000601c835d5efc2
2023-04-01 14:29:10,True,2.787e-10,8.839e-13,25500000000.0,0.2254,0x86...b83b,https://bscscan.com/tx/0x9ce927a54e32838bda811ea9b3ad858bf1bda599338e1ca9b3f70f4f94a5ad8e
2023-04-01 14:28:49,False,2.773e-10,8.795e-13,3553920000.0,0.0312,0x25...14c5,https://bscscan.com/tx/0xdb3dfad573f384ba9c721237c58cc9aa4125105ea0a33275e739aef2f730ec4b
2023-04-01 14:27:25,True,2.787e-10,8.839e-13,328296420.0,0.0029,0xe7...160e,https://bscscan.com/tx/0x1a38f7466b44a889553a7c065cd926da5457179f49b03f4f86e051047d016404
2023-04-01 14:26:25,False,2.773e-10,8.795e-13,45323789872.0,0.3986,0x31...1c18,https://bscscan.com/tx/0x67ea264cc4f1de792b4dd96a93c38118586cb3aa9758f4a4460e3680276584c6
2023-04-01 14:25:55,True,2.773e-10,8.839e-13,25633978330.0,0.2266,0x0b...027e,https://bscscan.com/tx/0xadbcd369fd4b6449fd3da5ec9af7993cd421281eb7c7cddff716b25b3e0c8d76
2023-04-01 14:25:46,False,2.759e-10,8.795e-13,11259505130.0,0.099,0x43...e42b,https://bscscan.com/tx/0x999ef00619a1b74bf5c54e86f64320b8fda47874fc31c29cd9487214151fb6b5
2023-04-01 14:25:34,True,2.787e-10,8.839e-13,30742050700.0,0.2717,0xd2...1323,https://bscscan.com/tx/0x6d83021659d90475b2de824c6f3a2bb80dc47bc317e3601bbcaeb2ba24e929f3
2023-04-01 14:24:31,True,2.773e-10,8.839e-13,60254493046.0,0.5326,0x57...63c0,https://bscscan.com/tx/0xb85fae9afc1534e3e51b660e4559a753e8ff9e1c5e984ae4a835d12540905bc4
2023-04-01 14:21:16,True,2.786e-10,8.839e-13,18444170053.0,0.163,0xd1...23df,https://bscscan.com/tx/0xd5ca27844b21f4ee9376d14f4f191e6d015ef7a650bbdced139937e096a31d11
2023-04-01 14:20:58,True,2.787e-10,8.839e-13,24888825144.0,0.22,0x93...25fd,https://bscscan.com/tx/0x3d0ec44d1b87264b454ad46aba293fa4a383be41aac26e55dc4eec40ce958cf2
2023-04-01 14:20:13,False,2.772e-10,8.795e-13,29310662241.0,0.2577,0x06...2ce7,https://bscscan.com/tx/0xcfda79a9eca49f90d21ab1666ce8325aec8b50aa4cb10d5103701567843f9645
2023-04-01 14:20:04,True,2.786e-10,8.839e-13,18100896525.0,0.16,0x84...d1f1,https://bscscan.com/tx/0x8204a4a3f7e77c249394c695b0ae6aff60cf93a171373ed738939a6a978291b6
2023-04-01 14:19:30,False,2.772e-10,8.795e-13,7395655648.0,0.065,0xd6...ed0c,https://bscscan.com/tx/0x6a7800e6cfccae51bd60e76ab6812c7a86c9037b37f34387419dee0fa60861af
2023-04-01 14:18:46,True,2.772e-10,8.839e-13,16952551947.0,0.1498,0x99...35d9,https://bscscan.com/tx/0xff4bb6b68b6b5b95774e565a979f2522eba97f80786cbb4e8f72c984463bbe12
2023-04-01 14:17:14,True,2.771e-10,8.839e-13,33340891783.0,0.2947,0xee...281d,https://bscscan.com/tx/0xeafbe9eb060a06b70f557f1dbb36f31d10a1983dbba5ea8087259f6a1bfdcc85
2023-04-01 14:17:11,False,2.758e-10,8.794e-13,1179232667.0,0.0103,0x08...b7d7,https://bscscan.com/tx/0xa90176dbd2daf4e4a71b960afbe7d1246eb21c26ce586221882cc89237db44b8
2023-04-01 14:17:05,True,2.771e-10,8.839e-13,1512720000.0,0.0133,0xd1...6740,https://bscscan.com/tx/0x46a6d5cb83583994203965ad0c2f2d0ef3ea5d48837957a4b7884b515c9b11eb
2023-04-01 14:16:56,True,2.771e-10,8.839e-13,2047716253.0,0.0181,0xae...f7bc,https://bscscan.com/tx/0x8b038598acc9af29c42c3f9a7551153c9abfdc536b877ed2e4c555f24cff92a9
2023-04-01 14:16:11,False,2.771e-10,8.794e-13,930767328.0,0.0081,0x06...9cf4,https://bscscan.com/tx/0xbf3f7e907cd9b63d99e374187b843e2cf43c90480300043399329c28bf9134a0
2023-04-01 14:14:59,True,2.785e-10,8.838e-13,118793570678.0,1.05,0x0b...027e,https://bscscan.com/tx/0x03fc9178f78bd6781280752f7f9a89621a93f5f77f127f25f9aa3597d90ca88e
2023-04-01 14:13:26,True,2.785e-10,8.838e-13,110118933088.0,0.9732,0x96...e8c7,https://bscscan.com/tx/0x6ae5fb2b7216ae05cf639a10ce00218d97fd2a825544929a551a98e3ac17aaa1
2023-04-01 14:11:35,True,2.786e-10,8.837e-13,156979507953.0,1.38736,0x16...c9e2,https://bscscan.com/tx/0x9445bd005d58dc3e7667b736c8178313ed52fe7c051ade0af47bc49f9dbd4791
2023-04-01 14:11:11,True,2.772e-10,8.837e-13,3892515951.0,0.0344,0xae...fb1f,https://bscscan.com/tx/0x69507380b353d8f2e7a5b906fecce57ab26e79388625e02bdf4f6bb7491917dd
2023-04-01 14:11:08,True,2.772e-10,8.837e-13,19236377403.0,0.17,0x73...9632,https://bscscan.com/tx/0x44e28d3e0237794ff12eef6fb55040e61b7a6afebdf96fa962c95c7f55a1303f
2023-04-01 14:10:11,False,2.757e-10,8.793e-13,3850579284.0,0.0338,0x16...91ec,https://bscscan.com/tx/0xef28ae651eed1ccce64d872282857b41235fbc9e5d38508190b8dddb79898b44
2023-04-01 14:09:26,True,2.786e-10,8.837e-13,67931264014.0,0.6003,0x0b...027e,https://bscscan.com/tx/0x7d56dbac6b523e667c72f6f249bc966254d3e96c0e57c56552e5622d24ae5b32
2023-04-01 14:09:11,True,2.772e-10,8.837e-13,20368700000.0,0.18,0xd1...6740,https://bscscan.com/tx/0x0679617d495076ad0e1c149ff2ecce535562881d36a2fc2fbdffcfbae31acf8e
2023-04-01 14:08:16,False,2.772e-10,8.793e-13,71016167672.0,0.6244,0xb1...7bf4,https://bscscan.com/tx/0xc929fb02ea5a2458155f33e7dd50329ece714958f7e9a1dbb997f0736eeba2bd
2023-04-01 14:07:03,False,2.773e-10,8.793e-13,175496201722.0,1.54324,0xa7...1254,https://bscscan.com/tx/0x9fb69e25545eb7382e6e6a267943d00f502116ef875d9d8930a1fd80b96c1324
2023-04-01 14:05:35,True,2.773e-10,8.838e-13,1810350001.0,0.016,0x3d...44bf,https://bscscan.com/tx/0x5e720973999a903c8eba25eac0ef8f305fe241bba0d666e0fa85b196c9835e85
2023-04-01 14:04:59,False,2.759e-10,8.793e-13,5121933909.0,0.045,0x5c...3aee,https://bscscan.com/tx/0x451febb883be18940f62b52b240bc39093dc2fb4abb86f0dfd0d780b6da1cd59
2023-04-01 14:04:56,True,2.773e-10,8.838e-13,7683812832.0,0.0679,0x15...4042,https://bscscan.com/tx/0xd1e2033381bf4d62bd64c1f8523dd3b296a4647250ecf8eeeeb7af91b3cc4663
2023-04-01 14:04:11,False,2.773e-10,8.793e-13,38528978570.0,0.3388,0xa2...2922,https://bscscan.com/tx/0xaf33035f171d0dc009e48f286fe25f9e9b20da14b2baf7875c2a0ac26278496d
2023-04-01 14:04:05,True,2.787e-10,8.838e-13,6600000000.0,0.0583,0x6f...0806,https://bscscan.com/tx/0x29a5e48425647bcfddeb7623dbdf73d8315092f594945d340058f0bf39d3c83f
2023-04-01 14:03:59,False,2.773e-10,8.794e-13,46418042605.0,0.4082,0x22...5d45,https://bscscan.com/tx/0x9390a4648fa76a01f27b8f030f179537ecfa4baf1a506a5dfc593c0bc28ef64d
2023-04-01 14:02:44,True,2.787e-10,8.838e-13,161536083795.0,1.42766,0x35...598b,https://bscscan.com/tx/0xf416de454216826aa67428f2d82f6355face03d3f22a0694af5c6231d1372fae
2023-04-01 14:00:56,False,2.76e-10,8.793e-13,88012350000.0,0.7739,0x34...26ea,https://bscscan.com/tx/0x3a8a0b791c60c5e937f0d962d2d575031ed8cd79a70b2f5887dad6f21b61744d
2023-04-01 13:58:23,True,2.775e-10,8.838e-13,14966360339.0,0.1322,0x4f...83fa,https://bscscan.com/tx/0xa128d60c3a1f8e8474d945d5f898c8348e698206896f689c65c7d59b422e1fbc
2023-04-01 13:58:05,True,2.788e-10,8.837e-13,6129899875.0,0.0541,0x15...4042,https://bscscan.com/tx/0xcf2677e9e14c0166bb62bbb7a426b0d8f25674e9529fee185ddb326065518ccc
2023-04-01 13:56:20,True,2.775e-10,8.837e-13,97990503045.0,0.866,0xc5...cfd7,https://bscscan.com/tx/0xf69109a2fafab9a080bca7823b22dcbc752c8ef3d397d8e45d0fbf5df7665c63
2023-04-01 13:56:17,True,2.775e-10,8.837e-13,427059589.0,0.0037,0xed...eb52,https://bscscan.com/tx/0x4dce9ac4280afc1e93048d8b35bc12fc9ea49502f0f4e3a21af7e7026dd34902
2023-04-01 13:55:44,True,2.775e-10,8.837e-13,872862179.0,0.0077,0xc4...e683,https://bscscan.com/tx/0x3e59df9ded59cbc56d625b15da6af4f8d75675cc41b2e46ea0a89920a4c0f53d
2023-04-01 13:55:44,True,2.775e-10,8.837e-13,22630811111.0,0.2,0x6a...5905,https://bscscan.com/tx/0xe4522cba8db976b756027a6232ba64cb48cfd5634043ac0561086dfb5d341c35
2023-04-01 13:54:08,False,2.76e-10,8.793e-13,47385376908.0,0.4166,0xb9...7bf5,https://bscscan.com/tx/0xd6bdaa1153fe2647bc8c52ec153d9787c7130f26fc834c79ddd8a95abb141e67
2023-04-01 13:53:11,True,2.773e-10,8.837e-13,11456827142.0,0.1012,0x6d...1209,https://bscscan.com/tx/0x22b7a52eeedf8642be7edcdf9fd8d49c9e35888dac805c822ea9b1cc497192f6
2023-04-01 13:52:02,True,2.789e-10,8.837e-13,1697291802.0,0.015,0x76...b859,https://bscscan.com/tx/0x59ba3979b633b1c30ef4a09f7e31cd2bbc0ddbb91a43d714725e9f8a1c9458cc
2023-04-01 13:51:59,True,2.789e-10,8.837e-13,5117620000.0,0.0452,0xcd...4f36,https://bscscan.com/tx/0xb7672568651b52d79abc616ca19570d0ef36d4a58dbebf9b65c672dc4011848a
2023-04-01 13:51:20,True,2.789e-10,8.837e-13,1154990000.0,0.0102,0xcd...4f36,https://bscscan.com/tx/0xe6a6eb8aaa11aa2a7fbacc5908716fcd70cfb087eeaab925f974864691ae7d7d
2023-04-01 13:50:17,True,2.775e-10,8.837e-13,1050000000.0,0.0092,0xad...7db1,https://bscscan.com/tx/0xd5740b006eb391af65c041d0c299e8a1832ad5cc7fc1af88a59b1620f4fce2da
2023-04-01 13:49:38,True,2.789e-10,8.837e-13,72384910507.0,0.6397,0xbd...6548,https://bscscan.com/tx/0xafe4734482ec6615c7441b99eab60d5bef885425852bf22f3a8b3ff5eb98be38
2023-04-01 13:49:35,True,2.789e-10,8.837e-13,1485869405.0,0.0131,0x0c...bd85,https://bscscan.com/tx/0xc7a48f8d9437521e7597aacc9c100141b7275b7629e826b308c6dcafb82b0527
2023-04-01 13:48:59,True,2.775e-10,8.837e-13,1571766137.0,0.0138,0x1e...802d,https://bscscan.com/tx/0x2325fb715dd00f465813a0f8fd4359390d6fb5832e63319cb6ec278c50f136c4
2023-04-01 13:48:35,False,2.762e-10,8.796e-13,1433633043892.0,12.6104,0x28...9626,https://bscscan.com/tx/0x07d20f5e7fa2de9412db4732294ce0a9e944386b0418ecd19b095c597816070c
2023-04-01 13:48:29,True,2.777e-10,8.843e-13,6063877532.0,0.0536,0x7e...8899,https://bscscan.com/tx/0xf85917e862f8fd20357367be4cf0449fdd10d8225c997a7cdce596c30e6a96c2
2023-04-01 13:48:17,False,2.763e-10,8.799e-13,74518596801.0,0.6557,0x5e...ed43,https://bscscan.com/tx/0x0944a441c7d4c29836c7b3733fd4d77a9f20d5d3a11181cf711dccf7394ee925
2023-04-01 13:48:14,True,2.777e-10,8.843e-13,35732345633.0,0.316,0xd8...d199,https://bscscan.com/tx/0x8bf3b6359410c7432e6a1b42635ac4954a4d75f750ff188f613e6ab151de16cb
2023-04-01 13:47:50,False,2.763e-10,8.799e-13,46080453097.0,0.4054,0x6c...abac,https://bscscan.com/tx/0xe2f16f8fc5f86b2b12f1b044bd33d099e82e15324bfb60d83731386f4bcfe3ad
2023-04-01 13:47:35,False,2.763e-10,8.799e-13,54309370595.0,0.4779,0xef...bbe2,https://bscscan.com/tx/0xa4970744100bc380b5c38264d684243a86c9ae937349d1791fefae8629a644cc
2023-04-01 13:47:26,True,2.777e-10,8.843e-13,6791694191.0,0.06,0x0c...bd85,https://bscscan.com/tx/0x1e335e1c841a06f968265e38178ffb94c07e5c6e62050582e19fbcc2045181b5
2023-04-01 13:46:53,True,2.777e-10,8.843e-13,202704438172.0,1.7926,0x20...7534,https://bscscan.com/tx/0xa2b129e3418d8c9c01833bbac35791943bef83ca1f94489a51264ef301953094
2023-04-01 13:46:08,True,2.791e-10,8.842e-13,14281301314.0,0.1262,0x4c...51c2,https://bscscan.com/tx/0xf0ddfdfc338fcbd644bd1edf5946781b779509aaa79104a289c84d066fbdedbe
2023-04-01 13:46:05,True,2.791e-10,8.842e-13,11453258396.0,0.1012,0x6d...1209,https://bscscan.com/tx/0x02da9f9ef3001880a3e0b524a2df2a89b594a9f6d287d7cb28d39e00fe1a1bbf
2023-04-01 13:45:41,True,2.777e-10,8.842e-13,1422178621.0,0.0125,0x0c...bd85,https://bscscan.com/tx/0x27f0bc5d011283acffaafaceabda82aa7c8a08ff70c52c6c64448e7ce2744796
2023-04-01 13:45:26,True,2.791e-10,8.842e-13,18659946207.0,0.165,0x53...aedf,https://bscscan.com/tx/0x85e59d5466835f57e4573bb2368eea9363d460c9b3c1c064016f2bec215b9f69
2023-04-01 13:44:26,False,2.777e-10,8.798e-13,23400000000.0,0.2058,0xc3...b356,https://bscscan.com/tx/0xc0dc631ef558bf73f20e9d057f014b2800dab2ab2750797d3f639e8f27faee33
2023-04-01 13:44:02,True,2.791e-10,8.842e-13,361368054969.0,3.19526,0x04...5543,https://bscscan.com/tx/0x183f3eeb7fbb2070061c49526942fdc4d411065618b13f531c5937b0b4ee453d
2023-04-01 13:42:35,False,2.776e-10,8.797e-13,7944839472.0,0.0698,0x58...5e61,https://bscscan.com/tx/0xfd8a6c950ac47fcf4a5dd6ecf359a0f93702f7b9c74a9bb4be0133f2555d6b9f
2023-04-01 13:41:56,True,2.79e-10,8.841e-13,6462650550.0,0.0571,0xa1...c632,https://bscscan.com/tx/0x128b971ee9d1ac0a5f51674ef56a1dd69dd0e707b69cfb95c394cfc9402b74f7
2023-04-01 13:41:38,True,2.79e-10,8.841e-13,7173010000.0,0.0634,0xd4...e788,https://bscscan.com/tx/0x5ead3d3115316e1d7e72263acb5da9cd860771b2656690c7c694a289bcf993d7
2023-04-01 13:37:32,True,2.776e-10,8.841e-13,47444234995.0,0.4194,0xe4...e253,https://bscscan.com/tx/0x5d5e19594cdb4169c447858f4d47a4e0e2dbd7df5659e8527c5b3f40a6fa22de
2023-04-01 13:37:04,True,2.776e-10,8.841e-13,7959726955.0,0.0703,0x8d...ab7a,https://bscscan.com/tx/0x428025256ec8e001cb2d100bc50e27d7a413df6242ba57230b4864d237d963c9
2023-04-01 13:36:12,True,2.776e-10,8.841e-13,18520493443.0,0.1637,0x29...e0b8,https://bscscan.com/tx/0x8c2aacd3d713ea4df6ec6c202a737080134ecafe881cf6852406ef88a19311cc
2023-04-01 13:35:48,True,2.789e-10,8.84e-13,34276334297.0,0.303,0x81...670f,https://bscscan.com/tx/0xe65f25e6bfadbe1ffe90b31a32a42d3cdd30f74ff1c630eca64078572917d288
2023-04-01 13:35:42,False,2.761e-10,8.796e-13,75876260760.0,0.6674,0xbb...5ef6,https://bscscan.com/tx/0xb7638960492751f08b4f53aa9b8bca26f103fa3ac75d48c91ec7953d4a48bd90
2023-04-01 13:33:33,True,2.789e-10,8.841e-13,40000000000.0,0.3536,0x04...a2cc,https://bscscan.com/tx/0x27c174f4398e97a914b9e74d64d0a59a0eb20d5d314f94f3c4fb8963596fb2c8
2023-04-01 13:33:27,False,2.775e-10,8.797e-13,70435325804.0,0.6196,0xc6...b53c,https://bscscan.com/tx/0x5cf21a3eec0a1a2b15c1e4d5d0cf1e0383158bd57a73d349a50bc0405f8588ab
2023-04-01 13:32:45,True,2.775e-10,8.841e-13,2655711413.0,0.0234,0xc3...a0b9,https://bscscan.com/tx/0xbbbeaf0a74c5f351bb40724a4f590476608ff36c174f4c492c18cc8b31ad11ff
2023-04-01 13:32:09,True,2.775e-10,8.841e-13,1931000000.0,0.017,0x05...d7d4,https://bscscan.com/tx/0xcf2809fb8b6dd92558dd6e2459080e8515c451fdaddbe803878e54a47605c0e8
2023-04-01 13:31:21,False,2.762e-10,8.797e-13,50157585968.0,0.4412,0xb6...b2c1,https://bscscan.com/tx/0x36240d784ca112e36d5df03c3355fbf2b38c0b68c3daafb7510f42c1dd2cd4cd
2023-04-01 13:30:06,True,2.789e-10,8.841e-13,3850000000.0,0.034,0x91...b463,https://bscscan.com/tx/0x46624da4c61295cf6663c068fa2bf426107231e4382aa20dd7c8eab2d15ab6d6
2023-04-01 13:29:51,True,2.789e-10,8.841e-13,4236257690.0,0.0374,0x07...9e5e,https://bscscan.com/tx/0xaad1a7c4962efff5b8e3fb1d33f10d2a66cf9d4483a6dae7f3acad3018540405
2023-04-01 13:29:45,False,2.776e-10,8.797e-13,18453300889.0,0.1623,0xbf...57f4,https://bscscan.com/tx/0xe8c0d0177230efec477f90de27d8dcab0652ecdcefc8e83fcb53cfd0629c3bd0
2023-04-01 13:28:32,True,2.774e-10,8.841e-13,1131021909.0,0.01,0x5f...d271,https://bscscan.com/tx/0x39b5f59d16fb6b97356651a30fc2c53026abbab6441fdf89f277f337ae769718
2023-04-01 13:28:21,True,2.775e-10,8.841e-13,74648803580.0,0.66,0xdb...96f0,https://bscscan.com/tx/0xb4ad3f02c8ca77e2400f38f17bcbf6e934e814cb89d17b20ba95b613b470433c
2023-04-01 13:27:37,True,2.773e-10,8.841e-13,23398914834.0,0.2068,0xb9...1e7a,https://bscscan.com/tx/0xe0de5cd209fe713021213d45ae5e40014371fd26ec18552c4ed92be8edde808d
2023-04-01 13:26:01,True,2.788e-10,8.841e-13,728860505.0,0.0064,0x53...c622,https://bscscan.com/tx/0x81a6229944f8146fb394a35e85b30cdfc5247d7849bfe060bcd5215e45ff0a39
2023-04-01 13:25:01,True,2.774e-10,8.841e-13,11358803045.0,0.1004,0xb1...a09b,https://bscscan.com/tx/0xf9211ae338b3aa851a27a9088870344ec4b45ed72ce3ff6e917ddcfe2d5e7df8
2023-04-01 13:23:58,True,2.774e-10,8.841e-13,17130885.0,1.514e-05,0x56...60bf,https://bscscan.com/tx/0x0603eda84607be48cc51476a78585f7f73981bb52e5f07b55916a3c069bbaa6c
2023-04-01 13:20:40,True,2.774e-10,8.841e-13,27227446733.0,0.2407,0xd5...402f,https://bscscan.com/tx/0xf0eda03ae3026a33d312ba35a3f0baad730a7ee112a3b4485d4cc628036fc53e
2023-04-01 13:20:19,False,2.76e-10,8.796e-13,5400000004.0,0.0475,0xce...cdbb,https://bscscan.com/tx/0x5e98c36ce78aa1b76cfb3954e03928248fcce5300dd2b24d2fe7b68b7ff9bf4a
2023-04-01 13:19:44,True,2.788e-10,8.84e-13,113109382.0,0.001,0xdf...c5b8,https://bscscan.com/tx/0xd7299e92b711046bf2c7be60744554b20d3057a456142d66c1767b336664f5bb
2023-04-01 13:19:29,True,2.788e-10,8.84e-13,103542335444.0,0.9153,0x52...85c4,https://bscscan.com/tx/0xc01a289fb866fc9b4c2b304a9beaa280911156319c74c8bfe8efb19c63bd9eef
2023-04-01 13:18:51,True,2.788e-10,8.84e-13,1040818878.0,0.0092,0xdf...c5b8,https://bscscan.com/tx/0x3e2226de643b6e9430b7acdb090ba04203872d4bced92861fb3a82891951b843
2023-04-01 13:18:28,True,2.776e-10,8.844e-13,15316368113.0,0.1354,0xa3...b362,https://bscscan.com/tx/0xcdb5034988ba40af969072779aa5907024c0a67e72a6d91b539731cd3bbfd0b8
2023-04-01 13:17:39,True,2.774e-10,8.84e-13,357189001.0,0.0031,0x7c...feda,https://bscscan.com/tx/0xf67e930472eb3c122c7fe07ef8ab4b2affe40f0423101f20990c67b4e128455d
2023-04-01 13:17:09,True,2.774e-10,8.84e-13,2827899569.0,0.025,0x21...5485,https://bscscan.com/tx/0x3aabf50b810545847b736f83d12903f5295cdf1eca0950524a5206cc4e424227
2023-04-01 13:14:45,True,2.773e-10,8.84e-13,399910554.0,0.0035,0x8d...270c,https://bscscan.com/tx/0xbae54a7db2a6afcdaf00f64dee94c5e572697319d927e397e32d4dd173d70557
2023-04-01 13:11:09,True,2.77e-10,8.84e-13,32127900828.0,0.284,0xff...4cea,https://bscscan.com/tx/0x23651a8870de816aef7a192dcf3a5624da1a0303b9ae81bcfb4e0f254f918e39
2023-04-01 13:09:02,False,2.758e-10,8.796e-13,4286750815.0,0.0377,0x3f...85f9,https://bscscan.com/tx/0x3242434b09df52df33763aca8ab1d6f34ef5fb0830a1f57d29b1471307b37f03
2023-04-01 13:08:29,False,2.758e-10,8.796e-13,38929684422.0,0.3424,0xbd...fd29,https://bscscan.com/tx/0x60cd7e5c26939554b610746279b67c7f48c84e86f1df77efe9b9db8b14bbeda2
2023-04-01 13:07:38,True,2.771e-10,8.84e-13,2227360049.0,0.0196,0x8e...347e,https://bscscan.com/tx/0x99108c4e9619de6dee8482c31cb73aaf321f5bbf772c8957986d74d80ff265b4
2023-04-01 13:06:28,True,2.785e-10,8.84e-13,113652332671.0,1.00472,0x33...4cdd,https://bscscan.com/tx/0xa0dc5f605c0714f7af535159c3154f630830f77b19d6d317c12335e5de72ca00
2023-04-01 13:06:22,True,2.771e-10,8.84e-13,1753388163.0,0.0155,0x26...a0fd,https://bscscan.com/tx/0xdaca93fd82c7b83890d32fe16355cf476de4691e8933f042490b3584f34759f3
2023-04-01 13:05:55,True,2.771e-10,8.84e-13,2934748984.0,0.0259,0x8d...5337,https://bscscan.com/tx/0x7a46ef17e0e134486cd6e112744e016989a2395fa1d03df787d5e82809e84547
2023-04-01 13:05:31,False,2.771e-10,8.795e-13,54000000000.0,0.4749,0x86...8f38,https://bscscan.com/tx/0x3fe8658dc3cbb2305d6ddfa30bcf0e10768edd9754fa4f61edbc417c26c9e1c9
2023-04-01 13:05:28,False,2.771e-10,8.796e-13,2260891561.0,0.0198,0x6f...49dc,https://bscscan.com/tx/0x09194a38d3dbc45840078ad87c7e6fa9f118608c8c63d8b8e91d1324d93fc0a7
2023-04-01 13:03:58,True,2.771e-10,8.839e-13,169685380287.0,1.5,0x61...6af7,https://bscscan.com/tx/0xb0d2bf8af99cbe13b06f5eabb28d56e3168eb5874b23d710a990d02283a223af
2023-04-01 13:03:22,True,2.785e-10,8.839e-13,36048300000.0,0.3186,0x8d...8b80,https://bscscan.com/tx/0xe5f83b8b0c56514661ceee69e2f1b9b5f7fbacb9a1fb164bc5f3edcebea3d06b
2023-04-01 13:02:43,True,2.771e-10,8.839e-13,3160339944.0,0.0279,0x33...7de4,https://bscscan.com/tx/0xd4c717c42d109aa5a9d932a336f8b1bc14039c71f1b3c9bb615d4ffe6a502b7b
2023-04-01 13:01:19,False,2.771e-10,8.795e-13,9000000000.0,0.0791,0x8a...ffb6,https://bscscan.com/tx/0x6e0a2f9e3ec3deb6e0e0881f656f67ad635879ad0ee5901755c312322ca9e66a
2023-04-01 13:01:13,True,2.785e-10,8.839e-13,1634940.0,1.445e-06,0x05...d7d4,https://bscscan.com/tx/0xef7a72fd8e0eb581a367d0a94dc60aa2d6ef35779ce546b1ba4b781963e3fc91
2023-04-01 12:58:34,False,2.771e-10,8.795e-13,72000000000.0,0.6332,0xbe...2265,https://bscscan.com/tx/0x9cb1c27a1b4324d3a96f645f63a62230acbf3f462b1ddef3eaf729173bd75c26
2023-04-01 12:57:58,True,2.785e-10,8.839e-13,1750131567.0,0.0154,0xb8...037d,https://bscscan.com/tx/0x66c2f18a29554838937e89360d284f62dbd24b195586243103cd9c2f811bfcdd
2023-04-01 12:57:43,True,2.771e-10,8.839e-13,923848952.0,0.0081,0x49...646c,https://bscscan.com/tx/0xfa2a6c7c55c46053e0b42c508be94ac958672d29030e0657b887dcf8f47a6a47
2023-04-01 12:57:43,True,2.771e-10,8.839e-13,2977065326.0,0.0263,0x79...c567,https://bscscan.com/tx/0xcf6789cc33f9804cb9f766eb34a4024ea74c34909c43d2947e818e9b155d590f
2023-04-01 12:57:40,True,2.771e-10,8.839e-13,119057315506.0,1.0524,0x4a...94c1,https://bscscan.com/tx/0x5a0e6844dd6ba5732a259a0aea8d5f15f57f20fa7a9aa5c3784c59ef708982ef
2023-04-01 12:56:43,True,2.773e-10,8.839e-13,11234928516.0,0.0993,0xa8...362b,https://bscscan.com/tx/0x5c1059ec35c7fb5e54db84a8126428f316fdd9fed1e69b06855bf67266900305
2023-04-01 12:55:43,True,2.787e-10,8.839e-13,100000000.0,8.839e-05,0x1e...3d96,https://bscscan.com/tx/0x2357bffd5495f7f3710d3ca6f9139cd42d45e42b54857995c1d2dc78bc0b4e82
2023-04-01 12:55:40,True,2.787e-10,8.839e-13,1111111.0,9.821e-07,0x05...d7d4,https://bscscan.com/tx/0xee99d99bb1723e1054b9ebea26399956f9b90c1538ddf53d0c15134d60719ecb
2023-04-01 12:55:34,False,2.773e-10,8.795e-13,9153000000.0,0.0805,0xe5...ce49,https://bscscan.com/tx/0x56a004fb4a7929889d56127f04db89c1f22b69c21debb4001f88d03d2aaf4104
2023-04-01 12:55:31,True,2.787e-10,8.839e-13,1046491547.0,0.0092,0x8b...d137,https://bscscan.com/tx/0xb1ab1fb8fdfbb9ee929dc6971697a9d6f3c25508909a5447de17c2a48e9d674b
2023-04-01 12:54:25,True,2.773e-10,8.839e-13,3833678130.0,0.0338,0xc2...d385,https://bscscan.com/tx/0x6805f28ebdcca2f55a4ce93f9da7e9cb3671940d6c488dba0b826c3e2bacf4fb
2023-04-01 12:54:13,True,2.787e-10,8.839e-13,4516468831.0,0.0399,0x10...6104,https://bscscan.com/tx/0xd4a4209589e70682cd22053475d999aaf97eb664865a7bedd2bc497c38066820
2023-04-01 12:53:22,False,2.773e-10,8.795e-13,16568252859.0,0.1457,0xa0...bcaf,https://bscscan.com/tx/0x8ab15669ca92ee78a467d4f15ca96cd46162c2a6d3b0b7a1e8c22b9761b421dc
2023-04-01 12:51:16,True,2.773e-10,8.839e-13,15000000000.0,0.1325,0xe7...ec62,https://bscscan.com/tx/0xe823d088b43691cfd221e5d28303288f79bfb803b551e75800e6818fc64dc79b
2023-04-01 12:50:49,True,2.787e-10,8.839e-13,384653038.0,0.0034,0x1c...3f3d,https://bscscan.com/tx/0x39be6d974818581c2be45459fcd1d13f45c8f9cbc1fbc4482cfb20f9fa913220
2023-04-01 12:50:40,False,2.759e-10,8.795e-13,39694909628.0,0.3491,0x93...fe2b,https://bscscan.com/tx/0xff278f8bf3e578297a9647537a1aea1b69fb31afdb1b27c93d0f59dda3e3b474
2023-04-01 12:50:28,True,2.773e-10,8.839e-13,22620000000.0,0.1999,0x13...dd14,https://bscscan.com/tx/0x6f8a12896e2ae2c6e055c65c8bdf8bc22e48c8f76abfaf3426dd2e72ac5cb239
2023-04-01 12:50:07,False,2.759e-10,8.795e-13,63461494048.0,0.5581,0x53...ebda,https://bscscan.com/tx/0x5257ec24519e31a1db54e2a1a83247b92dc933e1aa9a17febb4e740c7394287a
2023-04-01 12:48:28,False,2.759e-10,8.795e-13,68309814742.0,0.6008,0xed...e8c9,https://bscscan.com/tx/0x964936ad3364688cffb55dffdf701f745cbe991e1668f44278b67b1d80b4d4ea
2023-04-01 12:47:40,False,2.774e-10,8.795e-13,41580000000.0,0.3657,0x95...1ab3,https://bscscan.com/tx/0x8f2c162e3ddce88b086688f5a438ff82d53b9486109595340d6ca2f8b94d6292
2023-04-01 12:47:37,False,2.774e-10,8.795e-13,3084475351.0,0.0271,0x1e...165b,https://bscscan.com/tx/0x3a6564d622f7979a8b04761c15caee604edcf6dcb4d06e4067d1cb1b50def708
2023-04-01 12:47:31,False,2.774e-10,8.795e-13,7291116348.0,0.0641,0x6d...fc79,https://bscscan.com/tx/0xa3f74969e593151e5ffba55b6f7ab545b32f5383eec8462251fb5c1986d2c241
2023-04-01 12:47:22,True,2.774e-10,8.839e-13,728451768.0,0.0064,0x15...4042,https://bscscan.com/tx/0xd1fe62eeb5f35c9366e004440023bd194f4e99ccda8291a555f52e55485b5bba
2023-04-01 12:47:10,False,2.774e-10,8.795e-13,4872116665.0,0.0428,0xa3...6607,https://bscscan.com/tx/0xaf27079d4faad6771f5fc9aa0683e88669747a476cacc6fab71fd8df8f0a6533
2023-04-01 12:44:19,True,2.773e-10,8.839e-13,2071397617.0,0.0183,0x81...91be,https://bscscan.com/tx/0x03ba7438b18d89ab1fd4a2134729a67527719da535853af3a568d9c52bfd8405
2023-04-01 12:42:40,True,2.788e-10,8.839e-13,5366059277.0,0.0474,0x5c...c27c,https://bscscan.com/tx/0x2ef0b5c588539efd5b68699b7050f99e29ec700970616002f400c2645b4e63b1
2023-04-01 12:41:43,False,2.76e-10,8.796e-13,109357090198.0,0.9619,0x5b...a2a0,https://bscscan.com/tx/0x7ce832926499f3c597aa161120f867298cdf5c26d2ff5b7456a51175ba0c171e
2023-04-01 12:39:15,True,2.788e-10,8.84e-13,18228573948.0,0.1611,0x77...275d,https://bscscan.com/tx/0xddd210e0e618c8c003ab9eb8bf328a20000bb9176f6304d125dd7b40e15f4e76
2023-04-01 12:39:00,True,2.773e-10,8.84e-13,12725774535.0,0.1125,0x7f...960d,https://bscscan.com/tx/0xa235055e970875823dc6d777e6149a9493e3eed5fd67a2027f5a49c54027849b
2023-04-01 12:37:09,True,2.787e-10,8.84e-13,19945101091.0,0.1763,0x88...28d9,https://bscscan.com/tx/0x7384263197a6261848b7bc2d1315e0a520f51abec0a6ee73169583e86e3c3fa3
2023-04-01 12:36:20,False,2.773e-10,8.796e-13,10800000000.0,0.095,0x06...c7a9,https://bscscan.com/tx/0x5c9e6415dbc5a7b458a8c014d46b24564806e3cfabc40978f2186065d3f6b9fb
2023-04-01 12:34:38,False,2.759e-10,8.796e-13,3187946669.0,0.028,0xe6...fc44,https://bscscan.com/tx/0x741760be22d21af9652ef10e571ce495e8ac894d5bbccf1f6b3c81604635ba71
2023-04-01 12:33:41,False,2.772e-10,8.796e-13,42445568004.0,0.3733,0x2e...bc66,https://bscscan.com/tx/0xcbbc58d5977f16e32c9d93a83587bf209122dbff57bccd47f76793f00bc46d2e
2023-04-01 12:33:02,False,2.772e-10,8.796e-13,900144153.0,0.0079,0x18...8113,https://bscscan.com/tx/0xa035d1c4def5b22cc71af71a50e5ddc4c125215b8f891e7348285c2f3f27eb9b
2023-04-01 12:32:50,True,2.779e-10,8.818e-13,0.1,8.84e-14,0xeb...93e1,https://bscscan.com/tx/0x1dde69f72e2b7dece3516f435af2971042e54d621f0debb6c42d7432177bee97
2023-04-01 12:32:38,True,2.786e-10,8.84e-13,11100000000.0,0.0981,0xdc...7abf,https://bscscan.com/tx/0xfc62e6d4d4ce9eda0472a056a6bc582dbd3baa5134139779be7b57b59d262e01
2023-04-01 12:31:02,True,2.785e-10,8.84e-13,3902402435.0,0.0345,0xb8...037d,https://bscscan.com/tx/0x25eb0f76383584081bf1a5ff382b026dbbb82196d47850c5a2bb88eb2ba354ba
