datetime,buy_order,price_USD,price_native,amount_token,total_native,maker,etherscan_url
2023-03-31 20:39:07,True,2.781e-10,8.799e-13,725276089.0,0.0063,0xec...9123,https://bscscan.com/tx/0x1691456cb85c9af8a10aca490e73c1877711b5db8cedc5c4fbb9c7985f2535bb
2023-03-31 20:38:52,True,2.781e-10,8.799e-13,7273911179.0,0.064,0xe7...ea20,https://bscscan.com/tx/0x46c02a543cf5f626f3956c297bcc332ed5a76feb6bd1fdeeeb51e5d6c8246d7f
2023-03-31 20:38:01,False,2.769e-10,8.759e-13,2161576307246.0,18.9352,0xc5...63ff,https://bscscan.com/tx/0x1c75a55f69a7dbc46f5d40624d86ea5ecd473e6fcf056ade7cd9b9c4ccdc1430
2023-03-31 20:37:37,True,2.798e-10,8.808e-13,6106246645.0,0.0537,0x15...4042,https://bscscan.com/tx/0x6eed3c8d2444005a85c32dc73fba83e7fdbb49f26d54b6d15b03d6dd4c815d30
2023-03-31 20:36:49,False,2.784e-10,8.764e-13,81552568266.0,0.7147,0x39...2d0e,https://bscscan.com/tx/0xbd5bc3e9136d4697b549cf19bfa28b7d2b25a449e3d7a2fb5200daffec9a9bbe
2023-03-31 20:36:19,False,2.784e-10,8.764e-13,10179282121.0,0.0892,0x7c...d274,https://bscscan.com/tx/0xd5f8e496d89d8d5e25dbd84e919ff1538c2d90c38c63d65e1830248d0fccc1c7
2023-03-31 20:35:52,True,2.798e-10,8.808e-13,16735200000.0,0.1474,0x2b...fcbc,https://bscscan.com/tx/0x94fbff6997ef18e39cbdb6c739e01735fd796146476be8d1b07c7a184b7a0090
2023-03-31 20:35:34,False,2.784e-10,8.764e-13,64767542023.0,0.5676,0x18...d3e3,https://bscscan.com/tx/0x818101082ec2b3d5871f5c3d8c39086f9581aebf161cecb6b2e0e8719207ed5f
2023-03-31 20:35:04,True,2.784e-10,8.808e-13,50000000.0,4.404e-05,0x2b...4bc2,https://bscscan.com/tx/0x4147595af3161303535d980fa3160f8e48827547d83d942ae2f96b82196f86fb
2023-03-31 20:34:49,True,2.798e-10,8.808e-13,20013124227.0,0.1762,0x83...055b,https://bscscan.com/tx/0x066abb1d2e137626121a17b0ed1a5725f88be99503a84f156dddbcdf0bc204c4
2023-03-31 20:34:46,False,2.784e-10,8.765e-13,50369676603.0,0.4414,0xd7...1b0c,https://bscscan.com/tx/0xf2da5111192b59d140eb538beeda10957e9ac16c057033cd434d71ea5d6ed510
2023-03-31 20:34:34,False,2.784e-10,8.765e-13,33677660929.0,0.2951,0x84...9cfb,https://bscscan.com/tx/0xaaa16937ef59a6da95beb6f42258cbd614e531f7a045cc99256aba6a90659faf
2023-03-31 20:34:28,False,2.784e-10,8.765e-13,2976460498.0,0.026,0x56...7d77,https://bscscan.com/tx/0xc7eb2405c3c69b20eef127c1e03d87140b88436465af328d68abd12421eca124
2023-03-31 20:34:10,True,2.784e-10,8.809e-13,5113569980.0,0.045,0x7c...5fe1,https://bscscan.com/tx/0x0ddb7cd3b6e3c3d1d32f321ed84393d414106c32ac5b027fb2b84acc3eccc410
2023-03-31 20:34:07,True,2.784e-10,8.809e-13,7166376925.0,0.0631,0x50...b506,https://bscscan.com/tx/0xd6fd0139d597793583c71b62b23fc01117868d05ae12ad8cb587eabfa68e82f1
2023-03-31 20:34:01,True,2.784e-10,8.807e-13,713022000000.0,6.28009,0xbf...a99d,https://bscscan.com/tx/0x9155a61744782c22f6938c10f9c47314b406dbeedc4ca284cc3f07ebc9180c55
2023-03-31 20:33:52,True,2.797e-10,8.806e-13,29000000000.0,0.2553,0x53...36e6,https://bscscan.com/tx/0xb07a6e32e64b200db987af6f92a8b8d5df8da88ed47235c86813ab055e894173
2023-03-31 20:32:21,True,2.797e-10,8.805e-13,105119249272.0,0.9256,0xc0...beff,https://bscscan.com/tx/0x19aeaa000c331b1ccb8c12533bd987858b13c2e03e3ebc77441b38f40908d039
2023-03-31 20:32:15,False,2.783e-10,8.761e-13,98333537721.0,0.8615,0xd1...9f1d,https://bscscan.com/tx/0xcb03f6e40f25a90a220ed2f7a999871358009a57b06d3e59d540337d1d0beee2
2023-03-31 20:32:06,True,2.783e-10,8.805e-13,154672096226.0,1.362,0x53...0042,https://bscscan.com/tx/0x333def3f1fe199649963f4b689f5730b0b61a3d56dc797d955b60b88afef88bd
2023-03-31 20:31:09,False,2.783e-10,8.761e-13,28157856549.0,0.2467,0x79...3287,https://bscscan.com/tx/0xab33d0effe80f6a6c3010efd5d9d3ea6d52a9438c7e3d2b1d69cceb75ea49cf1
2023-03-31 20:30:51,True,2.797e-10,8.805e-13,3492416036.0,0.0307,0xaf...0e98,https://bscscan.com/tx/0x4077aafb7d9f7ff8d3b35ba0d145856782a3501e480b0a97ed4ec20f99ac965e
2023-03-31 20:30:33,False,2.783e-10,8.761e-13,57429243732.0,0.5031,0x4d...7939,https://bscscan.com/tx/0x72a805a71372c3646415afc231454cce2316aa8d33100478bf0fb26f7c958d49
2023-03-31 20:30:15,False,2.769e-10,8.762e-13,144894877819.0,1.26958,0x6a...4a4e,https://bscscan.com/tx/0x40cdfcb0772271f972f2e24f3adb73f0eea121cc70a27725128d46b0ecaac543
2023-03-31 20:30:06,True,2.783e-10,8.806e-13,260000000.0,0.0022,0x53...36e6,https://bscscan.com/tx/0x1a3f798fb9918c8badadb0ee62f5ab3c448899489f0c44ff5d8bdfecc4d390a4
2023-03-31 20:29:42,True,2.783e-10,8.806e-13,3066420000.0,0.027,0xd1...f2ff,https://bscscan.com/tx/0xec35bc0d82c7cfde71f482427e013f1460ccf975a5274e68e56b7014a635d562
2023-03-31 20:28:18,True,2.783e-10,8.806e-13,4000050000.0,0.0352,0xee...44d1,https://bscscan.com/tx/0x0a789314f3c69f03daa502654ad79b58e1a9f84986fec1feac634b8951c6d1b8
2023-03-31 20:28:09,False,2.788e-10,8.776e-13,6901285660335.0,60.5713,0x8e...d02f,https://bscscan.com/tx/0xc6539d0f5ec3a47b761a0e0990370e7fcf6b17f093f62af87040c70d97dcc09b
2023-03-31 20:27:15,True,2.806e-10,8.835e-13,13508394322.0,0.1193,0xf8...04bc,https://bscscan.com/tx/0x3096ed3ab4e84b8d82d4ec2289e81160260eeb53e3583f57892bb8f2a37e27e2
2023-03-31 20:26:57,True,2.792e-10,8.835e-13,5659090000.0,0.05,0x1c...b8d1,https://bscscan.com/tx/0xc92ead136038da0c57bfaf242ac308f492708e81ebbe6535e0c5480a56cabcb1
2023-03-31 20:26:33,True,2.792e-10,8.835e-13,8601856454.0,0.076,0x82...0db6,https://bscscan.com/tx/0x2e1b0b42ef7ab090487c9afe84fae5b2e574bd95f96d16f9b5e4f356ce5e3ce8
2023-03-31 20:25:45,False,2.792e-10,8.791e-13,6357117747.0,0.0558,0xc6...ac96,https://bscscan.com/tx/0xefa576f6edb63806ca5945d6c14e83384bb3857f0fbf435a5e19680a28be94be
2023-03-31 20:25:27,True,2.792e-10,8.835e-13,679093000.0,0.006,0x5e...8d3a,https://bscscan.com/tx/0x6c2e6784e5f1d2872448b95ecbaf6aa7dacb57e0296c2246fa36e3e995a0aa55
2023-03-31 20:24:42,True,2.792e-10,8.835e-13,15279659446.0,0.135,0x7f...2b43,https://bscscan.com/tx/0xf9c00de04a1ecca4ea5655a4c28597dcc5d36c8aa559f10dc3892dc588ac6f88
2023-03-31 20:24:15,True,2.792e-10,8.835e-13,602134054.0,0.0053,0x5a...2032,https://bscscan.com/tx/0x44a2244eb20261c973aaa92928095db90aee858cb92d7432972c38df2c6221dd
2023-03-31 20:24:00,False,2.792e-10,8.791e-13,100333532197.0,0.882,0x80...3508,https://bscscan.com/tx/0x8e4bca77462565206824a89b9478553cbae2fd54a9d648c51830a0e67d280d6e
2023-03-31 20:23:42,True,2.806e-10,8.835e-13,241631809.0,0.0021,0x1a...726e,https://bscscan.com/tx/0xd451b0e034d3b15995997a3a08843d834d9703914d2667a28b564e6f757d321c
2023-03-31 20:23:27,True,2.806e-10,8.835e-13,25273745387.0,0.2233,0xfc...b34a,https://bscscan.com/tx/0x9d1672d3081ade65b9cba43d801eec6bc2ba0b73e31f2cde9cb289fc2bd89b8d
2023-03-31 20:22:48,False,2.778e-10,8.791e-13,7043815718.0,0.0619,0x5b...f64b,https://bscscan.com/tx/0x0ca8a8d715b93af194aa413a6f8e5cbc97faef183430a9c68018aa2471691f35
2023-03-31 20:22:12,False,2.778e-10,8.791e-13,4700391339.0,0.0413,0xd6...9d7b,https://bscscan.com/tx/0x7d698ba5139a74d23a4a4320d7a19f07c41cf745ba60c043dca2613344dcc59a
2023-03-31 20:22:06,True,2.792e-10,8.835e-13,1547823369.0,0.0136,0x73...81c4,https://bscscan.com/tx/0xb253231d3ba9a7fb7f7dd15cba9e0aa68c261357aa2bb9b1071b9bebe8c59c98
2023-03-31 20:21:03,True,2.793e-10,8.835e-13,5658933325.0,0.05,0xeb...c3a2,https://bscscan.com/tx/0xfb27ff56bafff5e65757cddf812e0bf222e5974f7298044d2227689cf7a81061
2023-03-31 20:20:54,False,2.793e-10,8.791e-13,6142652730.0,0.054,0xdb...09bd,https://bscscan.com/tx/0xda98fdfdfa491846473825e68b7fc48991aa9ceeadd30efcaa96f7115263ff24
2023-03-31 20:18:03,False,2.779e-10,8.791e-13,45000000000.0,0.3956,0x9b...d3d0,https://bscscan.com/tx/0x81d599637bf7c41299c5f239c9272cfe749f9c898a550813f8f8e67fe2f9b01d
2023-03-31 20:17:54,True,2.807e-10,8.835e-13,33298204437.0,0.2942,0x2e...d582,https://bscscan.com/tx/0x42d33afa81c890e7060bd05aa5fcee2c120effd869b7c7f56adad97251997c8b
2023-03-31 20:16:32,False,2.779e-10,8.791e-13,8100000000.0,0.0712,0x40...c7a4,https://bscscan.com/tx/0x6c58b1ba128751875cf2e8f20d29eeacb738453e6400a08b41e7cfe83bea9616
2023-03-31 20:14:15,True,2.807e-10,8.835e-13,70947831887.0,0.6268,0xca...de1a,https://bscscan.com/tx/0xea3186e6b5cb64b0abbb5ea699b7e6a3f9035dee9eb8ca739f8a134022ac0a48
2023-03-31 20:13:48,False,2.793e-10,8.791e-13,22067229542.0,0.194,0xb2...b02a,https://bscscan.com/tx/0x2b20e7380877b9242afab7bad256b2f7222e636ddc6f42ff69fb4fae7bd3d5f8
2023-03-31 20:12:56,True,2.807e-10,8.835e-13,11285000000.0,0.0997,0xf1...5fe7,https://bscscan.com/tx/0xa6288810702ba0f5ee1e1d5e8a9af9686d6d71910568df57741e13d45a5dacd4
2023-03-31 20:12:38,False,2.793e-10,8.791e-13,146018004424.0,1.28373,0xb9...1ece,https://bscscan.com/tx/0x01fdb80b56d8fd07f9afe3ad697cf05c696a1d766ff0d38810f071a64a0d6c59
2023-03-31 20:11:35,False,2.779e-10,8.792e-13,65553084907.0,0.5763,0x76...3ec0,https://bscscan.com/tx/0xc56e4aff65a0bca4ebd6632c239866da0d25d35f0c22901d80dde2a4056ac298
2023-03-31 20:10:50,True,2.793e-10,8.836e-13,16975455120.0,0.15,0x2e...d582,https://bscscan.com/tx/0xca88f131ce3c8812f4edee61a819c6cbab9b9d13af588e8d288b128d7474ad37
2023-03-31 20:10:41,True,2.793e-10,8.836e-13,190000000.0,0.0016,0x00...43d3,https://bscscan.com/tx/0xe2afd00f6b30be2e3d00bf4909e345ca312c24fcef7c5373df61747edbf76698
2023-03-31 20:09:35,True,2.794e-10,8.836e-13,2000000000.0,0.0176,0x00...43d3,https://bscscan.com/tx/0xb754b8d2dab014d8b7224c067052e34b42613c7679e99d0e13d6bf6c9dcedff1
2023-03-31 20:09:20,True,2.807e-10,8.835e-13,203716459982.0,1.8,0x36...cd72,https://bscscan.com/tx/0xc018093980ef34f3bc0f3b384422f8a120f6aa2901f5144852a3b98e27b09b43
2023-03-31 20:09:20,True,2.807e-10,8.835e-13,1100000000.0,0.0097,0xdc...2a2f,https://bscscan.com/tx/0xae820feea204c6f42e75bdbc2b87bcc2d5715013a029dbc942dc89e87c4f8e16
2023-03-31 20:09:14,True,2.807e-10,8.835e-13,1539961357.0,0.0136,0x15...4042,https://bscscan.com/tx/0x18e3fe771c09f806f89952ce4d6693fe4a87ace5a95ef311b0993708698aee1c
2023-03-31 20:08:23,True,2.793e-10,8.835e-13,35000000000.0,0.3092,0x00...43d3,https://bscscan.com/tx/0x08bf6dbf0d971ea1ba11d0e9f4ac805b99fa10d77434ae854268efc2c82c0294
2023-03-31 20:06:56,False,2.793e-10,8.791e-13,37733887096.0,0.3317,0x08...3704,https://bscscan.com/tx/0xf556b53382c02b2222682f95d44572100fe3c6c01c596bdb17f58d333e097ceb
2023-03-31 20:05:59,False,2.779e-10,8.793e-13,961138325453.0,8.45156,0xbd...747b,https://bscscan.com/tx/0x8f92071821fd276c7ff6f9cbaeeb1e816c8e9af9986a5636c1db463dfa6e4cec
2023-03-31 20:05:17,False,2.78e-10,8.795e-13,9900000001.0,0.087,0xbf...868e,https://bscscan.com/tx/0xc39ce14931fe192fd70866e5d4fc5c104f8a0dd66df6eca0e9e9fecd7716c965
2023-03-31 20:05:14,True,2.794e-10,8.839e-13,14228743374.0,0.1257,0x18...8f77,https://bscscan.com/tx/0x1800a54ca62df05b6c4dcdac10e767bf426c50b3f66fbbcbfdfb8d9d6e92b115
2023-03-31 20:05:05,True,2.794e-10,8.839e-13,45513205159.0,0.4023,0x6b...0bcd,https://bscscan.com/tx/0x067bfc83b4ee181e48d71acdcbe10034163f5d6f12358477c89844694395d428
2023-03-31 20:03:41,True,2.81e-10,8.843e-13,11307533.0,1e-05,0x30...c6e7,https://bscscan.com/tx/0x5f9481cd4a85a8d60e406ac36e33c05d96296cd0ba42412e31c747de8bb41cd8
2023-03-31 20:03:23,False,2.78e-10,8.795e-13,15906500893.0,0.1399,0x31...f977,https://bscscan.com/tx/0xc82dc8c735f9622176508f30c06e5c54660f7e0c84cd2e0ffe5c8308cf86ff38
2023-03-31 20:03:11,False,2.78e-10,8.795e-13,9000000000.0,0.0791,0x65...7cf3,https://bscscan.com/tx/0x8fe83c0a7fdeee46427d9e1e01daf65ad5e244aa6a32b876008dd50c92d05ec4
2023-03-31 20:02:14,False,2.794e-10,8.795e-13,4821555549.0,0.0424,0x28...0596,https://bscscan.com/tx/0x51e11641d93917d91224704d65ed1b778cfbe9aaee4b210c3f908830d64805f6
2023-03-31 20:02:11,True,2.808e-10,8.839e-13,52566891638.0,0.4646,0x6a...48c7,https://bscscan.com/tx/0xf24e4e9fcd841d45e7134c38ed370c74fafb38a2fb0bf3c09aaad0c2a733017b
2023-03-31 20:02:05,True,2.808e-10,8.839e-13,6222339598.0,0.055,0xa2...1d67,https://bscscan.com/tx/0xfcb8808fbf5b786ba8ca10efbb9cc988dacdb37d4a31718155755d3498da1d8e
2023-03-31 20:01:53,False,2.794e-10,8.794e-13,2412180253.0,0.0212,0x93...2a33,https://bscscan.com/tx/0x1e7418e27c0cb66d9bf2ba79514b6c166b8194143c6745f5ec11458889739e31
2023-03-31 20:01:29,True,2.794e-10,8.839e-13,1127941153.0,0.0099,0xe7...975a,https://bscscan.com/tx/0x55843dc843fa34c514a80f8266deaeeb7a1bb6967f465ff0a5cd7d20f822aec2
2023-03-31 20:01:02,True,2.808e-10,8.839e-13,4412212982.0,0.039,0xfd...c7d3,https://bscscan.com/tx/0xb17bf82d79a7f285163a5e47d604ffd3317fdb49ea68dd4de2ef24422ec6c7cf
2023-03-31 19:59:20,True,2.808e-10,8.839e-13,3865931660.0,0.0341,0xb3...6d79,https://bscscan.com/tx/0x96bd145dc3d8ca7e7ac1d2d1bfdaa569704006f863f242756fa95445d54ebebd
2023-03-31 19:59:14,True,2.808e-10,8.838e-13,182606270230.0,1.614,0xe0...d33c,https://bscscan.com/tx/0x0d89b3e4b122ef6e01680f3d743a3cba66f2450d76005466f7e7282efb9ca1c2
2023-03-31 19:58:56,True,2.794e-10,8.836e-13,690292107611.0,6.1,0x5a...ea8a,https://bscscan.com/tx/0x2162caf3ca7d8544f66d2b0a3291d091be12df52c7d799b5d2916b0cc3180617
2023-03-31 19:57:35,False,2.792e-10,8.791e-13,16339169892.0,0.1436,0x01...334d,https://bscscan.com/tx/0x6e5011afea848251069f7be46d258beb8166d08b3263daa5eaf90e6f7f07a689
2023-03-31 19:57:02,False,2.792e-10,8.794e-13,1489086724023.0,13.0957,0x5a...ea8a,https://bscscan.com/tx/0x9f5ba9f2e1564bf5a51f1510b8ad36f2aab46bffd56f92616ecc96dede1beca3
2023-03-31 19:56:50,False,2.794e-10,8.8e-13,1489086373971.0,13.105,0x5a...ea8a,https://bscscan.com/tx/0x0af4006a5e319e43e9450eca752c7cf0f91193be3b8844d600cfaa54baa0f70c
2023-03-31 19:55:53,True,2.796e-10,8.848e-13,13505858757.0,0.1195,0x5b...ac66,https://bscscan.com/tx/0xce09944ac89d3f4eaaa224a6280e768473d6dcd8749802d4fad1201480fc6d21
2023-03-31 19:54:32,True,2.796e-10,8.847e-13,14147109986.0,0.1251,0x13...85a3,https://bscscan.com/tx/0x4c228150df1e1b8ad95f316760fbf983d250b84835bed71c94f6a17b93e2b4e7
2023-03-31 19:54:26,True,2.795e-10,8.847e-13,68052929075.0,0.6021,0x96...e82a,https://bscscan.com/tx/0x4fbdd3777ef1b58425ebed40d957bd7d7e0242d24194d9c1d9998ad49e4c5616
2023-03-31 19:52:50,True,2.795e-10,8.847e-13,621635171.0,0.0055,0x0d...b60a,https://bscscan.com/tx/0x66b5b21ab6f280856a07f837fe816bf824fba3c99530136889983d7291bb3690
2023-03-31 19:52:11,True,2.809e-10,8.847e-13,20000000000.0,0.1769,0x40...4601,https://bscscan.com/tx/0x1d05dee0882c0f7f7585c519e1570cbbe038cf88b6478b71eabbc2e536012737
2023-03-31 19:51:44,True,2.794e-10,8.847e-13,339077060.0,0.003,0x66...8d7b,https://bscscan.com/tx/0x9473bc27b9ad9c9638a809ba2c44d0f8083432224e69e7388a5fa714487021aa
2023-03-31 19:50:11,True,2.809e-10,8.847e-13,126313001.0,0.0011,0x11...cf66,https://bscscan.com/tx/0x680e39dd38b65d0da26a9d56b66a3817c75b022afb8dff873a2201bb0d827d2b
2023-03-31 19:50:11,False,2.795e-10,8.803e-13,62305222547.0,0.5485,0x89...d06d,https://bscscan.com/tx/0x1fac63144fcb442f70e4e50096df4375eb0a1118c17e55e43dbe27911969a520
2023-03-31 19:49:44,True,2.809e-10,8.847e-13,9402413472.0,0.0831,0xa8...007d,https://bscscan.com/tx/0xb553c92474b7191c31102d5a5c03cd4272ee8945f677fa81b93b6e49eb04ee69
2023-03-31 19:49:20,True,2.796e-10,8.847e-13,3494708802.0,0.0309,0x3b...f8dc,https://bscscan.com/tx/0xb78243177ffc59c46afc386f89aa0c611a9c7951d2be54bcd8ec1a6364a5d521
2023-03-31 19:48:53,False,2.781e-10,8.803e-13,14385654732.0,0.1266,0xa0...bcaf,https://bscscan.com/tx/0x8468b3932181d70356b6c02074d28cac927aef6ad5d4a637e6da42e028f66592
2023-03-31 19:48:35,False,2.796e-10,8.803e-13,73800000000.0,0.6497,0x8e...bf09,https://bscscan.com/tx/0x53fbed6cb7479d1b902bb4e8eb16fc5d37362c1259d028c8714d23ba249ef354
2023-03-31 19:47:44,True,2.81e-10,8.848e-13,21051170979.0,0.1862,0x45...c6be,https://bscscan.com/tx/0xab21f4bf5b7bafd16ca01305a06f666b90afbc8efad67f48fc091405dcaef682
2023-03-31 19:47:38,True,2.795e-10,8.848e-13,12769115740.0,0.1129,0xbb...69cf,https://bscscan.com/tx/0x1b8c48b5877e0ec9ddc27ad49aaa669ba097fd45dadf9fb8303ac2f39fa08bd6
2023-03-31 19:47:38,True,2.795e-10,8.847e-13,3557175090.0,0.0314,0x33...814f,https://bscscan.com/tx/0x7a550919ca058ad1c70f5d65042d9b8de92a66f65c4a4dd148fd3984898106ea
2023-03-31 19:47:29,False,2.781e-10,8.803e-13,1317154479.0,0.0116,0xb1...a3af,https://bscscan.com/tx/0xa9025426efc5e9b8f32778143bd635e08919f89321dc318d8e7fb97cb977f765
2023-03-31 19:46:59,True,2.796e-10,8.847e-13,5651018655.0,0.05,0x4d...8220,https://bscscan.com/tx/0x3f90f9d233cc77bc45a5043d161ac1c959c50ac235211302d0de24aa7b040d15
2023-03-31 19:45:23,True,2.809e-10,8.847e-13,1000000000.0,0.0088,0x63...b447,https://bscscan.com/tx/0xc6afb785c5ee404feb5a2305d6c6d699ed9f554c0d7299e0356f54d899792a2d
2023-03-31 19:45:08,False,2.796e-10,8.804e-13,261568045019.0,2.30293,0x93...4b59,https://bscscan.com/tx/0xcf3bd5218682722c5047fe0dc4a509f53faf8c5f0a23ef95128d643933561705
2023-03-31 19:45:02,False,2.796e-10,8.804e-13,12452741074.0,0.1096,0x1a...c9ef,https://bscscan.com/tx/0x14abd786d1bb2596ffe942e5b4137035554a1e640d81f373ca25d4b10e1b2519
2023-03-31 19:42:47,True,2.796e-10,8.849e-13,13307821180.0,0.1177,0x01...9045,https://bscscan.com/tx/0x0301398c21933adcc23a438e20b6a55b76936ca9af5ddc9a270df9d1fa214f5d
2023-03-31 19:42:20,False,2.781e-10,8.804e-13,41112976652.0,0.362,0x9c...5d9d,https://bscscan.com/tx/0x85abad9be12c6bc3f4ef9cc9dd650ff85e0245d572b91a829b2dd5c1f9d7abf5
2023-03-31 19:41:38,True,2.795e-10,8.849e-13,174614000.0,0.0015,0x4d...a6e9,https://bscscan.com/tx/0xe912b6760ab2b3dcfccc68ac78e5d696441b00597b7619460fa8c6b1ba143382
2023-03-31 19:40:41,False,2.795e-10,8.805e-13,11602251386.0,0.1021,0xc0...c64b,https://bscscan.com/tx/0x04ee852f689012aa69b9ea1d7d4e7aa6c4cbf24dc926265db9309999e509908d
2023-03-31 19:40:08,True,2.795e-10,8.849e-13,3309435829.0,0.0292,0x1a...726e,https://bscscan.com/tx/0x62ec752005092962ddf18dbb6852726ef9a9502ce78d895fbfa922082055a836
2023-03-31 19:39:56,False,2.781e-10,8.805e-13,12094172253.0,0.1064,0x72...b2f7,https://bscscan.com/tx/0x0ba74322797678e3bd7483a0aa2bba1144f037da77a68771758e4a141486bcba
2023-03-31 19:37:23,True,2.809e-10,8.849e-13,9920246180.0,0.0877,0x44...3bd8,https://bscscan.com/tx/0xb28b86d94bd3abac041188d97dcc8a599d19e1d7886f45dd360493f6b4dfd2eb
2023-03-31 19:35:56,True,2.796e-10,8.849e-13,1469048731.0,0.013,0x3d...cb1a,https://bscscan.com/tx/0x7852bf188ef18dc2276b963b88d4a61fa080a7cd9bce5dd8047ef81f3178dbab
2023-03-31 19:35:17,True,2.81e-10,8.849e-13,39947757978.0,0.3535,0x56...aca8,https://bscscan.com/tx/0x4a5a9fbbea52998e4c520f0a275b36e78da6cb8bc3ad8e4a0570a6fe2af5b58c
2023-03-31 19:35:14,False,2.796e-10,8.804e-13,5313535353.0,0.0467,0x8c...11b1,https://bscscan.com/tx/0x638174c7526f0cff4bd276fb371a405f3fc8fd9920cea4ed2addf469d011aa71
2023-03-31 19:34:53,False,2.782e-10,8.804e-13,15183573743.0,0.1336,0x24...c974,https://bscscan.com/tx/0x1c83501acab687c853c8acd101801c97954777b21add2bd2c7035a9559d814a9
2023-03-31 19:33:47,True,2.81e-10,8.849e-13,11951471938.0,0.1057,0x7c...d1a8,https://bscscan.com/tx/0x27ddf08ed3118b19e21434a7c826dbbe93e968549ae831a54607b84e343f9b6d
2023-03-31 19:33:35,False,2.796e-10,8.804e-13,2719588247.0,0.0239,0x5e...1fc6,https://bscscan.com/tx/0x6dfb11f0d1f7c6718baee4cfe55e51dbc4ca364393edb2f34b0a6dc165d5d94f
2023-03-31 19:33:32,False,2.796e-10,8.804e-13,10457402271.0,0.092,0x42...9896,https://bscscan.com/tx/0x8acefb17420fd09c6835307b15ad5829205e7f8dcd7d9e01b122aea990f82220
2023-03-31 19:31:08,True,2.811e-10,8.849e-13,2502389379.0,0.0221,0xc1...46c0,https://bscscan.com/tx/0x3048548f97e815d842ff52b1d50202f5c5e5c935b174b98c8cfcbd1e3508ac51
2023-03-31 19:30:14,True,2.796e-10,8.849e-13,6818413094.0,0.0603,0x2e...3179,https://bscscan.com/tx/0xf3143da024c639127ae62da343e76646fbe620f8fc8ce59ab5c424f515b774a1
2023-03-31 19:29:20,True,2.811e-10,8.849e-13,2059949923.0,0.0182,0x2c...1bea,https://bscscan.com/tx/0xa5a569716f5d62e11313564e2769ba48e818b73d62f08c5b0369479ced7aaac9
2023-03-31 19:27:56,False,2.783e-10,8.804e-13,22500113806.0,0.1981,0xad...0e0b,https://bscscan.com/tx/0x082dffad610f201bc8f89710f66bad2092ff6dbea4256f517d1346b1680f4abc
2023-03-31 19:26:29,True,2.797e-10,8.849e-13,1130042117.0,0.01,0xc8...aa34,https://bscscan.com/tx/0x25738128fc7f5dc979c6a3cbdfbabc1d9f11f5729737d3d07ad9c7c4ecb98961
2023-03-31 19:25:47,False,2.784e-10,8.805e-13,31841342712.0,0.2803,0x04...786b,https://bscscan.com/tx/0x4e3167cf396720e68a9a46b6bc71e301d5b1aeb0b816c75617a9b57ec4fbe8b7
2023-03-31 19:25:44,True,2.798e-10,8.849e-13,10742834966.0,0.095,0xf6...d7bc,https://bscscan.com/tx/0x3876a6be6a1c49382deceae41b41f9f79ee173316d91aa0cf831d780bb84b656
2023-03-31 19:25:35,True,2.812e-10,8.849e-13,41102912263.0,0.3637,0x87...91d5,https://bscscan.com/tx/0xb3c8f9d8001aa5e1c3390471f2741f99e87d1061569949a44571b08453cd63de
2023-03-31 19:25:23,True,2.812e-10,8.849e-13,60000000000.0,0.5309,0x51...f145,https://bscscan.com/tx/0xf768aed8db6c0c81845e4ee35710c94a2a0dc2f7bcfe50616a1e2594913833df
2023-03-31 19:25:14,False,2.798e-10,8.804e-13,4123067767.0,0.0363,0xe7...44b0,https://bscscan.com/tx/0x4f4879ee4444c65915e661b30efa26da5705d09fbba85f9d580d447f430264f9
2023-03-31 19:25:11,True,2.812e-10,8.848e-13,3000000000.0,0.0265,0xb8...1d31,https://bscscan.com/tx/0x087816135fdcbd026a69171e94c6617c85aeddc4edc10e7442dcea201b5717fa
2023-03-31 19:24:59,True,2.798e-10,8.848e-13,203415351.0,0.0018,0x9d...1ef3,https://bscscan.com/tx/0x2f6aab7bbea7336641fcac8aca5530313df60b72ad3abb899d442b0410818749
2023-03-31 19:23:59,True,2.811e-10,8.848e-13,1017077051.0,0.009,0xcc...4f44,https://bscscan.com/tx/0xc448c05e226339440b69c47dbca9550510f64932fd36acdd728aa640d1c4a887
2023-03-31 19:23:29,True,2.797e-10,8.848e-13,59398161383.0,0.5256,0x5e...b1a3,https://bscscan.com/tx/0xf35242ecde33f988c3471e926841c3255c0035093147cd6cc16f095d7b4d417e
2023-03-31 19:23:17,True,2.798e-10,8.848e-13,143884566.0,0.0012,0xee...8e13,https://bscscan.com/tx/0x6d355079ef334ca03d625e2b66541bd78a242b6f1f2b08ee562820a47b99eee1
2023-03-31 19:23:14,True,2.798e-10,8.848e-13,7640576691.0,0.0676,0x3b...3eb3,https://bscscan.com/tx/0xd01cc98e10be823a02e22d53e5069444bafcd7e63629364c3a64cdf194a432c9
2023-03-31 19:22:38,True,2.798e-10,8.848e-13,182979872.0,0.0016,0xee...8e13,https://bscscan.com/tx/0x7ef593d0f073d0c36a5bda91b8bbd7fc4e83842a4f818cc7efd83a6e888ccfe4
2023-03-31 19:22:29,True,2.798e-10,8.848e-13,1130122708.0,0.01,0x05...6559,https://bscscan.com/tx/0xc2788ba4a021ce7c040f4cb81c4a8b43f049be63b5b0efc54dead71a10b4377c
2023-03-31 19:22:20,False,2.797e-10,8.804e-13,6890323257.0,0.0606,0x86...12ab,https://bscscan.com/tx/0xbb82ab7b53e7617653964f40c8fcda8026f957201aa28d29f21cd9c66a00b81a
2023-03-31 19:21:38,True,2.798e-10,8.848e-13,152353703.0,0.0013,0xee...8e13,https://bscscan.com/tx/0x591496e0bf93bd6c7d32c544ee2463f30b1e1bdfa881a9da02260e9b84a9fc51
2023-03-31 19:21:35,False,2.784e-10,8.804e-13,63464357380.0,0.5587,0x30...09e6,https://bscscan.com/tx/0xc25818c7ffe3de23f9acfd66a73a0a94b94d4d8269e4ff6b0276ed6d8b1c4c3a
2023-03-31 19:21:29,True,2.798e-10,8.848e-13,31418169614.0,0.278,0xd2...aa28,https://bscscan.com/tx/0xf6cff9318e5ee56aff791690ef472862c1bdbf0c215495b296f1c7a64b643fbb
2023-03-31 19:21:29,False,2.784e-10,8.804e-13,1973981958.0,0.0173,0x25...d420,https://bscscan.com/tx/0x7ac5a6e543444448dab99003e57b7a56837962023dad766ce2b9d3cc8d844ae0
2023-03-31 19:20:47,True,2.811e-10,8.848e-13,257594072.0,0.0022,0xee...8e13,https://bscscan.com/tx/0x1c132bc5688c5e651e0a148b999b701a42d58c687c892fb3b44129f8581952ae
2023-03-31 19:20:47,False,2.797e-10,8.804e-13,7200998568.0,0.0634,0x43...6b63,https://bscscan.com/tx/0xb12dfc1259c939089cea43d076becb3d068955a7efb7e28ec47cab0cf75cabde
2023-03-31 19:20:41,False,2.797e-10,8.804e-13,4050577739.0,0.0356,0x11...931a,https://bscscan.com/tx/0xe1e9ecbcef053105a484c26df80a8f5e5f1268d9848f200c265151760ad6dcf2
2023-03-31 19:20:32,True,2.812e-10,8.848e-13,1779464460.0,0.0157,0xc7...5490,https://bscscan.com/tx/0xe4e0b00f4bdb780d1993d1b208e37bd1f00f772b686c43d8238bb9c47ca19448
2023-03-31 19:19:50,True,2.797e-10,8.848e-13,51417413885.0,0.4549,0x1d...7100,https://bscscan.com/tx/0x8a8d3ac11f4b0f9c918b3f667719f7fd13e78342227df00736f71e910db36db4
2023-03-31 19:19:05,True,2.812e-10,8.848e-13,106658195312.0,0.9437,0xf9...9c81,https://bscscan.com/tx/0xeeeb381b693910738e59420c965be7d04c5dd84c67616522053da117473e352a
2023-03-31 19:18:26,True,2.797e-10,8.848e-13,21941274232.0,0.1941,0x3e...0258,https://bscscan.com/tx/0xa4dfe7fbc1f21f6db5f78e848f38a3aea49085a4768cf0a0642f56bf0a962f12
2023-03-31 19:16:41,False,2.797e-10,8.803e-13,4123067364.0,0.0363,0xe7...44b0,https://bscscan.com/tx/0x971dca226f3dcbbb339462a8e766bddd161ae2683f154eb41c9716792c58a6df
2023-03-31 19:16:35,False,2.797e-10,8.803e-13,34767232303.0,0.306,0xfd...1d91,https://bscscan.com/tx/0x6f66af84affa3636bf0ef1514a1d83ce88e863f2bd8c2ed0b408f1f4031ac078
2023-03-31 19:16:08,True,2.798e-10,8.848e-13,6784940120.0,0.06,0xc0...c64b,https://bscscan.com/tx/0x472f4c497769c4f082840116037a4c5070a5dd07a5f8db8f6a8f1897f9f85862
2023-03-31 19:15:44,True,2.798e-10,8.848e-13,4068710000.0,0.036,0xbf...0fe4,https://bscscan.com/tx/0x5f9cecd179b510b9f373b9c0d6da7939e472a307de1e3226f1ea12be6e1532d0
2023-03-31 19:15:41,True,2.798e-10,8.848e-13,38712776633.0,0.3425,0xc5...9fbb,https://bscscan.com/tx/0xfd3f401b63471b69ac30074732ab3fdffd62992cade9d6b7b753e390be651feb
2023-03-31 19:14:53,False,2.798e-10,8.803e-13,1620313516.0,0.0142,0xaa...5fa2,https://bscscan.com/tx/0x271ee32a66bee48e023e708abf971a2f603660c35bdbd6d9b7f595da888b9c3a
2023-03-31 19:14:44,False,2.798e-10,8.803e-13,84923861242.0,0.7476,0x75...f216,https://bscscan.com/tx/0x6c0e38693fd9b5b11ecb135f6949f4f9773a1eb920d8d497c8f8e758c178b83f
2023-03-31 19:14:35,False,2.799e-10,8.804e-13,2441689250.0,0.0215,0x18...8f77,https://bscscan.com/tx/0x07d5dd1a0c7cdaa5cb14d5b89071f735ed05eb762f44e66aaaa96194eac3ebef
2023-03-31 19:14:14,True,2.798e-10,8.848e-13,2655857346.0,0.0235,0xae...f7bc,https://bscscan.com/tx/0x702e07954e5c36f3e6214c2f7a908770545a5f54fa6b16dc52d648da9dee37ab
2023-03-31 19:12:41,False,2.798e-10,8.804e-13,9887245805.0,0.087,0xfc...2cfe,https://bscscan.com/tx/0x76d622b1bf34d9c060ead1dd80b918f358c6fba832d70a8667bf4518e91ee00c
2023-03-31 19:12:02,False,2.798e-10,8.804e-13,12382573698.0,0.109,0x78...1067,https://bscscan.com/tx/0xceb38060f00dae3bd6743c3f17ae212cc0c44056e81210052c400a255ffed232
2023-03-31 19:11:53,True,2.812e-10,8.848e-13,7151789516.0,0.0632,0x54...05c0,https://bscscan.com/tx/0xb3120a5b008239202bef69ee27da1238b93b06e59339c38c31233fd3adefbdb2
2023-03-31 19:11:38,False,2.784e-10,8.804e-13,10199359344.0,0.0898,0x98...afd7,https://bscscan.com/tx/0x03ccc0d92a76fd4ad88ef54b84c5a7ae0ad884302f6150842012eb8163ad3fa3
2023-03-31 19:11:35,False,2.784e-10,8.804e-13,3595694992.0,0.0316,0xbb...b2e5,https://bscscan.com/tx/0xf355e9474b085403e917447132229a951843f2e73401f002ddec788a32a7072a
2023-03-31 19:11:11,False,2.798e-10,8.804e-13,9666363367.0,0.0851,0x1f...7c18,https://bscscan.com/tx/0xe0464bbdc3137d8dc42cf9f744793fc02148c145149dade6ef2d94e0aafa54fc
2023-03-31 19:11:11,False,2.798e-10,8.804e-13,7766326659.0,0.0683,0xbc...e0e4,https://bscscan.com/tx/0x645e4a8af836dac43ec971788ab5cc1d3d3c438c29d9a2d714346b8a4475d1a9
2023-03-31 19:10:44,True,2.812e-10,8.848e-13,3831453183.0,0.0339,0x3d...cb1a,https://bscscan.com/tx/0xcc344c72ba1948fae5a7ea815ab7c7698585265bed212add3108934d8280ab86
2023-03-31 19:10:41,False,2.798e-10,8.804e-13,4473911594.0,0.0393,0x5e...748c,https://bscscan.com/tx/0x95ddf38bfee21d76ed9935d005b35791132f535786e79d390b03e13ee1156e4a
2023-03-31 19:09:17,True,2.811e-10,8.848e-13,12896859626.0,0.1141,0xed...7ab7,https://bscscan.com/tx/0xa61ab852d5d147a08ebba1ccfeb3caf00857bc59d9f42343c4ee7e208e86f76e
2023-03-31 19:09:11,True,2.811e-10,8.848e-13,37373717865.0,0.3307,0x4b...c9da,https://bscscan.com/tx/0xa0d0dd51dbf5871eb821a39b90b183af467530b5d5333514a949ae3cab7fa1f4
2023-03-31 19:08:50,False,2.797e-10,8.804e-13,2488600933.0,0.0219,0x44...4474,https://bscscan.com/tx/0x0595a210e49423ef94cbcebe5f24802365f02237b63ded4bef6ed5c60f61e71d
2023-03-31 19:08:20,True,2.796e-10,8.848e-13,5814100001.0,0.0514,0xb9...7697,https://bscscan.com/tx/0x6a2661a638ebb194b97f6389eda3f7733ade2ee123cd66ddf52aa661cb1b6f10
2023-03-31 19:08:20,True,2.796e-10,8.848e-13,63285954226.0,0.5599,0xb9...7bf5,https://bscscan.com/tx/0x724eec7b0d1cb74041137513f18435fb31c69f14062fa29db61c349982d4f1ea
2023-03-31 19:08:11,True,2.796e-10,8.847e-13,45208120622.0,0.4,0x24...bbd6,https://bscscan.com/tx/0x1c6c0c0c85ae984d6bbb0e97671fd19582004e0f5bf1ffe64b9722858080ab63
2023-03-31 19:07:14,True,2.81e-10,8.847e-13,1100000000.0,0.0097,0x23...e899,https://bscscan.com/tx/0xbed407e9f2aa7ae430e3138c7676927e37e2afca4fc94bbe846c836323f36af8
2023-03-31 19:05:26,False,2.796e-10,8.803e-13,2160000000.0,0.019,0xe3...386b,https://bscscan.com/tx/0x98c7f390f38c867a123fc11ada8f76f41e27f73c381490820474f4befccfbfe1
2023-03-31 19:05:14,True,2.81e-10,8.847e-13,1808344275.0,0.016,0x47...ed75,https://bscscan.com/tx/0x1bd12cbfa3bbbf69d5ba86f3bff766a8220e42fe35ba1ad292bd0a71e0389df9
2023-03-31 19:05:11,False,2.796e-10,8.803e-13,58195102826.0,0.5123,0xdc...be73,https://bscscan.com/tx/0x7e644aa033063e67ff36b833413a37bb1a45dd1223d7ca78ff01d056113a45d7
2023-03-31 19:00:53,False,2.782e-10,8.803e-13,9004535903.0,0.0792,0x68...00cc,https://bscscan.com/tx/0x13597498c0d65b07dd752ee8684f5c90b78dec27b711bb87ebdecd72cce36e76
2023-03-31 19:00:53,True,2.796e-10,8.848e-13,7468677745.0,0.066,0xf4...f67f,https://bscscan.com/tx/0x4b86a0f53ce44d5daab051426970408a87e6f5ebeaf8bdfbb0bc03106cad4aeb
2023-03-31 19:00:38,False,2.782e-10,8.803e-13,22760073024.0,0.2003,0x86...df43,https://bscscan.com/tx/0x81e0d4984aafe2da66a1bfd9a8e4515c193e71cacb85e58faec1e54b5044fdd8
2023-03-31 19:00:26,True,2.81e-10,8.848e-13,100587654466.0,0.89,0xed...7ab7,https://bscscan.com/tx/0x3c2647dc12ca03a5d2fafe2f8d966644dbe2726d3d872a677d3a9a72bd4cbd26
2023-03-31 18:58:26,True,2.81e-10,8.847e-13,15200000000.0,0.1344,0x1d...57be,https://bscscan.com/tx/0x19e54d9a31ae39dbbd30892b9e6a05f4cd7fcda2d30035698a9288df83fb2d1a
2023-03-31 18:58:11,True,2.796e-10,8.847e-13,143950423262.0,1.27359,0x0d...d3de,https://bscscan.com/tx/0x8f4a8ebb1ea3a98277d16646af2c5ae787e941d795bdc7d78d29094b8ff6d2bf
2023-03-31 18:57:56,True,2.796e-10,8.847e-13,9939905397.0,0.0879,0xaa...a8b2,https://bscscan.com/tx/0x3f15a11b5f269a0fccb5bf1cf753880ad3f672256514b5345639bf024c5f332e
2023-03-31 18:57:41,True,2.81e-10,8.846e-13,39561479485.0,0.35,0x9a...7244,https://bscscan.com/tx/0x1b28b83604515110a2b08ae4f4508c70125c4e6686274588dc9e71c7377c9d20
2023-03-31 18:56:32,False,2.783e-10,8.803e-13,402653923243.0,3.54479,0xff...4edf,https://bscscan.com/tx/0xb22f1e7fc2875ee14c566900d5a752f1cec1e75ca201be32dfce1b4f46af3329
2023-03-31 18:56:20,False,2.797e-10,8.804e-13,8379557347.0,0.0737,0x33...c7cd,https://bscscan.com/tx/0xc4fc3d95d7bbeb887640c2b11ecddb4fb9b04d77cd18f110962e435dd3386d24
2023-03-31 18:55:38,True,2.795e-10,8.848e-13,55211839320.0,0.4885,0x8f...3981,https://bscscan.com/tx/0x92d5d9a8a690c5257dfb3c4b1e8ac228b1a896671be79daf1897ca0fb97374ea
2023-03-31 18:54:05,False,2.781e-10,8.804e-13,103396146846.0,0.9103,0x4b...18b1,https://bscscan.com/tx/0x743b0bae9af17a1eacc2a4567239d9064d26e5597623d11fa21793acb20859e2
2023-03-31 18:53:53,False,2.781e-10,8.804e-13,4717962511.0,0.0415,0x2c...3a90,https://bscscan.com/tx/0xc7f1b0c2c5d2d81ccb5e10f22763013cfd02afc989701758b2096dc8bb7a56ad
2023-03-31 18:53:35,True,2.809e-10,8.848e-13,135821478863.0,1.20183,0x4d...f04a,https://bscscan.com/tx/0xf12f3ea5cf1ea4c6d4eeef2ea2368fdda014c4c3c3b4365cf4782a4b0e4148c8
2023-03-31 18:53:17,False,2.795e-10,8.804e-13,10277250203.0,0.0904,0xf8...0424,https://bscscan.com/tx/0xb112f1be4bb75621a9fadbb254363b5b2d9a07733359e495f0c328321571d749
2023-03-31 18:53:02,True,2.795e-10,8.848e-13,56508565976.0,0.5,0xd1...c85e,https://bscscan.com/tx/0x42f2059b50229cbfda8a4966f470fd0195f1696deaa21c3bc35e47c2a7830b52
2023-03-31 18:52:23,False,2.795e-10,8.803e-13,7221047159.0,0.0635,0x60...b8fa,https://bscscan.com/tx/0x03c7c966e5cef9dd4d7d9ada77fa6320f6a65f5b536d7cb43fe47ea3883fc6fa
2023-03-31 18:52:02,True,2.809e-10,8.848e-13,15832422474.0,0.14,0x1b...6b90,https://bscscan.com/tx/0xa2349b443840fcfdc413d99bc848319baf38907f66e24751de424c0cd7886a87
2023-03-31 18:50:53,False,2.795e-10,8.803e-13,6075200704.0,0.0534,0x75...5e34,https://bscscan.com/tx/0x58770691f1104c87594f794f9011a0f060f98b33eae284668ae2729e8b6b7a9e
2023-03-31 18:50:47,True,2.802e-10,8.826e-13,10091432395680.0,89.074,0xb9...f731,https://bscscan.com/tx/0xdf4ccdfbab80166875b7e8ba6e0a29878c78e84b5ff28b5e6c88b293807bc714
2023-03-31 18:50:14,False,2.784e-10,8.761e-13,33300000000.0,0.2917,0xfd...0325,https://bscscan.com/tx/0xdcdb9677c7f19f163eafa431fa0f53fbdf6ba340192d631d292edb8ce59b01d8
2023-03-31 18:50:08,False,2.771e-10,8.769e-13,3858677646657.0,33.8393,0x3e...feef,https://bscscan.com/tx/0x3a555c4f1f5b9db0d6b307f351687ed2dbc3185e51f2c8ce3089d22fb0de0d6c
2023-03-31 18:49:41,True,2.788e-10,8.821e-13,36355634913.0,0.3207,0x07...a5d8,https://bscscan.com/tx/0xa1ff6a9a4b4a40e49674467024f8a0fbce745cf181ef289edb2b0271d59cc961
2023-03-31 18:48:14,False,2.787e-10,8.777e-13,22170207745.0,0.1946,0x8e...37fc,https://bscscan.com/tx/0xde22885cbb77a8279ad02259001ddc7a473b85a6b1d734f05469b6a4ff9b2214
2023-03-31 18:47:26,True,2.787e-10,8.821e-13,10000000000.0,0.0882,0xce...85aa,https://bscscan.com/tx/0xd181fba641579c98df0c82009bfa6cd74e1b96055f87bb7c129a907f3bd91217
2023-03-31 18:47:20,False,2.787e-10,8.777e-13,64385028999.0,0.5651,0x05...bb9d,https://bscscan.com/tx/0x03815c8beffbb364282c84803f112310ec429b080494202b7ed41d5523c48b87
2023-03-31 18:46:50,True,2.801e-10,8.821e-13,10000000000.0,0.0882,0xce...85aa,https://bscscan.com/tx/0x13ca52912b4f85f8bdc0f4cf8b959220e77457f58a0ac2cac2cb96bd4396ede5
2023-03-31 18:46:50,False,2.787e-10,8.777e-13,2426938858.0,0.0213,0xc0...0020,https://bscscan.com/tx/0x228bbd20c08c6977be67fd4e24288b822a641aee6cd85518f0d9eb984bcde027
2023-03-31 18:46:29,True,2.787e-10,8.821e-13,10000000000.0,0.0882,0xce...85aa,https://bscscan.com/tx/0xdd399517f1885ee0e6c3402b17625938c8e2acd47fb8761ea5fa8c3cc5329956
2023-03-31 18:46:14,False,2.787e-10,8.777e-13,37041153330.0,0.3251,0x1a...1bba,https://bscscan.com/tx/0x7189dca94aec9b7a7d558e62f1d6dae2c6255b2ddaa0ef58796ee865c5a80f71
2023-03-31 18:45:53,True,2.801e-10,8.822e-13,21537065462.0,0.19,0xc8...aa35,https://bscscan.com/tx/0x0df337f5f533834ad5aac996536ef9be6aeb36fd5bde1a6003c84bd215840ece
2023-03-31 18:44:41,False,2.773e-10,8.777e-13,17236944706.0,0.1513,0x9d...0872,https://bscscan.com/tx/0x7898ea697d970b95c4ee2a4764b1f37363eafcd53ef78610d08d30479b62c80a
2023-03-31 18:44:20,False,2.787e-10,8.778e-13,28791315055.0,0.2527,0xc2...bf58,https://bscscan.com/tx/0xc8ef67ebb65d30e071544dc03ed76fc096ae21e30fb33eb7db6628cb2a36a1c7
2023-03-31 18:43:56,True,2.787e-10,8.822e-13,45014008348.0,0.3971,0x98...2e65,https://bscscan.com/tx/0xa9e39564ff7d39de792d37ddc0e9ca086c8fd4ef756f5a8681af012ed4d5b55d
2023-03-31 18:43:29,False,2.773e-10,8.777e-13,8862592170.0,0.0778,0x88...4047,https://bscscan.com/tx/0x633f827a90d8e6dc63441ef46becd8a703501e6f5d7d537316ad7d364746ff7f
2023-03-31 18:43:08,False,2.789e-10,8.777e-13,4500089281.0,0.0395,0x43...7fe9,https://bscscan.com/tx/0x37e6344078490b4f450772bf17445a506a075877ced30f93a836fabe39288d2a
2023-03-31 18:38:40,False,2.787e-10,8.777e-13,15394145513.0,0.1351,0x47...34ef,https://bscscan.com/tx/0x8dd11c212447f615086aefaf8a1703abafd809a400b237d696625a2b335a083e
2023-03-31 18:38:37,True,2.801e-10,8.822e-13,182464786.0,0.0016,0x32...befe,https://bscscan.com/tx/0xd2da58caf9e8cd48eb3ec9e337ea4a25228098a09362eab7a16c8259d20853f5
2023-03-31 18:38:19,True,2.787e-10,8.822e-13,2046646658.0,0.018,0x6c...b2ad,https://bscscan.com/tx/0xa573cb0251c16e098a3a578426eb0ac1efdf635bc7d4b7bd20ef58eda8c5fdd4
2023-03-31 18:38:01,True,2.787e-10,8.822e-13,2046648664.0,0.018,0x6c...b2ad,https://bscscan.com/tx/0xd1967386b5057947d2b77285730c23a8c89f0e3062c3f56b1c0018207d9a8f02
2023-03-31 18:37:43,True,2.801e-10,8.822e-13,1133522169.0,0.01,0xef...0f83,https://bscscan.com/tx/0xfd960f4bbf0a6dc6dba0a35f9f9a25bbcd1cd12ba0e98b1066fc03a3e4275d1d
2023-03-31 18:37:34,True,2.801e-10,8.822e-13,906818178.0,0.008,0x0a...5176,https://bscscan.com/tx/0x88f2c4323362bb05eb019e55e2bc1e794609af51c53cc847ddfbdf35a9ea9e1f
2023-03-31 18:37:28,True,2.801e-10,8.822e-13,779112798.0,0.0068,0xa6...fedd,https://bscscan.com/tx/0x497599f3b3b1998b5288afc93b5c9a0355b99dc30aee674d1b0d1fc242056c68
2023-03-31 18:37:13,False,2.773e-10,8.778e-13,21785523566.0,0.1912,0x01...334d,https://bscscan.com/tx/0xf047deae7869219b56e5bb4677a33683109c09c13b27049259ff3c5af5f786af
2023-03-31 18:37:07,True,2.802e-10,8.822e-13,56994390828.0,0.5028,0x92...19a5,https://bscscan.com/tx/0xd47cf2232f2f5153c21f27d2e61ca7ed024cfdacb6843f1d156f8a06a44b92fe
2023-03-31 18:36:43,True,2.801e-10,8.821e-13,1738024701.0,0.0153,0x32...befe,https://bscscan.com/tx/0x806e2a98ade4790b7a0fc955dd9fc17fdabf2a06c1b171d2488e7eec15ccb07a
2023-03-31 18:36:16,False,2.787e-10,8.778e-13,92705123219.0,0.8137,0x9d...ea73,https://bscscan.com/tx/0xeb48d889b501cfdda3ed5541c5976d8c92207690db20074beceaf139c0724fb0
2023-03-31 18:35:30,True,2.787e-10,8.822e-13,2199469551.0,0.0194,0xf9...b215,https://bscscan.com/tx/0x1279b2a7fc9ba2e835a6f91dcc3001cb44433e86300f7cd5dab7e85bc8e9ff07
2023-03-31 18:35:22,False,2.773e-10,8.778e-13,13871721694.0,0.1217,0x13...9d3e,https://bscscan.com/tx/0x07a9ec09572533804c95951cc5bbf0887469ed257433a604a45038a1b902f8bb
2023-03-31 18:35:19,False,2.787e-10,8.778e-13,13602410092.0,0.1194,0xd5...abc6,https://bscscan.com/tx/0x4ea9855f95d3cf9ecc020ea278611d218263869d1d24c0e8ec16f8911d4b25c9
2023-03-31 18:34:25,False,2.787e-10,8.778e-13,68857106639.0,0.6044,0x9f...44f1,https://bscscan.com/tx/0x89a64521de75d9dfec2f3051768dde42f121db13beddbf1a63ea1aada57524d9
2023-03-31 18:34:10,True,2.787e-10,8.822e-13,11377440420.0,0.1003,0x31...13aa,https://bscscan.com/tx/0xf4bc58080606504898a23edf215ceefc7813137c6a4b94f62509176347765547
2023-03-31 18:33:07,False,2.773e-10,8.778e-13,4216675874.0,0.037,0x78...2280,https://bscscan.com/tx/0x1897c148cdcedd42a255797468cbb95415b68dd46df2edc7d2865b2bfa2e3326
2023-03-31 18:33:04,False,2.774e-10,8.782e-13,2061263611264.0,18.1039,0xee...3f6f,https://bscscan.com/tx/0x5b5a7cb6e67fcde1524a9e118302e74a23766b8eb4987e2d8d2c14f5c115310b
2023-03-31 18:31:52,False,2.789e-10,8.787e-13,5265820210.0,0.0462,0x21...ba97,https://bscscan.com/tx/0x98ce87cf54a867e9216ef42a13b0f646e4833e10f57154633de534d153365415
2023-03-31 18:31:46,False,2.789e-10,8.787e-13,10069836926.0,0.0884,0x2d...fcf8,https://bscscan.com/tx/0xf24d68df948e5368791f8019f32dca9fc1d9468c1b8958abc10463f5af4956d2
2023-03-31 18:31:31,False,2.789e-10,8.787e-13,54285529520.0,0.477,0xde...f3c4,https://bscscan.com/tx/0xf60c7d5220828d4161b658cb53abbb300b1980b86d1e87c7934abe1ec6db3d97
2023-03-31 18:31:01,False,2.789e-10,8.788e-13,318365894219.0,2.79786,0xa8...8033,https://bscscan.com/tx/0xa0c341bd25229ad4c6b764d60af697c14c8bf27ee1ecb3fdb70bcc0ac1bec1e5
2023-03-31 18:30:43,False,2.789e-10,8.788e-13,51120879922.0,0.4493,0xfd...0fc1,https://bscscan.com/tx/0x08bf0b585ebe33abae64fab89d97d88e6313bef888896e2375ca6351b923ea43
2023-03-31 18:29:19,False,2.776e-10,8.789e-13,421336422688.0,3.70354,0x4e...a98f,https://bscscan.com/tx/0xadce87cb1cea753de6ce63589d9375d272bcbc5b6bc6254d09e4e5e22d756130
2023-03-31 18:29:13,True,2.79e-10,8.834e-13,13951596133.0,0.1232,0xc0...4d52,https://bscscan.com/tx/0xc5c8a100b202479ad1d7fa592175cababcc9feea97bb88f16be0d72b9995589d
2023-03-31 18:29:07,True,2.79e-10,8.834e-13,3440711784.0,0.0304,0x08...b1aa,https://bscscan.com/tx/0x4db811b80a845a1094b588afd57706b8c7b7c2769a0fc6076d89c56f262a59dc
2023-03-31 18:29:04,True,2.79e-10,8.834e-13,7765179369.0,0.0686,0x0d...b93f,https://bscscan.com/tx/0x12eee31eba92ac3aadcf94825edfb4076849debdd7ccbf63a40f1b8940485f81
2023-03-31 18:29:01,True,2.79e-10,8.834e-13,3386989888.0,0.0299,0x1a...6018,https://bscscan.com/tx/0x36fd3a773de89dd4c0d450a8717d8c5a3a36d7c04507c919b13f8afbccfe3cf4
2023-03-31 18:28:52,False,2.791e-10,8.79e-13,32537334671.0,0.286,0x37...51af,https://bscscan.com/tx/0x567f5baf36362c4e7e934d726e0c3d2e79bb3ef0a99b10aa4a92de988c48dd77
2023-03-31 18:28:07,True,2.791e-10,8.834e-13,33956155555.0,0.3,0x10...625e,https://bscscan.com/tx/0xfccc30ec76e342a69b4799fbd9a5a97f1c479b68eb7c3f8b4341906c90a8d2be
2023-03-31 18:28:04,False,2.777e-10,8.79e-13,15439391568.0,0.1357,0x64...c1ad,https://bscscan.com/tx/0x92808c1f0265d9ef6854025cde9292ed1cd27de7f7317766b089770fff80be72
2023-03-31 18:27:49,True,2.791e-10,8.834e-13,22837240923.0,0.2017,0x4f...b423,https://bscscan.com/tx/0xb3bb16bf7b57283af66cea7155f1c91f007229b072ac44e0b78ea426a6c17c6e
2023-03-31 18:27:49,False,2.777e-10,8.79e-13,2699591202.0,0.0237,0x04...5b79,https://bscscan.com/tx/0xd8109d33b3158631c1690ed2f39c15083ce10c01f8a951101384d9d70ff4f742
2023-03-31 18:27:34,True,2.804e-10,8.834e-13,359970078212.0,3.18,0x31...bc0d,https://bscscan.com/tx/0x551775b4505f6abd9298d6f69fb5aca13ca6b87b66062f6b1dcaaedc893ffc67
2023-03-31 18:26:52,False,2.79e-10,8.789e-13,2957145267.0,0.0259,0xf0...1753,https://bscscan.com/tx/0xf62a91926427f8468b203f579f2c3a75761a6cd6f8e27d7092afd3deaed5e7ae
2023-03-31 18:26:04,True,2.804e-10,8.833e-13,3436350000.0,0.0303,0x7d...5f6c,https://bscscan.com/tx/0xcecfac386c971f609942a56eaabf12d2b16ead733daeeba6f725ab3c85417426
2023-03-31 18:25:13,True,2.804e-10,8.833e-13,17503978870.0,0.1546,0x7c...d5fd,https://bscscan.com/tx/0x41e9e1f884d426d97687fa60bc4cf407eb4ffdc8ef19a5e0c155e357d482d08e
2023-03-31 18:24:37,True,2.79e-10,8.833e-13,783699580.0,0.0069,0x1a...6018,https://bscscan.com/tx/0x541f643e31f0bea10abc70d47a2565a24d26b8d024d8d1f88e8d4d35b01d31a3
2023-03-31 18:24:07,False,2.79e-10,8.789e-13,29392335998.0,0.2583,0xd5...c01e,https://bscscan.com/tx/0x4df451821555649715cf924d70a3bfd4a11f69411c3b82b60358f0ffe31e4580
2023-03-31 18:23:58,False,2.776e-10,8.789e-13,188973329268.0,1.66101,0x1f...a5ab,https://bscscan.com/tx/0x81817d22e7af7f5b6638afb557cee22356464c0b9153e19ead8c2e2b9da51402
2023-03-31 18:23:58,False,2.777e-10,8.79e-13,69905908759.0,0.6144,0xf9...c60d,https://bscscan.com/tx/0x01658dfc0b65fbbd258f867a19688a727a5887b0c5a500adc761940b37c6dc16
2023-03-31 18:23:22,True,2.803e-10,8.834e-13,19242951394.0,0.17,0xfb...dc85,https://bscscan.com/tx/0xab3093889448325ecbef509069e2f9413be115bb6de0f6d8001109dae7c0f09b
2023-03-31 18:23:04,False,2.774e-10,8.79e-13,104594622442.0,0.9194,0x05...3fac,https://bscscan.com/tx/0xbf93c5c7b366b90a15cb2d7ba3a019b210e23b9670f4a6cebaba78cb021d4a8a
2023-03-31 18:22:37,True,2.804e-10,8.834e-13,5322953936.0,0.047,0xf9...b215,https://bscscan.com/tx/0x9643beb35cdec64563d13201837fec87974c9776e98d9626326079878dd7cdb8
2023-03-31 18:22:19,True,2.804e-10,8.834e-13,383839663.0,0.0033,0x1a...6018,https://bscscan.com/tx/0x0230f38d5b976da05b2541bd12d7d21336c55ddfeedad6ef9c775c9e789fd874
2023-03-31 18:21:31,False,2.79e-10,8.791e-13,191216819263.0,1.681,0x9d...4811,https://bscscan.com/tx/0xac4346f6bd2f9a4733d9e04615e2639d9de83aeabc6dfcc306c2ac8f80ba7350
2023-03-31 18:21:25,True,2.804e-10,8.835e-13,17410956636.0,0.1538,0x80...f863,https://bscscan.com/tx/0x25247c1e964987098e7ce24e9f9a4b8ea1d982169ab3391f15ffa0bae9f31ff4
2023-03-31 18:21:19,True,2.79e-10,8.835e-13,2263593249.0,0.02,0x9a...7244,https://bscscan.com/tx/0x254fe0cc5e50899d2b2ad1dc20ab6a2d0f60345ddc436488d2838d8cee57b9ce
2023-03-31 18:20:43,False,2.776e-10,8.791e-13,26046641261.0,0.2289,0x28...bda2,https://bscscan.com/tx/0x8d282adffbb3825050ad39fc90cf082a17f78f1cb70a2980a13314eff14e3498
2023-03-31 18:20:22,True,2.804e-10,8.835e-13,35085572833.0,0.31,0xac...1d1b,https://bscscan.com/tx/0x82a072c3b022b209d6c167c28bbb506d4cb0137fe215998514e4f20e55b5bd74
2023-03-31 18:19:58,True,2.803e-10,8.835e-13,5528470902.0,0.0488,0xb0...1747,https://bscscan.com/tx/0x93a725afc55d16069bf7592af0f516128b9d2d9c9137ce1288c3669c551a1105
2023-03-31 18:19:52,False,2.789e-10,8.791e-13,148500000000.0,1.30556,0x69...7e33,https://bscscan.com/tx/0xed4ee67de2fb8a977e2b2c144a25e6a61551d302b11d4f3cfce80fbd5d1c46b9
2023-03-31 18:19:52,True,2.803e-10,8.836e-13,3109371012.0,0.0274,0x98...c9af,https://bscscan.com/tx/0xb99261a667da3d254e814acfff7012cea406ade5cfac4ec2aee18c6e4e8f8f91
2023-03-31 18:18:55,False,2.789e-10,8.792e-13,306000000000.0,2.69053,0xff...698a,https://bscscan.com/tx/0x7fe7eb0590146104001ba8acc2f40bebcaa39692d5115fed1e8df863be5184ff
2023-03-31 18:18:10,False,2.789e-10,8.793e-13,64918203728.0,0.5708,0x21...466d,https://bscscan.com/tx/0xf3fa30f779b250f960bfcf5c2ac0b2ca6bdd3a79dcfba387ee32cc89d2df6236
2023-03-31 18:17:13,False,2.789e-10,8.793e-13,58887001831.0,0.5178,0x05...85a9,https://bscscan.com/tx/0x1110da169bec0de77a2a59acedba5321cafd6c6f228d49e133f6ee73efe1d730
2023-03-31 18:16:52,True,2.803e-10,8.837e-13,40378093237.0,0.3568,0xf6...74b7,https://bscscan.com/tx/0x36677d1f23b71976d60e56a5da47056ae415a14861913bdce525679fe1d6a108
2023-03-31 18:16:40,False,2.775e-10,8.793e-13,140721483074.0,1.23749,0x5a...0bcd,https://bscscan.com/tx/0x2581ffcaa6e1833617c829540b3ce8aedf4bd9823b916ef6ab43143bfc9e7f5f
2023-03-31 18:16:37,True,2.789e-10,8.838e-13,3507466166.0,0.031,0x16...4be6,https://bscscan.com/tx/0x69d8de4a0cf12b9a70db1dd6534bd02c0a69419914091d6f7bc005bb3dbac440
2023-03-31 18:15:04,True,2.789e-10,8.838e-13,59491680479.0,0.5258,0xd3...a97e,https://bscscan.com/tx/0x3b3d1246ef2e40e15a74e9ed75e95f059b9e5ee9441994c017df16beedebf876
2023-03-31 18:13:28,True,2.803e-10,8.838e-13,2256160205.0,0.0199,0xe5...ae7d,https://bscscan.com/tx/0xbbdd726599f41847ce7770c81fdb39058f759ba8b87e25221a449cb3f2cf341b
2023-03-31 18:12:40,True,2.787e-10,8.837e-13,53413751972.0,0.472,0xb4...f0a4,https://bscscan.com/tx/0x0c95e342119324782de68cc4302da267eb4db681aeb77aad2d4224aead5071bb
2023-03-31 18:11:34,True,2.788e-10,8.837e-13,13913326452.0,0.1229,0x18...9686,https://bscscan.com/tx/0x718bcc428147252dba009bdc5b417bceba16e364b2ab95fe935df98c16ac17b9
2023-03-31 18:11:01,False,2.788e-10,8.793e-13,21791212107.0,0.1916,0x06...83ef,https://bscscan.com/tx/0x176855b05a183e1cd20c7dad33dc7052d80bb8de7861136005e707f3a02a5225
2023-03-31 18:10:58,True,2.802e-10,8.837e-13,2000000000.0,0.0176,0xa1...8d04,https://bscscan.com/tx/0xa0b60f9bd5093a66ea94b88b9dcb98899230416ca9742cb0a955f95d3dbcb82e
2023-03-31 18:10:31,False,2.789e-10,8.793e-13,90000000000.0,0.7914,0x1f...4f4f,https://bscscan.com/tx/0x22b46b0f31954e10c27e4f654db8a4d8450384608fea90b128886f5c33d27ea9
2023-03-31 18:09:28,True,2.788e-10,8.837e-13,328146992806.0,2.9,0xa4...cc9b,https://bscscan.com/tx/0x5107c2090970fddb2dca8b7d62fb265f3b46e67bd46c1aea8229623d2c9e7b03
2023-03-31 18:09:07,True,2.788e-10,8.836e-13,13579607064.0,0.12,0xeb...2e5e,https://bscscan.com/tx/0x949635ffabb1f8c122a6e43d04868774d985865c4ca581af2c3f809e9eedcfb2
2023-03-31 18:08:43,True,2.802e-10,8.836e-13,4082886543.0,0.036,0xd3...a64c,https://bscscan.com/tx/0xeb173dd7312a93f1c9c7676aaf10dda6823237758d18dc8ac594539655badf07
2023-03-31 18:08:07,True,2.802e-10,8.836e-13,3557721661.0,0.0314,0xd8...9c1f,https://bscscan.com/tx/0x63f1ef96c3af1f681857a2442d58d935d5c8554a849cc582e3e39632d72c84cc
2023-03-31 18:06:52,False,2.787e-10,8.792e-13,45000000000.0,0.3956,0x9b...d3d0,https://bscscan.com/tx/0xf213032a833029438d8e0ac4c6e52d1e8f7eb1b7d5289f63a0f98e5a700bf93a
2023-03-31 18:06:28,False,2.788e-10,8.792e-13,4752956205.0,0.0417,0x22...6056,https://bscscan.com/tx/0xb6247b505b592c527194921589cb06d320baca792a79d14f56e8051c5ac905b6
2023-03-31 18:04:58,True,2.802e-10,8.836e-13,400000009.0,0.0035,0xce...c1a8,https://bscscan.com/tx/0xca073feed016ebe190e103c5e0a06edbb596429d5a182c1923bda4c23ce822bf
2023-03-31 18:03:37,True,2.788e-10,8.836e-13,7525339950.0,0.0665,0x18...8f77,https://bscscan.com/tx/0x251d0735bbf3e7de79eac1292bf38c1d5427223269de00d10cb0bcb282e7111b
2023-03-31 18:03:34,False,2.774e-10,8.792e-13,29976660765.0,0.2635,0x6d...4cb6,https://bscscan.com/tx/0x5aecc5ea5548545f1c48717bb1d3ce813c0e2841a64bfe55e403cc797628bbfa
2023-03-31 18:03:31,False,2.774e-10,8.792e-13,4351046113.0,0.0382,0x74...1ebd,https://bscscan.com/tx/0xb1ee3c63732c1a42174b4059b8e01da585a9cf31cf67b534422fc00122a1f1d0
2023-03-31 18:03:31,True,2.788e-10,8.837e-13,4595109576.0,0.0406,0x75...ae93,https://bscscan.com/tx/0x50bd00b6a682e28fe264f5ae88039e187085aeb938805fea5a52ce35d062aa96
2023-03-31 18:03:31,True,2.788e-10,8.836e-13,17879404817.0,0.158,0x68...95a8,https://bscscan.com/tx/0x80d5b40a909f60f717a1fd0ad10d569d35e4530976c9dcda3983393b3594a137
2023-03-31 18:02:52,True,2.787e-10,8.836e-13,113161277.0,0.001,0x66...9dc9,https://bscscan.com/tx/0x715a6e61f8129ba62d06a20dc00e88fcc410cbd99c553800e8d39b59704eb228
2023-03-31 18:02:31,False,2.773e-10,8.792e-13,4563200369.0,0.0401,0x6c...bf22,https://bscscan.com/tx/0x27b9767470529c574054fc46970fd8da4983efec86eeb7250c8d92e7c207cb51
2023-03-31 18:01:52,False,2.787e-10,8.792e-13,27935156039.0,0.2456,0xf8...b4c0,https://bscscan.com/tx/0x769977148481b58cfa4bc62609cd0432def051743b4c0de7b87b6d3a995b37d7
2023-03-31 18:01:46,True,2.801e-10,8.837e-13,11315982941.0,0.1,0x7c...d274,https://bscscan.com/tx/0xaa9a3ecf4e86edb18dc168b9645b5f470ec63c303627580cda63b10fa6b9ca13
2023-03-31 18:00:40,True,2.787e-10,8.837e-13,769489066.0,0.0068,0x2d...df9b,https://bscscan.com/tx/0x7905d6bf15232c905c6009b3a627801cee8c3e764e5cd3e65c8b40608222c7e1
2023-03-31 18:00:40,True,2.787e-10,8.837e-13,6000000000.0,0.053,0x62...183d,https://bscscan.com/tx/0x36248a3164167d9374d92417ee37966563a867923e9e5bc4ccffe4280836e63b
2023-03-31 18:00:22,True,2.801e-10,8.836e-13,5771193648.0,0.051,0xd2...7f3c,https://bscscan.com/tx/0xaa76979b1158e90ffb4ca3169c3fb0e7ea83c01165b029b2bb17a52928ee45df
2023-03-31 18:00:19,True,2.801e-10,8.836e-13,34457753399.0,0.3045,0xbd...35e0,https://bscscan.com/tx/0xb330ff0b78cb7387afc9e4a1b75ebb46b7665c99768346a36551df7520ec2c7b
2023-03-31 17:59:58,False,2.773e-10,8.792e-13,24260310000.0,0.2133,0xdf...ec24,https://bscscan.com/tx/0x919e146c1e6d2618e798d580cdc81c0489a2c1e04018b3dc033f67a664deb5c5
2023-03-31 17:59:10,True,2.802e-10,8.836e-13,9226612423.0,0.0815,0xd1...c85e,https://bscscan.com/tx/0xa3fde7ccb2cb39b19e14982e3b40ff581b9b23d143a6f5671364d389ef4c5279
2023-03-31 17:58:37,True,2.802e-10,8.836e-13,1887082020.0,0.0166,0xab...b433,https://bscscan.com/tx/0xf19abc1ab2484c1d5016d3b8d6bf2641413d3e30ce0f635aa37a55efe4b2a74b
2023-03-31 17:58:19,True,2.802e-10,8.836e-13,1131620060.0,0.01,0xb2...5fc8,https://bscscan.com/tx/0xa71a0d17cc5e09719fbd33d21f1213581851c59efce9c8e6b3cf6dfaa87381be
2023-03-31 17:57:19,True,2.788e-10,8.836e-13,7538785014.0,0.0666,0xc0...c64b,https://bscscan.com/tx/0x216a141afb1f5291e98c66fd3b402a9495e6731f0e3b6a977a30df97ce0ab7ac
2023-03-31 17:56:28,True,2.789e-10,8.836e-13,12558480007.0,0.1109,0x92...fa09,https://bscscan.com/tx/0xf192adf2886b591cde105176742586ab0938f5f40347fd776248ec52b85259f4
2023-03-31 17:55:46,False,2.788e-10,8.792e-13,33079719901.0,0.2908,0x91...a792,https://bscscan.com/tx/0xe28b9053ef1b89ebd53a40edc822742018d9125937f07caca239fa86955383cd
2023-03-31 17:55:43,False,2.788e-10,8.792e-13,44623655627.0,0.3923,0x9d...1799,https://bscscan.com/tx/0x4cb27c7085d2c4b6ad4b51c772ef8ed24d83e53bcdb366a9fbd3b700db645d00
2023-03-31 17:55:10,True,2.787e-10,8.837e-13,4526360000.0,0.04,0x59...3c17,https://bscscan.com/tx/0x1d7a9b8e45d48cf6e6c4a9c0c2255fcb7de1ab8cec506dbe892db2e826dc7246
2023-03-31 17:54:40,True,2.789e-10,8.837e-13,1045862169.0,0.0092,0x43...69e1,https://bscscan.com/tx/0x0a5d787864ec715b4055f1a9afefe2d4c201c8a2d3e957808109a6ceca5807e5
2023-03-31 17:54:28,True,2.803e-10,8.837e-13,38390000.0,3.392e-05,0x1a...6018,https://bscscan.com/tx/0xb3c140767a3447838bebf0a82385d664960d2065f25ffa53f7e6cab10139660c
2023-03-31 17:54:19,True,2.803e-10,8.837e-13,10000000.0,8.837e-06,0x40...d0d3,https://bscscan.com/tx/0x4bdf32c12787041bb04ce8d0f3f3544ab9dc6ccd561c4a8d9bbb7b6e621be72b
2023-03-31 17:54:13,False,2.789e-10,8.792e-13,7473219760.0,0.0657,0xa3...2365,https://bscscan.com/tx/0x922b88f16c7ebee679c0448f35309fcb92238b8959a16a40121d999ed6a0b519
2023-03-31 17:53:55,True,2.789e-10,8.837e-13,15085267554.0,0.1333,0x56...e89d,https://bscscan.com/tx/0xf3b9b56b0de78d6ae102deaaec7d2b43dcd68cc885fbba9a64ca2823a6ebf371
2023-03-31 17:53:16,True,2.789e-10,8.837e-13,33948500008.0,0.3,0xcb...48ac,https://bscscan.com/tx/0xb05028084ac92b2453f3d24ca15652aec5a5b0a6bd1c0042daf1de9c9a558e58
2023-03-31 17:53:10,True,2.789e-10,8.836e-13,5000000000.0,0.0441,0x62...183d,https://bscscan.com/tx/0x03b2a766204e249d67eba6b803efe6bbaed3b3cfdbcf953cef9fe9962ad6d795
2023-03-31 17:52:57,True,2.789e-10,8.836e-13,17928328655.0,0.1584,0x13...3828,https://bscscan.com/tx/0x01751f6509aa225f22db10ceb28851b769d7fd48080643f8a46630d9f08eeffb
2023-03-31 17:52:33,True,2.803e-10,8.836e-13,226325465.0,0.002,0x8e...13de,https://bscscan.com/tx/0x945346c1616818463294cb443a3459df73373f5d179a5650ba781d514e73825d
2023-03-31 17:52:18,True,2.803e-10,8.836e-13,7980000000.0,0.0705,0x85...92fe,https://bscscan.com/tx/0xba3ee9ab51d6102c0396707a9ac5ac95ea5766f3846c91d33c1659c6933501d6
2023-03-31 17:52:00,True,2.803e-10,8.836e-13,458065377.0,0.004,0x12...3b30,https://bscscan.com/tx/0xf3cf133b8e10de8cb4b8953a04f80f3c8d51345133540fcacee924a8a33df4d8
2023-03-31 17:51:12,False,2.791e-10,8.792e-13,1800000000.0,0.0158,0x6e...629e,https://bscscan.com/tx/0x16b7d3cab1b3c99f1f6aa154c37e1376f6de5ddd9dcfa1698da78bf4ed84bfc1
2023-03-31 17:51:03,True,2.805e-10,8.836e-13,3310920657.0,0.0292,0x3a...f743,https://bscscan.com/tx/0x472dd38cdc7281b623a26b0d08cf6613dd8d2dcefec87d6fb980113904cb821f
2023-03-31 17:51:03,False,2.791e-10,8.793e-13,171000000000.0,1.50361,0xee...33ad,https://bscscan.com/tx/0x5d6e8b1c9c2ea1545bc84d6c4a8a159e3b5e9d74805b7eec412793440f3fe733
2023-03-31 17:51:00,True,2.805e-10,8.837e-13,20153187361.0,0.1781,0xc3...4506,https://bscscan.com/tx/0xc55c3209e8bd0e044500624803e493e224c17fe36b0031fa8bc07a97774e08ee
2023-03-31 17:50:57,True,2.805e-10,8.837e-13,50327871072.0,0.4447,0x8e...6630,https://bscscan.com/tx/0x5464141376da65178502afbf35d95bc58a048be9cf8318ccf341cab61108c2dc
2023-03-31 17:50:33,False,2.79e-10,8.793e-13,22507927567.0,0.1979,0x58...1c77,https://bscscan.com/tx/0x6a7a431c6c9078d59427d9a6a3c01c279735e7a687ee2e507dcfb778eb29eedd
2023-03-31 17:50:15,True,2.804e-10,8.837e-13,2448600000.0,0.0216,0x07...2988,https://bscscan.com/tx/0x776189f816d82cfc6ea87d4635826380946c5ab6eb85d1040462d759015d72d2
2023-03-31 17:49:12,True,2.79e-10,8.837e-13,4000000000.0,0.0353,0xe3...bf59,https://bscscan.com/tx/0xf61f73f2ca7b78cfef72a7b62037bfd397f3beac238cd3823ec275f961c9dc32
2023-03-31 17:48:42,True,2.804e-10,8.837e-13,1580000000.0,0.0139,0xc1...c5f1,https://bscscan.com/tx/0xe0b297838410093dce225b95f963c661b3fecdae53ff57e48d98fff372086d15
2023-03-31 17:48:36,False,2.79e-10,8.793e-13,1404900374.0,0.0123,0x92...0bde,https://bscscan.com/tx/0xdcdedb6515c93148a39d9aa6e9ce8f9afae011fa599861ccd04bb5d2e9c38c21
2023-03-31 17:47:39,False,2.776e-10,8.793e-13,7741387572.0,0.068,0x70...3270,https://bscscan.com/tx/0x7319b93bdc4abea598c241540afce3d757892e19b80889237d156dc296833035
2023-03-31 17:46:30,False,2.791e-10,8.793e-13,73317105833.0,0.6447,0x28...ba75,https://bscscan.com/tx/0x16a548b854751910f02f21c58122cf8660802aa748e660ccb15f8e3b8bc8a591
2023-03-31 17:45:39,True,2.791e-10,8.837e-13,4000000.0,3.535e-06,0x62...183d,https://bscscan.com/tx/0x4d9b734f837e458ed0932d73296425a43ff265a7980ede03447eaaa1846f0dea
2023-03-31 17:45:12,True,2.804e-10,8.837e-13,2263053354.0,0.02,0x12...3b30,https://bscscan.com/tx/0x37b7d65a552a73e5a2c2d6e642b6aecc4afdbbba68250e05a1b9d83677e21d3d
2023-03-31 17:44:57,True,2.804e-10,8.837e-13,4526114076.0,0.04,0x07...31a8,https://bscscan.com/tx/0x1b9e9b8a1c989ca62e8398d96a57b5626b33e2dd3af007b5096ac11300f566fd
2023-03-31 17:44:51,False,2.79e-10,8.793e-13,4896051421.0,0.043,0x91...208c,https://bscscan.com/tx/0x5e6ae63451977bd574c7b349290511a9cfbf975202902ce1f79ae8967e4f1790
2023-03-31 17:44:39,True,2.804e-10,8.837e-13,40000000000.0,0.3535,0x62...183d,https://bscscan.com/tx/0x31ef2dc3d1e0632a119055e9da221e9d3a6eff22c593b36bebec582cb4ee5930
2023-03-31 17:44:36,True,2.804e-10,8.837e-13,3394640001.0,0.03,0x5d...6f9e,https://bscscan.com/tx/0x42961b2580e162e56109bc2664263eb837248e98efe81e82a551c5ecc20eea01
2023-03-31 17:43:57,True,2.792e-10,8.837e-13,9446906981.0,0.0834,0x0e...128c,https://bscscan.com/tx/0x62b311228311a626e642894b621a00794e2142de3472849718a261a26bb61342
2023-03-31 17:43:24,True,2.793e-10,8.837e-13,40000000.0,3.534e-05,0x2c...705d,https://bscscan.com/tx/0x2076d62b06b277a921fd1cd0517597ae7d11c45a44edb96a3795cfcc8c6e7c72
2023-03-31 17:42:45,True,2.796e-10,8.837e-13,3359301001.0,0.0296,0xa7...3663,https://bscscan.com/tx/0x00f760a16aad7c031cf23116ac17bc15791f7af09d27ea7939e366371a8fa1cf
2023-03-31 17:42:30,True,2.809e-10,8.837e-13,1265875993.0,0.0111,0xf3...9a14,https://bscscan.com/tx/0x859e4c75e060efc8e849ca59227430a0488f3f6438fa10f14220868242b32c70
2023-03-31 17:42:24,True,2.809e-10,8.837e-13,18798188205.0,0.1661,0xf8...5b54,https://bscscan.com/tx/0xa2b8a29f6eecfd78bd15b0e1dc4ba40c2cd61ea8c70ca58a43ef9d95f80935fc
2023-03-31 17:42:18,True,2.809e-10,8.837e-13,33468641474.0,0.2957,0x53...9f85,https://bscscan.com/tx/0x5ecd8382580391d9292679712ac3eb287f1d28a0e8545b6e344480b3aa163691
2023-03-31 17:40:48,True,2.8e-10,8.837e-13,5092213971.0,0.045,0xd9...ad8a,https://bscscan.com/tx/0xbce142a3e45ff279f84ace8c377a9481136a4ebd5bbeec15c148a6fc77ad855f
2023-03-31 17:40:36,True,2.8e-10,8.837e-13,16370723968.0,0.1446,0x0e...5899,https://bscscan.com/tx/0xe45b62716bcac6ab83e1851d033a888653112445438ddf9217c6f613925f9160
2023-03-31 17:40:27,True,2.814e-10,8.837e-13,1810558027.0,0.016,0x80...f793,https://bscscan.com/tx/0xa71b204cd3ea1f5dd7755a0b5cdfd4712e821b6ea51e46e68fc04add0e6df91a
2023-03-31 17:40:24,False,2.8e-10,8.792e-13,34200000000.0,0.3007,0x1c...3c2a,https://bscscan.com/tx/0xc04c466edfb328fddef333a4e909330bf50e90fe6606f465d49e90c7dcab7712
2023-03-31 17:39:51,True,2.814e-10,8.837e-13,7912542474.0,0.0699,0x7c...48ab,https://bscscan.com/tx/0xe5b6fb01d73a2ab7154b219557c1419ae359b00d60eda5648bc1ecaf0876b627
2023-03-31 17:39:39,True,2.814e-10,8.835e-13,746979995520.0,6.6,0xe2...e095,https://bscscan.com/tx/0xaeb0a176ccaa6df6d77ac4709ed2e2a1b0062309094a688e4aabaadc074cf11b
2023-03-31 17:39:21,False,2.786e-10,8.789e-13,27370355912.0,0.2405,0x69...c479,https://bscscan.com/tx/0x164e5f91513dba1ad2bd56f616a4011f5b41b034631a3818dc785248993f912a
2023-03-31 17:39:00,True,2.8e-10,8.833e-13,90560000853.0,0.8,0xd2...c44c,https://bscscan.com/tx/0x2f65cd95828394c54a5f07692d3e6cd96d2e93b979a485d75bf0e72729b26fd8
2023-03-31 17:38:57,True,2.8e-10,8.833e-13,13949885235.0,0.1232,0x6e...6407,https://bscscan.com/tx/0x33a2468e2cfb286e3fa23d36586dbe99b6d9afc43ce4f4069b3369547e29e83a
2023-03-31 17:38:42,False,2.8e-10,8.789e-13,46969484273.0,0.4128,0xb9...675b,https://bscscan.com/tx/0xbc295cf162738ee486ef0d1e0594589dba689fe977f420b3980bc6f590a3082b
2023-03-31 17:37:48,True,2.814e-10,8.833e-13,56197552256.0,0.4964,0x86...df43,https://bscscan.com/tx/0x41d9578232febca45ec0b763ce17dbe43ac669c8f587e6bcd05c675666d8f13a
2023-03-31 17:37:09,False,2.786e-10,8.789e-13,45571696407.0,0.4005,0x7e...b6a3,https://bscscan.com/tx/0xac239107c91ab5c464fbc65f70cf255e26b1681a7579f19f74ff9333c8dc2476
2023-03-31 17:36:03,True,2.801e-10,8.833e-13,15000000000.0,0.1325,0xa8...b2eb,https://bscscan.com/tx/0xc7e43436656b928ae0938e9687b7189cf544f3f0f72e87800c890a32abf5b0cc
2023-03-31 17:35:06,True,2.801e-10,8.833e-13,18578868327.0,0.1641,0xbd...5de9,https://bscscan.com/tx/0xca8a8dd1142f397a6f2d9163d9d72b344d15aa155e3ab8936221c44c56cdf21e
2023-03-31 17:35:00,True,2.815e-10,8.833e-13,2999555203.0,0.0265,0x5f...1775,https://bscscan.com/tx/0xd629df407befcacffad2c349be60567a0ededa004aead88242714f8fc7212a1f
2023-03-31 17:34:54,True,2.815e-10,8.833e-13,1549259919.0,0.0136,0x23...b03b,https://bscscan.com/tx/0xf9a45112988e47442b08bc75d669980c0b54430fdb8fd22814e3560abfb48695
2023-03-31 17:34:15,False,2.801e-10,8.789e-13,47844181592.0,0.4205,0x55...d212,https://bscscan.com/tx/0xb4062725227d44585426ef99b9a56e3394b581fe5cbd8c87d679040ba400e2dd
2023-03-31 17:33:15,True,2.8e-10,8.833e-13,3244673256.0,0.0286,0xa6...3186,https://bscscan.com/tx/0xa1ce3d9ef74f0295bbade8a4feced4204cf6353ffffc85dc3cfe659ab4f32cb0
2023-03-31 17:32:51,False,2.8e-10,8.789e-13,6416957304.0,0.0564,0x94...71c9,https://bscscan.com/tx/0xbd24cb7c8ca596d802eea4c9ff14f5a9b759c998af0af56f728827ecf4ee525f
2023-03-31 17:32:06,False,2.799e-10,8.789e-13,2204327842.0,0.0193,0x4a...2bb0,https://bscscan.com/tx/0x6ff2bb3129c732342061728242cdba5bc2e59a792122c4a4fc4eeed6cc5c3f98
2023-03-31 17:32:00,True,2.813e-10,8.833e-13,87000000000.0,0.7685,0x93...fe2b,https://bscscan.com/tx/0x4d2d11f60fb3d99f8ae01e3e91dba735418438b1b51265b0a0a69fa09f6399ec
2023-03-31 17:31:39,True,2.799e-10,8.833e-13,16980843264.0,0.15,0x4f...b423,https://bscscan.com/tx/0x3bc7943008b132e948ee047e37dbf9d978c3b1e6d6558b04fdf62731852d1915
2023-03-31 17:31:06,True,2.8e-10,8.833e-13,1132061125.0,0.01,0xbd...e703,https://bscscan.com/tx/0xcc22f582417fb9678ae7d6f41bef50576d5f77b8f2957ebf66f3dc0488fa0476
2023-03-31 17:30:42,True,2.801e-10,8.833e-13,620000000.0,0.0054,0x57...1063,https://bscscan.com/tx/0xedcafaa9b6988f13ec52ef297b3c38c2e01885d37e98b9d118dbaf2913a5d42f
2023-03-31 17:30:36,False,2.787e-10,8.789e-13,3011782562.0,0.0264,0xaa...816b,https://bscscan.com/tx/0x282ba3a23616a9932df395bdf298d0b9ff576442efe8af46d2c71565136fbb37
2023-03-31 17:30:33,False,2.787e-10,8.789e-13,48261455625.0,0.4241,0x72...54f3,https://bscscan.com/tx/0x7cdd638157c6e35099ec59e35f5c876e8c60b2595e60fe9ae8cef3317db38527
2023-03-31 17:29:51,False,2.787e-10,8.789e-13,140259659282.0,1.23286,0x09...639f,https://bscscan.com/tx/0xdb5271571b801778878c3b7cbafeeda2aec2b93fcf849b2133ca6e44ff088e26
2023-03-31 17:29:42,False,2.802e-10,8.79e-13,58530957672.0,0.5145,0xb9...a4dc,https://bscscan.com/tx/0xf079786a90c6f770ffe84e1ee5beb3ed478ded5bdd51c4236f12a0724592b4dd
2023-03-31 17:29:42,True,2.816e-10,8.834e-13,40127213648.0,0.3545,0xbd...e703,https://bscscan.com/tx/0x2f0f0529be2a3b8879155092bc8f19b481a106d25fa004a6c7bddc83d2595f25
2023-03-31 17:29:18,True,2.816e-10,8.834e-13,7893701148.0,0.0697,0x6c...50af,https://bscscan.com/tx/0x55ebb8c1a55c8fb6b2f8efdf912419669287d77e430a6d26eb5a55bade77b54c
2023-03-31 17:28:51,True,2.816e-10,8.834e-13,32918800000.0,0.2908,0x7e...a90e,https://bscscan.com/tx/0x32025c32f574e0a90ace6b776d6b035388177f4c48d36ae951a246a53d678ff4
2023-03-31 17:28:39,True,2.815e-10,8.834e-13,373981186.0,0.0033,0xa1...e923,https://bscscan.com/tx/0x100b88db10953db6c5aa6a8bb449ea74d2c80d6b4ca62efdc918e24655de044f
2023-03-31 17:28:36,True,2.815e-10,8.834e-13,5000000000.0,0.0441,0x41...5b8d,https://bscscan.com/tx/0x59498b98cc03b048b195802c6bcfc7c00e847f2536e61ba762a858aaeae2d9b5
2023-03-31 17:28:18,True,2.815e-10,8.834e-13,6006982770.0,0.053,0xaa...a745,https://bscscan.com/tx/0xcc407fc599f5542e0d5c2c58fde9a3dc468c9d9f94ad88337b8e7a4ab7188c77
2023-03-31 17:28:15,False,2.801e-10,8.79e-13,45000000000.0,0.3955,0xd2...e287,https://bscscan.com/tx/0x3dd73062eb82365816519ba97e44361192c532533f4f64d98efd8f371d35c26e
2023-03-31 17:27:36,True,2.817e-10,8.834e-13,10984401072.0,0.097,0xaa...a745,https://bscscan.com/tx/0x197ef566b07bb4dfd1094cd83bc557aebbdd057fc9fd437b38f640929eaad34c
2023-03-31 17:27:27,False,2.804e-10,8.79e-13,26434037651.0,0.2323,0xff...c2c3,https://bscscan.com/tx/0xe1bbd80d597b6f6d4668012cd20f01bb260a06c8fffa92c2fb5aea7410600632
2023-03-31 17:26:45,True,2.818e-10,8.834e-13,22638999752.0,0.2,0x5e...795b,https://bscscan.com/tx/0x58b3cb43a777beae695e534d29277287fca89b04f98808c0abba7fcae5297777
2023-03-31 17:26:39,False,2.804e-10,8.79e-13,15956539045.0,0.1402,0xd0...2d4e,https://bscscan.com/tx/0xccb1976a398cb9ef6cb6f6b21db7ed8efb1cb2b53fdf21a7651f179951a76891
2023-03-31 17:26:36,False,2.804e-10,8.79e-13,49412050620.0,0.4343,0x4e...9d48,https://bscscan.com/tx/0x12b63c729a06817ea13c53d7f763496378f3d25f48174e0e1690f7f7f558455b
2023-03-31 17:26:21,True,2.804e-10,8.834e-13,11836296274.0,0.1045,0xfc...5ee1,https://bscscan.com/tx/0x6d35c060cbe6e73df3a4340ed0a28c55e964255cb6a1cc8877e69c353c49c043
2023-03-31 17:26:06,True,2.818e-10,8.834e-13,11000000000.0,0.0971,0x41...5b8d,https://bscscan.com/tx/0x93cb5f7353d5036b1e76d1392b90ff9af14e560c813d2983019806e0d390bea8
2023-03-31 17:25:57,True,2.804e-10,8.834e-13,5137121874.0,0.0453,0x4e...00a9,https://bscscan.com/tx/0xec4a915e50a004698d6746bcef8ab8b520e2de9b3083f3099956e194bbf2090d
2023-03-31 17:25:30,True,2.818e-10,8.834e-13,17973010199.0,0.1587,0x2a...23a4,https://bscscan.com/tx/0xcffd41af36130e663f1ec19599ac0b8c99a146de50f8a017c133e18f2bad61b0
2023-03-31 17:24:36,False,2.804e-10,8.79e-13,225054706079.0,1.97839,0xd8...9303,https://bscscan.com/tx/0xc7f733191009356d4cab99292b2c28827f0cb1de48c756a5b7622d5cd773d68e
2023-03-31 17:24:15,False,2.789e-10,8.791e-13,12444713850.0,0.1094,0xe4...41dc,https://bscscan.com/tx/0x24df27cb4df8b8a137485f051988b751ca35e94b51ba3f888b267862256eb885
2023-03-31 17:24:00,False,2.789e-10,8.791e-13,196788422574.0,1.73009,0xd9...f5fd,https://bscscan.com/tx/0x9e7e4dc4ac022eda104ff1369e92a4566f53f0a74397d6ac9048aaae1b83697f
2023-03-31 17:23:42,True,2.817e-10,8.836e-13,12568100000.0,0.111,0x31...8054,https://bscscan.com/tx/0xa4eaf91003e7aa464a2f6c258563dc0d290354986346e4cd9530deb4ed5520d4
2023-03-31 17:23:39,True,2.817e-10,8.836e-13,1697576950.0,0.015,0x2c...9282,https://bscscan.com/tx/0x879b2c9778ae7b9d25296afbe9409814e4065099ae2c65e33fc5912bf4522632
2023-03-31 17:23:21,True,2.817e-10,8.836e-13,4426257180.0,0.0391,0x2a...d9cb,https://bscscan.com/tx/0xa2f5bbc5d48b2703f012ad1d1332f6a4f46dc054840505d47063c1b25b1e04f3
2023-03-31 17:23:00,False,2.804e-10,8.792e-13,248527306013.0,2.18518,0xb9...2eec,https://bscscan.com/tx/0x1414a3824df7e10bf395af0bb0aa2f11ec9085d92cb793c264b37b28e64fc99e
2023-03-31 17:22:00,True,2.818e-10,8.837e-13,3100000000.0,0.0274,0x8b...2c8d,https://bscscan.com/tx/0xe2b92e81beacc0f6cfd42ac057a91ba227ddf85d59e20f4c8c091c55720459ea
2023-03-31 17:21:27,True,2.804e-10,8.837e-13,33593358064.0,0.2968,0xa3...015a,https://bscscan.com/tx/0x78fb9ad3de889a571efcee1e94acf024952d9c9e29420d8284e320655f4c9640
2023-03-31 17:20:59,True,2.818e-10,8.836e-13,2243702256.0,0.0198,0x11...9353,https://bscscan.com/tx/0x62247d690fae4cc3e0c72cb977a4599ea45f4041568b157504a9bd63db1e5014
2023-03-31 17:20:23,True,2.804e-10,8.836e-13,29533.0,2.609e-08,0x03...fa33,https://bscscan.com/tx/0xafd8712614916edc8d7e281c3dcd7cc7d6fdbcbe126dfe0c7498a5a79386becd
2023-03-31 17:20:14,True,2.818e-10,8.836e-13,53459400001.0,0.4724,0xfa...12c0,https://bscscan.com/tx/0x1d09b92e43cc1fb3dfa130b31bad92b687c04e096236bcb7de9b7a0653818678
2023-03-31 17:19:59,True,2.803e-10,8.836e-13,565799001.0,0.005,0xfb...bb89,https://bscscan.com/tx/0xec4c341282f9d350a25a79af5a160676d1bea39a92e907e2d9bcd775ba3c719a
2023-03-31 17:19:44,False,2.791e-10,8.792e-13,58456355464.0,0.5139,0xf8...fb19,https://bscscan.com/tx/0xd2acbd5532201385851ebcc3881a204f8682b2410559d523be777fe96973ce5a
2023-03-31 17:19:41,False,2.791e-10,8.792e-13,8395055101.0,0.0738,0x9a...dedc,https://bscscan.com/tx/0xa2f8e87f582fab7fcac479b0d82d685ba3011f7a3b11c3e721c1aac32ab67272
2023-03-31 17:19:32,False,2.791e-10,8.792e-13,1299040540.0,0.0114,0xc3...2a30,https://bscscan.com/tx/0xf4a26f190803a6a3f26a2f133be6cd95785e9e050470a65f0b6a1b90e5676317
2023-03-31 17:19:17,False,2.805e-10,8.792e-13,11193404347.0,0.0984,0x9a...dedc,https://bscscan.com/tx/0x5ef8d8ac031567ff5876106f81536352fcad91d471a94db341e51603065387ef
2023-03-31 17:18:38,False,2.805e-10,8.792e-13,3519706510.0,0.0309,0x90...6d06,https://bscscan.com/tx/0xd49ed0cfb5c6e9cd37b737a6499b2846e07f02590e6551882fac147365435834
2023-03-31 17:17:23,True,2.805e-10,8.837e-13,31874342612.0,0.2816,0x82...3369,https://bscscan.com/tx/0x6fdd0f9b001738d3d07ee13ae5243c9a00a977df1d7bd7c417c33d2e2fd42c2b
2023-03-31 17:17:02,False,2.791e-10,8.792e-13,19613888304.0,0.1724,0xc5...9fbb,https://bscscan.com/tx/0x1f7b270e10db8b6c5ba6b75f3ac3ec3d33e8acf221a779804085702415832057
2023-03-31 17:16:36,False,2.791e-10,8.792e-13,8027682217.0,0.0705,0x32...0579,https://bscscan.com/tx/0x797670dc500f0847a525253f2cc053e44470a37909eb1b19d630ce32d525f1cc
2023-03-31 17:15:00,True,2.809e-10,8.837e-13,20702400001.0,0.1829,0x41...c440,https://bscscan.com/tx/0xc13b7ba1c433929e033fbe90a827c33c9461041f0d792326abf04d3ea0e2025b
2023-03-31 17:14:52,True,2.809e-10,8.836e-13,31135897827.0,0.2751,0x5a...e7e8,https://bscscan.com/tx/0xab821e61b25328d65a61e357255722eac12e1a10e1b26480597ec334c652db02
2023-03-31 17:14:24,False,2.809e-10,8.792e-13,121573883580.0,1.069,0x1c...2a6e,https://bscscan.com/tx/0xf28d5bedc3829d3e1d864f5456639b0dbc3fb73a381548fb466d0cb160c5eed8
2023-03-31 17:14:11,False,2.795e-10,8.793e-13,31205818184.0,0.2744,0x65...9445,https://bscscan.com/tx/0xb707abba312c29c715c6e9efbb35f802fe1ba46842201f832e049e5de60e765c
2023-03-31 17:14:08,False,2.795e-10,8.793e-13,6094764142.0,0.0535,0xdf...74de,https://bscscan.com/tx/0xf3bce8043d81c7c4807528f4e5de5c5805123341a04838bd464a2646e6ddb6d0
2023-03-31 17:14:08,False,2.795e-10,8.794e-13,467331635010.0,4.1099,0xce...1c2f,https://bscscan.com/tx/0x2e16da01bba84094b39d181b2870e3359beb291dceb3c4c74a779c9e895329ae
2023-03-31 17:13:31,False,2.796e-10,8.795e-13,156804428912.0,1.37921,0x58...0988,https://bscscan.com/tx/0x33d1183a58ce21f47990407257414296584861424a6e906a34fd27b62930c409
2023-03-31 17:12:58,True,2.824e-10,8.84e-13,41741654248.0,0.369,0x38...a4bb,https://bscscan.com/tx/0xf4625b642628eb275c2b208075a5dc8db9704ecb34c20c876683371120271333
2023-03-31 17:12:15,True,2.824e-10,8.839e-13,10792283767.0,0.0954,0xb0...7edf,https://bscscan.com/tx/0x849135f190929ae3a60599d9cc584e1f53a599eaaa4316be20770fa55ad7c163
2023-03-31 17:11:19,True,2.824e-10,8.839e-13,1809964464.0,0.016,0x17...7222,https://bscscan.com/tx/0xdee1340b7fb36274d4bc6fbe84808a3b13a2eb13799bf8c7fc8977ca2ac7bfff
2023-03-31 17:11:13,False,2.796e-10,8.795e-13,6496353205.0,0.0571,0xbf...2d7c,https://bscscan.com/tx/0xc3a2a52c4ea60749f6c9b4e9da7bcef40886b5517634b7fe30cf322f229fd5aa
2023-03-31 17:11:07,False,2.796e-10,8.795e-13,43380000001.0,0.3815,0x8b...5a8c,https://bscscan.com/tx/0xda5af7c14147cb364e34af93b79aecb73a9b3ec10263a6f8a1a7fbca30d2be17
2023-03-31 17:11:04,True,2.81e-10,8.84e-13,17694262451.0,0.1564,0x6b...7e40,https://bscscan.com/tx/0xe97e271a8fac41c4a1db5960426819cc839cb1c7d08833c543b9778b97dbc80e
2023-03-31 17:10:16,True,2.824e-10,8.84e-13,1203512854.0,0.0106,0x50...b92e,https://bscscan.com/tx/0x8869f645c651804ca238df870cf03d72e3a1691a546800221e253abbf0b480a4
2023-03-31 17:10:13,True,2.824e-10,8.84e-13,3054273420.0,0.027,0x43...7731,https://bscscan.com/tx/0x7edbb2ee72d5d5047bb4b08d377f560e7950afd06a463d3110251821524fc6a2
2023-03-31 17:09:40,True,2.825e-10,8.84e-13,16712053227.0,0.1477,0x52...0243,https://bscscan.com/tx/0x3c388aa041ee2e92f0de72265b67ec22462f4a4d62a343adbb356f79ec9faf6c
2023-03-31 17:09:37,False,2.811e-10,8.795e-13,12084750001.0,0.1063,0x48...0756,https://bscscan.com/tx/0x0ded29714fa11577cda16572a17fb7aa890de81617b72c13b8ed3b9da3a69005
2023-03-31 17:09:31,False,2.797e-10,8.796e-13,72000000000.0,0.6333,0x71...84bd,https://bscscan.com/tx/0xb59c3dd4f290efc7c1c4aceef03c9db78ca0f0cb235b502e819b64fcb98ea6cb
2023-03-31 17:07:58,True,2.825e-10,8.84e-13,71315600.0,6.304e-05,0x79...5614,https://bscscan.com/tx/0x556ee1a4681a0c8708178bdd187238ad84476e017094cc2febddc58f54cdb6f2
2023-03-31 17:07:10,True,2.824e-10,8.84e-13,565588488.0,0.005,0x18...69ec,https://bscscan.com/tx/0x95ca373b64f7573dc5a3d0d00c97b907ef644a628728d19af05ac34fce5013db
2023-03-31 17:05:40,False,2.796e-10,8.796e-13,293388008246.0,2.58088,0xdf...9149,https://bscscan.com/tx/0x745f2a088e0431ebc60813aa441790a8fedea036e3528ada7eba5f0b20957994
2023-03-31 17:05:16,True,2.81e-10,8.841e-13,1422850000.0,0.0125,0x79...5614,https://bscscan.com/tx/0xe5fad5e75caa797154b455f1b3a859a2344b2b9c967f08dbb1bf51fd3255f0c5
2023-03-31 17:04:46,True,2.81e-10,8.841e-13,5923950537.0,0.0523,0x03...74cc,https://bscscan.com/tx/0x91347b76a8ff4909c5ce7b2adf43978b16f4fe792a8b7724694e3e6813addb83
2023-03-31 17:04:31,True,2.824e-10,8.84e-13,353979000006.0,3.12946,0xf8...5278,https://bscscan.com/tx/0x71181eb90972a6fe8737c9f6201ad0e041c805b49f3371b4531090d28796a63a
2023-03-31 17:04:19,False,2.81e-10,8.795e-13,30410600347.0,0.2674,0x51...1c80,https://bscscan.com/tx/0xf1898bde446f25d0d8e3991c573afe85df95e0cbfe4fe8ead92992bf92cf39bc
2023-03-31 17:03:22,False,2.81e-10,8.796e-13,8056879840.0,0.0708,0x48...0756,https://bscscan.com/tx/0xc2081063d2b29ff096e4c2b7eb957edae7d127803bf8dd7ff50983cc21c8e805
2023-03-31 17:02:28,True,2.81e-10,8.84e-13,7739090000.0,0.0684,0x8a...0092,https://bscscan.com/tx/0x17ec8d9735656432f5cca641ed69f67e39a08f7c2a23663caf5809754a929584
2023-03-31 17:01:34,True,2.81e-10,8.84e-13,11311901.0,9.999e-06,0xd2...5714,https://bscscan.com/tx/0xa17490edc8ca1aa5b35f00665cba5de2354852d5e1bd87782532e3daf07ba481
2023-03-31 17:01:13,True,2.811e-10,8.84e-13,100000000.0,8.84e-05,0x5f...d703,https://bscscan.com/tx/0xf723c7ff97a07ef8325e45d656c610a84a825c58b89ef3dd91bd953bbe168c67
2023-03-31 17:01:13,False,2.797e-10,8.796e-13,14927025788.0,0.1313,0xbb...0eb0,https://bscscan.com/tx/0x0c8117ea0ef93b4f820d19648fc2013341ea5f97bac363478d31a5cee00bf01f
2023-03-31 17:01:13,True,2.811e-10,8.84e-13,9991960000.0,0.0883,0x8a...0092,https://bscscan.com/tx/0xe732f17977c74ea00016b4f4770f3d83c7cd472e925c78f330d39ec4ac873571
2023-03-31 17:00:25,False,2.797e-10,8.796e-13,60267584088.0,0.5301,0x86...df43,https://bscscan.com/tx/0xacd6ffb411594a665905aa39ae6b339b3780d32626cadce0f890127d28c9022a
2023-03-31 16:59:10,True,2.825e-10,8.84e-13,7441110000.0,0.0657,0x8a...0092,https://bscscan.com/tx/0xcd15f86db796832a61c3838fcdc77a7b4a1c7bbc5ab9289df4dd91853a7bf4b7
2023-03-31 16:58:16,True,2.811e-10,8.84e-13,25702541215.0,0.2272,0x47...7728,https://bscscan.com/tx/0x87cee30322d2449e5ebfb6cf6fa0724c385fa91832b24788203570e987b8bfd9
2023-03-31 16:57:46,True,2.825e-10,8.84e-13,2900000000.0,0.0256,0x5f...d703,https://bscscan.com/tx/0x024663c265f469e8b5f18fe197a62fdc469aebc0d3007178bd21a880def752b3
2023-03-31 16:57:43,True,2.825e-10,8.84e-13,8703870000.0,0.0769,0xa3...a8ba,https://bscscan.com/tx/0x8e609000a6fe7066975babbda16acd4a7639cfc401a2bdf53c5dce6fbe55aa5e
2023-03-31 16:56:40,True,2.825e-10,8.84e-13,1215375761.0,0.0107,0x45...2864,https://bscscan.com/tx/0x57d3cfb33157974f5eee937ece114a02a9edcc34fa2760be3838c47ae4170835
2023-03-31 16:56:40,True,2.825e-10,8.84e-13,5359274567.0,0.0473,0x4e...00a9,https://bscscan.com/tx/0x0a6f051f2f89da3282e69f9b3de31e3225d15830b5f9133947e1cefc89eb078f
2023-03-31 16:55:01,False,2.797e-10,8.796e-13,38700000000.0,0.3404,0x27...6d3e,https://bscscan.com/tx/0x72fda362cacdd100da207af9c77c637dac6744a20065acc07545e66363b6602c
2023-03-31 16:54:16,False,2.811e-10,8.796e-13,90180000000.0,0.7932,0x1f...4f4f,https://bscscan.com/tx/0x4af4c1c99b8bcdfa5cfe9fad21f440d45216be42c8dc13b4464a55081d124d0b
2023-03-31 16:54:10,True,2.811e-10,8.84e-13,47340041268.0,0.4185,0x1d...c20f,https://bscscan.com/tx/0x01a84bf09415b54f208732e1f20f93108072d5f5c8134d0dc18d08728170760e
2023-03-31 16:53:54,False,2.811e-10,8.796e-13,10386683084.0,0.0913,0x9a...2bbc,https://bscscan.com/tx/0x3f1dbecf5b29547df7edd320eab4d817b7a88bc8ef461d8586df7111a478cfaa
2023-03-31 16:53:20,True,2.825e-10,8.84e-13,10740000000.0,0.0949,0xc5...6025,https://bscscan.com/tx/0x57e388e2ef4c569babf8cde4627ff0a16f6a451bcb6a6e33726f54421656c076
2023-03-31 16:53:14,True,2.812e-10,8.84e-13,13900000000.0,0.1228,0x62...c059,https://bscscan.com/tx/0x6d1744a581fc2b9b9e7fa3477bc61a08f8767121f8523c795be1a35953678850
2023-03-31 16:51:41,False,2.798e-10,8.796e-13,81944925161.0,0.7208,0xc9...863b,https://bscscan.com/tx/0x53202369ecb27a0600d7b770383bd6d1e1ca42bdfa7b238830bdfe3c6578be50
2023-03-31 16:51:26,False,2.798e-10,8.796e-13,110510440378.0,0.9721,0x1f...4f4f,https://bscscan.com/tx/0x55991eaa29c25c6d1355176a9bd37dba7b9ea969f8cd8a60e569a489ea5e7ecc
2023-03-31 16:50:44,True,2.812e-10,8.841e-13,20402298619.0,0.1803,0x68...27c5,https://bscscan.com/tx/0x9822b9e1ffce6479854e59ddc190a3d97f8a4e4fe077cd330f6712202a415e65
2023-03-31 16:50:35,True,2.812e-10,8.841e-13,18556000000.0,0.164,0xe9...9bf7,https://bscscan.com/tx/0x84ceea8a8e53783b11a8c517ed947cca159c26de3945b2e8687c2b769f2f1036
2023-03-31 16:50:08,True,2.826e-10,8.841e-13,21230773094.0,0.1877,0x2f...0ea9,https://bscscan.com/tx/0x9f395d92b73c3dd2d83e78ac40256d5b39608e38240d8902c498f8c6b3bd8fa0
2023-03-31 16:49:59,True,2.811e-10,8.841e-13,1436475435.0,0.0127,0x7a...7d1c,https://bscscan.com/tx/0xd7ed21ff87950f3c7f8a06e0cb434948d8ce524edea8021eac4c6336c35d1b31
2023-03-31 16:49:56,True,2.811e-10,8.841e-13,3479100151.0,0.0307,0x7b...8eeb,https://bscscan.com/tx/0xe574288db58e2b2a73ece58b91f38c2c04b305a9cc70736faeb97d5cc3e1b479
2023-03-31 16:49:50,True,2.811e-10,8.841e-13,2000000000.0,0.0176,0xf6...dcaa,https://bscscan.com/tx/0xf197b35ad055c5ffc26c8b6d2099598afa9fd1124ebd6f5067f9ddf606a9133b
2023-03-31 16:48:35,True,2.812e-10,8.841e-13,10000000000.0,0.0884,0xc9...a263,https://bscscan.com/tx/0x20a555dc55b1298474772c4ce5d6f0f51f1b7e042fe7bd7df770820b28afe280
2023-03-31 16:48:35,True,2.812e-10,8.841e-13,5926739495.0,0.0524,0x4f...1816,https://bscscan.com/tx/0x376f06b21e7332dc83d22dfd06cfdeec85bc031c4e6d96e8bcf5f56c6d79f9ae
2023-03-31 16:48:35,True,2.812e-10,8.84e-13,1481767823.0,0.0131,0x4f...1816,https://bscscan.com/tx/0x376f06b21e7332dc83d22dfd06cfdeec85bc031c4e6d96e8bcf5f56c6d79f9ae
2023-03-31 16:47:47,True,2.811e-10,8.84e-13,4524388192.0,0.04,0x10...1c36,https://bscscan.com/tx/0x14f27e5c04084b998bff3ce38b6a6142ad6bec32e11e14fe34a4e1d2331e9ee6
2023-03-31 16:47:35,True,2.811e-10,8.84e-13,70561882329.0,0.6238,0x4f...1816,https://bscscan.com/tx/0x5b66a47ecb7b74c35e83e9e629b3726fd6b8bf7454b423709451b7f85bcd90c9
2023-03-31 16:46:32,True,2.811e-10,8.84e-13,7156508282.0,0.0632,0x5e...bcb0,https://bscscan.com/tx/0x927e04ffddab615d9dcc5040b63ad5f2708e0d36eea78b1eb00e10c3aa308d8f
2023-03-31 16:46:23,True,2.825e-10,8.84e-13,6108167208.0,0.054,0x56...a6f8,https://bscscan.com/tx/0xb58a90f27a316e970432af205f265de4a8ab489d52fc14dc3961017052ac84f0
2023-03-31 16:46:14,False,2.797e-10,8.796e-13,66384177429.0,0.5839,0x36...b401,https://bscscan.com/tx/0x582e2da57527e5cc03b19a8ee8734684e52e15e7be88e43db7369ca6fddf113d
2023-03-31 16:45:47,False,2.811e-10,8.796e-13,18779963467.0,0.1652,0x24...e053,https://bscscan.com/tx/0xc2bdd723ba77ae465d94c9d4992d200bc33b0fc891c44c8de48f0ab875aa0220
2023-03-31 16:45:26,True,2.823e-10,8.84e-13,2156108578.0,0.019,0x7f...4717,https://bscscan.com/tx/0x17c689e903fcaba282ba5e1c4dd812d023f69863b66157949710ecb3ab4ec8ab
2023-03-31 16:45:23,False,2.809e-10,8.796e-13,44077544752.0,0.3877,0x85...8a07,https://bscscan.com/tx/0xbd0eef2218c9379d34812e4144842109da977cbf7887eea5f7e1bdbc3c7b36df
2023-03-31 16:45:02,True,2.823e-10,8.841e-13,15429832664.0,0.1364,0x85...c4b1,https://bscscan.com/tx/0x40aa1bd3d25b8360c04ba7074e415bb0b6cb05f9aa36c53f9f7610222214b922
2023-03-31 16:44:59,True,2.823e-10,8.841e-13,5000000000.0,0.0442,0x25...450f,https://bscscan.com/tx/0x893de6652db2445a66fc8d261101118bb540422e3d36475ac4688ae97409aa1c
2023-03-31 16:44:41,True,2.823e-10,8.841e-13,2756007.0,2.436e-06,0xfc...99a3,https://bscscan.com/tx/0xcf9ca762e137bea0161ce181d1c111f62c632dc79994bbfa6944089a30b02d4e
2023-03-31 16:43:20,False,2.795e-10,8.796e-13,20773946337.0,0.1827,0x44...8a52,https://bscscan.com/tx/0xa2e1ab83ad5d4d7ea7ea7af9b64034f7eb75c31b12c464db5efd182623a10a17
2023-03-31 16:43:14,True,2.809e-10,8.841e-13,17685055554.0,0.1563,0x13...4806,https://bscscan.com/tx/0xb1e0a4452344201287aae836c75f2b917d17d09df46bec4a041272772f5457bb
2023-03-31 16:42:53,True,2.824e-10,8.84e-13,100856489195.0,0.8916,0xd4...2d38,https://bscscan.com/tx/0x2748ed3cb40b27615a9fb53b8f865d5e6148221ea36d73dc32e4051a9f55abb0
2023-03-31 16:42:11,True,2.824e-10,8.84e-13,2800000000.0,0.0247,0xd7...0330,https://bscscan.com/tx/0x17496f14232cb7e9ffb2e84e7c21015d0c273662a29fd4c097113307bcfe5d9f
2023-03-31 16:41:59,True,2.824e-10,8.84e-13,10000000.0,8.84e-06,0x2c...705d,https://bscscan.com/tx/0x5e2b9ef0b8abaf33693ef3ed8b5fed7d2465ab7ed6b43dc212eb908c3475ced0
2023-03-31 16:41:20,True,2.81e-10,8.839e-13,353793434451.0,3.12749,0xc0...496b,https://bscscan.com/tx/0xd220b066a527b01b34a922a74d9ae76d3714bf6e65baefe3389189cfed0d7279
2023-03-31 16:41:08,True,2.824e-10,8.839e-13,30862944087.0,0.2728,0x50...4833,https://bscscan.com/tx/0xa51d846d9d19ebd00ca23d9d05eb8ce84c9bfb30a18d8209e7e3467d220ca848
2023-03-31 16:41:02,False,2.809e-10,8.794e-13,27731385171.0,0.2439,0x88...28d9,https://bscscan.com/tx/0x07187fa9ca2cfd017a7e3e8377026ba20b4882ae9168df13d5e0f7bfda2e3f35
2023-03-31 16:40:26,True,2.824e-10,8.838e-13,124111062017.0,1.097,0xb1...83f9,https://bscscan.com/tx/0x7947521e62f918e93521e41095e8072445ff80125e3b8586bbc908b192924c17
2023-03-31 16:40:11,True,2.809e-10,8.838e-13,17693625086.0,0.1563,0x13...4806,https://bscscan.com/tx/0x4d002ad1a7be00761ea5ac0a606545e3209050a069dfc0c7374d9439ea16bac0
2023-03-31 16:39:38,True,2.81e-10,8.838e-13,794178927.0,0.007,0x11...9b17,https://bscscan.com/tx/0x85b7c8fe10b2e49fab81fcfff3a3629ec8668ffa884e3b972e2ea1a2324338d3
2023-03-31 16:39:35,True,2.809e-10,8.837e-13,353908578750.0,3.12776,0xc0...496b,https://bscscan.com/tx/0x797b2e8cc195f537a3b19d02a9dd587adb732669e1c2bd6d97c4dab31f811cf6
2023-03-31 16:39:35,True,2.809e-10,8.836e-13,52967692840.0,0.468,0xfe...8dbe,https://bscscan.com/tx/0x9b01877a35484c63358f0f46b54e6b1d3b96920ef7aaa0173ca78dab1919d5ac
2023-03-31 16:39:11,True,2.823e-10,8.836e-13,2868510000.0,0.0253,0x71...0d19,https://bscscan.com/tx/0x22c3af113fd4dee8097a6c073ba563d1304316607afac16a91d241972a1f794e
2023-03-31 16:38:44,True,2.823e-10,8.834e-13,1003996512885.0,8.86996,0x03...6b66,https://bscscan.com/tx/0xb0fea28d67aa6539fdda19b2ffe9600778051c9f9455169e30b6f7fde60f3dcc
2023-03-31 16:38:35,True,2.822e-10,8.832e-13,240000000.0,0.0021,0x21...9e6e,https://bscscan.com/tx/0x9dd67112a0a98a897645265fd136a27c9d07d9965346220bf80bd116473e3c6c
2023-03-31 16:38:32,False,2.808e-10,8.788e-13,89573614432.0,0.7872,0x1b...de3d,https://bscscan.com/tx/0xed778b1528dd29275a8e0e365ac618d063c19aeeec4046d90f0b5b2f2c3d8931
2023-03-31 16:37:53,False,2.808e-10,8.788e-13,77141493216.0,0.6779,0xf0...b241,https://bscscan.com/tx/0xc6c6584af8cafc1924c982015306e31344eda0725bf085b036a48700168fdd09
2023-03-31 16:37:47,False,2.808e-10,8.789e-13,11795795882.0,0.1036,0xd5...269a,https://bscscan.com/tx/0x6258b51455f5c1bc89a211096bec09e37529d6e12a009c49bd6657ed7c73c4bb
2023-03-31 16:37:47,False,2.808e-10,8.789e-13,95590080303.0,0.8401,0xb5...229f,https://bscscan.com/tx/0x98bf2ac2f891f98c92949703b26efdae09fea1137b207b769cd7d03ca2e6899c
2023-03-31 16:37:29,True,2.822e-10,8.833e-13,566015190.0,0.005,0xb5...e54c,https://bscscan.com/tx/0x61b490d4b0e388613d351718f52650e0582d1dde115a49c8bfefb008f4763bac
2023-03-31 16:37:08,True,2.822e-10,8.833e-13,14552784421.0,0.1285,0x43...2287,https://bscscan.com/tx/0x84045cfc4d460d514b785d55c2451456a56df5dc64036810ea14b7a9d98acd2e
2023-03-31 16:36:53,True,2.808e-10,8.833e-13,9309220001.0,0.0822,0x43...e115,https://bscscan.com/tx/0x4f2757c29c9472092c27e90ef526215c9ff74b1d639ac3d518aecafec46c8de4
2023-03-31 16:36:50,True,2.808e-10,8.833e-13,9056367498.0,0.08,0xf2...301c,https://bscscan.com/tx/0x3b8d2ba33f93458a5bf07250394d2417b74fdb96e3ab70a302995551196fb831
2023-03-31 16:35:23,True,2.822e-10,8.833e-13,899965001.0,0.0079,0xfe...869c,https://bscscan.com/tx/0x17247b1aa26a291ba2a37779ac93d091b72b92ea3527a8361097fb6cbb651375
2023-03-31 16:35:08,True,2.822e-10,8.833e-13,6250450280.0,0.0552,0x56...3dff,https://bscscan.com/tx/0x2591910c6a8fef2211d12c08f0efdcd41f182867635c7414c3a34506643542be
2023-03-31 16:34:50,False,2.808e-10,8.789e-13,63877169668.0,0.5614,0x7e...7402,https://bscscan.com/tx/0xff2ff2d99b93baa3e1a1108e2abbf3b0d307127cc344a5649679d53c7033959f
2023-03-31 16:34:41,True,2.808e-10,8.833e-13,27155100001.0,0.2398,0xfe...869c,https://bscscan.com/tx/0xfd8c6170673104d17678354cf08f5373a20fdde23a2a9c168b66fbb649d40f45
2023-03-31 16:34:23,True,2.822e-10,8.833e-13,4622708352.0,0.0408,0xd7...e4fe,https://bscscan.com/tx/0xb9cbb59a104c73f1a326c597f2a7eba5a04b077b3db85ee4e49138612da916d9
2023-03-31 16:33:35,True,2.808e-10,8.833e-13,68936124897.0,0.6089,0x94...582c,https://bscscan.com/tx/0xabe63ccbf30724d3e2749637fcdff08aee8ba52b3493a73557676c8b6c1064f3
2023-03-31 16:32:44,True,2.807e-10,8.833e-13,1000000.0,8.833e-07,0x2c...705d,https://bscscan.com/tx/0x418aeea6dc0f4a43adda70e573220a44cc3ddc844e59eb5895b3ce6a25f83f26
2023-03-31 16:32:35,True,2.807e-10,8.833e-13,101888777.0,9e-05,0x77...5103,https://bscscan.com/tx/0xc48c2b3f1cdc70b8c97830328070032ad4e910c1c716dcb0c37fd79c4ba0abb4
2023-03-31 16:32:29,False,2.793e-10,8.789e-13,10812681161.0,0.095,0x73...eff5,https://bscscan.com/tx/0x19eb0bdac9d79de6015f3de58b1a9a0598db213ccc78f163e9c99547a2387cd9
2023-03-31 16:31:44,True,2.821e-10,8.833e-13,6938630001.0,0.0612,0x07...f577,https://bscscan.com/tx/0xda730cbb9a22029fe5860faf02f474ecd309861de9a3ea73cb58278250b3be31
2023-03-31 16:30:44,False,2.807e-10,8.789e-13,92700000000.0,0.8147,0x9b...d3d0,https://bscscan.com/tx/0x73668db3afd77bb6d0719cb99069797a1fecbd6e9aee5426b468543caced1585
2023-03-31 16:30:23,False,2.807e-10,8.789e-13,27056465652.0,0.2378,0xad...0e0b,https://bscscan.com/tx/0x3120f638c8c2cdb5f1dacec38bbf97cf4db34f15067cade21ce31bac4d7e32f8
2023-03-31 16:29:53,False,2.808e-10,8.79e-13,151605913656.0,1.33263,0x49...e02c,https://bscscan.com/tx/0xe7dd66ec2d06d1c22d447d79a7c127dc71820431db2b2a30f385ac9ed14553a1
2023-03-31 16:28:44,False,2.809e-10,8.79e-13,96311089342.0,0.8466,0x15...e56d,https://bscscan.com/tx/0x18e1a913419c320f15f0338b4ec63f2d983dcada0fd358508cd46897f61af9ca
2023-03-31 16:27:26,True,2.824e-10,8.834e-13,20980228614.0,0.1853,0x55...1eb9,https://bscscan.com/tx/0xc2441a804fd6c1084d4a81b0e033944d7155efe7a2eb7794874ce8a4be386218
2023-03-31 16:27:23,True,2.824e-10,8.834e-13,16901161010.0,0.1493,0xc0...79fd,https://bscscan.com/tx/0x9094970cf632281d1910df8821635c8f20da01bef5f82c0a701ff28dc7451943
2023-03-31 16:27:17,False,2.81e-10,8.79e-13,55800000000.0,0.4905,0x17...cb9f,https://bscscan.com/tx/0x2575fd9978ff37333462ee9884e65122c556f6482cde88bc7357398feaa2eb47
2023-03-31 16:27:02,True,2.824e-10,8.834e-13,12941321405.0,0.1143,0x07...6484,https://bscscan.com/tx/0x02bff21e3547f3fb10893a12de38d48aad7d20055419893fb908a4a9a6fdc5ca
2023-03-31 16:27:02,False,2.81e-10,8.79e-13,7560000000.0,0.0664,0xea...e88f,https://bscscan.com/tx/0xfcc54017f5328af193e51a8ff32355ccf4b982a6dac8529c88cfc4edd211ca30
2023-03-31 16:26:59,False,2.81e-10,8.79e-13,3240000000.0,0.0284,0xce...cd4f,https://bscscan.com/tx/0x1537f19104e8387c9e11ece99f09702669a6e83617b6b84729158ff7dfac7a49
2023-03-31 16:25:50,False,2.794e-10,8.791e-13,314426080571.0,2.76429,0x9e...d60a,https://bscscan.com/tx/0xb6e428e1a48768fab501f962ca052426102a5726fb49e0a8dc8c1e685524f4fc
2023-03-31 16:25:44,False,2.794e-10,8.792e-13,15625435663.0,0.1373,0x5d...ca2a,https://bscscan.com/tx/0x294531c01ed99caffa4193a9d08e63f93f95fb7cbf808e3ff1cb0f563e7ad328
2023-03-31 16:25:32,True,2.809e-10,8.836e-13,47217424863.0,0.4172,0x36...b11c,https://bscscan.com/tx/0x3819349c188bd1e88cd900f56929513c8b38f448fafd5c141ffa419add5f1426
2023-03-31 16:24:38,True,2.823e-10,8.836e-13,8190730129.0,0.0723,0x29...00b9,https://bscscan.com/tx/0x7b04acb273b6110b344af6387d7037a7c6c2dfa160acc9b8e48d4ff3c3beebe6
2023-03-31 16:24:17,False,2.809e-10,8.792e-13,90000000000.0,0.7913,0x9b...d3d0,https://bscscan.com/tx/0xd4c1c5fe23f64ec6b3000e7a3b5325a46117cd628c1d58016669136c4f1f6b1d
2023-03-31 16:23:56,True,2.823e-10,8.836e-13,535205050.0,0.0047,0xfc...2936,https://bscscan.com/tx/0x7c3c412847369031ffce3b33a7d8a97598b607b5cfff302074fa214ef517a904
2023-03-31 16:23:17,False,2.807e-10,8.792e-13,19902680033.0,0.1749,0xbb...0eb0,https://bscscan.com/tx/0x468fed3d23288b477ee79cb274da17b1325fdf8b1c4eaa127a26c7e07697ebe2
2023-03-31 16:21:53,False,2.793e-10,8.792e-13,1891194063.0,0.0166,0x9b...ac5a,https://bscscan.com/tx/0xead368c3e52cb23f6fa20a4dda8561dcaeb491f565e16107fd7db2481c54761e
2023-03-31 16:21:44,True,2.807e-10,8.836e-13,5992130132.0,0.0529,0x15...4042,https://bscscan.com/tx/0x39413a29d951bafc6b4627ee34f927016390e0360cf2beb1db54435a9769f25b
2023-03-31 16:20:35,True,2.82e-10,8.836e-13,1500000000.0,0.0132,0x4e...91bb,https://bscscan.com/tx/0x5eeb34d282ef53fd261d9f6ec441fe89a825e72d538dbaf1543ae52c5b0da45a
2023-03-31 16:20:32,True,2.82e-10,8.836e-13,114327139825.0,1.01023,0x8b...2327,https://bscscan.com/tx/0x2533321a5b69a3c4ad438624f6ee129d586c86c2e422594ea1b52ef9ed12a683
2023-03-31 16:20:26,True,2.806e-10,8.834e-13,679142794934.0,6.0,0x03...6b66,https://bscscan.com/tx/0xd311db335257d40b0846b5c76a16bf53ac304dd1ec2d4a90e060a70a65598ce3
2023-03-31 16:20:08,False,2.807e-10,8.789e-13,78869172941.0,0.6932,0x42...4702,https://bscscan.com/tx/0x5abc9167a6547bade8b7bcf382bd0aceee7b20bd9984566f6b137c1c9c7672b8
2023-03-31 16:18:20,True,2.804e-10,8.833e-13,3350615929.0,0.0296,0xd5...ab87,https://bscscan.com/tx/0xc71ab241212702fb6240c5bccfbab803b2a75a11f988175de4ba806e27bedcc1
2023-03-31 16:18:11,True,2.818e-10,8.833e-13,33428897650.0,0.2952,0x26...7bf5,https://bscscan.com/tx/0x11758d163b4db432a612abeda51e51b8c69a057a6d53276c2e0a58e0cebca983
2023-03-31 16:17:41,True,2.818e-10,8.833e-13,3337364448.0,0.0294,0x12...08b4,https://bscscan.com/tx/0x5b2f985b4f626ac9af8e2cc084692fa869c1ac581f409899a15dada20991e7b9
2023-03-31 16:17:35,True,2.818e-10,8.833e-13,10727512001.0,0.0947,0x11...8e5f,https://bscscan.com/tx/0xbcc5734bf4aa4bbaeefbf68df3340243f7e24ea077b6766a285b4be9cc44d424
2023-03-31 16:17:35,False,2.804e-10,8.789e-13,2897459302.0,0.0254,0x84...ad98,https://bscscan.com/tx/0xcb233d74bd1e458ed75ca9ff3d55d22f354ce26885829cd3cc303852c6cd6af2
2023-03-31 16:17:26,False,2.804e-10,8.789e-13,48910134418.0,0.4298,0x83...20e9,https://bscscan.com/tx/0xa9df2b847a1b0afd5212261bca930983bd6b4ff0eb781269efa54f66659250c5
2023-03-31 16:17:08,False,2.804e-10,8.789e-13,1620000359.0,0.0142,0x78...460a,https://bscscan.com/tx/0x5174c35158132d7e17c7d4de7f1a1c9ebe28e1c66b9266c0c1660d7f953d03a1
2023-03-31 16:17:08,False,2.804e-10,8.789e-13,79436267630.0,0.6982,0x5d...50ca,https://bscscan.com/tx/0xead7277f470f543b2ce83d9ffd9e3848b7a68b53e907b388c63c33ecac5e984a
2023-03-31 16:17:08,False,2.804e-10,8.789e-13,14236665015.0,0.1251,0x1a...2873,https://bscscan.com/tx/0xd95ee6b4866903157554a35865360c8ff64f8c122b24736c6d61d26686d8bac7
2023-03-31 16:16:35,True,2.804e-10,8.833e-13,6070730555.0,0.0536,0x12...08b4,https://bscscan.com/tx/0xb965f49aaa030a09b45444517850b8a15aa58b9035b9494e0f7187e60faa59d1
2023-03-31 16:16:14,True,2.818e-10,8.833e-13,1000000.0,8.833e-07,0x1d...0df6,https://bscscan.com/tx/0x16dbf46e04dd3d64f407a6573f27af6aed20840c87857cbdc7f9d17b51fb25fb
2023-03-31 16:15:59,False,2.804e-10,8.789e-13,30966967226.0,0.2722,0x71...afe1,https://bscscan.com/tx/0x08cdbbabc2c4191d2329b9eb6deefdac56a381e9cfa4f9eef18ccb0b13791276
2023-03-31 16:15:59,True,2.818e-10,8.834e-13,9055863555.0,0.08,0x64...de80,https://bscscan.com/tx/0x3d9a5d08867d5e49ab4cca8f00ef4da2aed6440e194df683bcdf2f9601fb60dd
2023-03-31 16:15:53,False,2.79e-10,8.789e-13,5581194209.0,0.049,0x73...671a,https://bscscan.com/tx/0xfbbe14e9d9310bd1098db69e0707de961b29a36d6f5bce5969fa65c95766a728
2023-03-31 16:15:29,True,2.818e-10,8.834e-13,10385330000.0,0.0917,0xea...b1ee,https://bscscan.com/tx/0x8b0e2fb9a74646e14da0e6d505a4319aab50cfc33bcf85d37ea24c5ea510448a
2023-03-31 16:15:26,True,2.819e-10,8.834e-13,2232049642.0,0.0197,0xd1...f2ff,https://bscscan.com/tx/0xb77a2f585766ecc25f1c6469ebbb32ea78fe6cb13ae57caa856516610a152eb6
2023-03-31 16:15:23,True,2.819e-10,8.833e-13,11000000000.0,0.0971,0x1b...5500,https://bscscan.com/tx/0x0382044409ec46750c465154c93445a4f758065baf36bbd2bc07c95b6b3ccabb
2023-03-31 16:15:08,False,2.804e-10,8.789e-13,5581194209.0,0.049,0x73...671a,https://bscscan.com/tx/0x93b8015d30cf8b70cd3ea18b4daec02e14ac6f8016be43426fd679fef898c655
2023-03-31 16:14:56,True,2.818e-10,8.833e-13,7677633497.0,0.0678,0xc6...ac96,https://bscscan.com/tx/0x486481bdcec0fcca26a89dde8e0805e5fc83ad79dfe5c899fe5e8921468b3f00
2023-03-31 16:14:32,True,2.818e-10,8.833e-13,5035610000.0,0.0444,0xea...b1ee,https://bscscan.com/tx/0x7888ae842f1bc7db2f5e84ded41025965aadaa6bdb61571fc25284f8e1788f90
2023-03-31 16:14:29,False,2.805e-10,8.79e-13,516143035006.0,4.53736,0xd1...1116,https://bscscan.com/tx/0xe06d33c24fdd298bb2241b054f9cf74f886aa76ec3ffecabcb6c71c66ddd4cb6
2023-03-31 16:13:59,True,2.819e-10,8.836e-13,3158849434.0,0.0279,0xd8...bf72,https://bscscan.com/tx/0x576f43f2c04fd15a37b6493577e95da41c34cb84b558dc7097c4044c2343405b
2023-03-31 16:13:59,True,2.819e-10,8.836e-13,5104070216.0,0.0451,0xbd...cf80,https://bscscan.com/tx/0xd4eed0462b6ff4cb8f67d1f60ba1a398d59fbdc87d4573dd11f2cbaf4811d5a3
2023-03-31 16:13:50,False,2.805e-10,8.792e-13,131557003539.0,1.15668,0x5e...b1a3,https://bscscan.com/tx/0x29d54e0f6d87ee89cfbe3344223652f341e86ba4fcd8987f127920d0f8ef0057
2023-03-31 16:13:35,True,2.819e-10,8.836e-13,35362666018.0,0.3124,0x9c...8c08,https://bscscan.com/tx/0x86427d4c69f687a2a0578aff617afd41f8b6225392cbba93271a6ee52403b16b
2023-03-31 16:13:26,False,2.805e-10,8.792e-13,20433496381.0,0.1796,0xe4...fbd1,https://bscscan.com/tx/0x3968cb6d9bbd65254fdff56716a8b968499dc583b8d39ac3d05d34ff0c58e25e
2023-03-31 16:12:56,True,2.805e-10,8.836e-13,67282049352.0,0.5945,0x0d...57eb,https://bscscan.com/tx/0x9d8b331745f73b970d1c9ceaa9dd092576f20d5172512b89345fa1e6b6325de6
2023-03-31 16:12:44,False,2.791e-10,8.792e-13,38698970964.0,0.3402,0x43...392c,https://bscscan.com/tx/0xe8e25f8a5c9a5b0b719b0dd50e630b848b25964e40b3b87f4c29be3b9de9941b
2023-03-31 16:12:05,True,2.819e-10,8.836e-13,2000000000.0,0.0176,0x78...460a,https://bscscan.com/tx/0xb159cd10939deb808ddfa047d78d4a3bc26aa885705d16a670c994c35ffe1703
2023-03-31 16:11:53,False,2.804e-10,8.792e-13,21542376164.0,0.1894,0x97...5a2e,https://bscscan.com/tx/0xe395b3f27a66c84c719ea57a6bf42cf3880ab7e33f0baa49213dc7379587b9d4
2023-03-31 16:11:11,True,2.804e-10,8.836e-13,2145330427.0,0.0189,0x39...dcd0,https://bscscan.com/tx/0x3816d999d6f89afc039a8ebc7bd36a3cfded212fe95ff01dc4e93863cfcb57e9
2023-03-31 16:10:50,False,2.804e-10,8.792e-13,24413428645.0,0.2146,0x88...10fb,https://bscscan.com/tx/0xc07272dcd05dd242be19ed53b21ee04662b0e632a9ed8e1990b55b4902c89bc4
2023-03-31 16:10:38,True,2.804e-10,8.836e-13,9136816880.0,0.0807,0xd8...e18a,https://bscscan.com/tx/0x9df96e556a6aa87628a602966ecd77359d0562759ac74c1525874cb68afda833
2023-03-31 16:10:38,False,2.791e-10,8.793e-13,592525022609.0,5.21049,0x81...db98,https://bscscan.com/tx/0x0a4bda872409acf15dbda829bb0e6be5b8ccd8fccf4ed6121b61d971245798bc
2023-03-31 16:10:32,True,2.805e-10,8.839e-13,853332832.0,0.0075,0x18...69ec,https://bscscan.com/tx/0x2e485f542ec960ee3783aa1160db8332978ebcc434e0200789e904649a6f41c5
2023-03-31 16:10:22,True,2.819e-10,8.839e-13,5947740532.0,0.0525,0x8c...8575,https://bscscan.com/tx/0x892a11447376af1f698f78093e1c4a0d80915f23d46aa82435bcd37036f655c4
2023-03-31 16:09:58,True,2.805e-10,8.839e-13,4610044554.0,0.0407,0xd1...ce8e,https://bscscan.com/tx/0x1011974ff4f074bdaac00a030a0e0bcf942f22e75e87d60f45f32a7d5280a1a8
2023-03-31 16:09:19,True,2.82e-10,8.838e-13,117795544643.0,1.04117,0x89...c923,https://bscscan.com/tx/0x9b7ef9e0920f9be6def0430bc6dd303cb396a7ddc42dfd01dc5de1c71c00da53
2023-03-31 16:08:46,True,2.805e-10,8.838e-13,3000000000.0,0.0265,0x40...baa9,https://bscscan.com/tx/0x29d53f5967da665b3c35d2006632addac21e4c3dcaa5c32d79ac3ee761641d10
2023-03-31 16:07:25,True,2.805e-10,8.838e-13,10283399001.0,0.0908,0xb0...51a5,https://bscscan.com/tx/0x65f439a172a6605a0722a8c5a1fcff702e1f8500fba4c02d101114f0334ab424
2023-03-31 16:07:19,True,2.805e-10,8.838e-13,2262832889.0,0.02,0x8d...cf40,https://bscscan.com/tx/0x59584f417b732bf49a004bed0f020f79c94bad437713cd2996d2a62d055213fc
2023-03-31 16:05:34,True,2.819e-10,8.838e-13,3732110157.0,0.0329,0x79...f030,https://bscscan.com/tx/0x730af823579ce69dfb2fae4afa035e56a1827ae6552406c815d27584fb3ed154
2023-03-31 16:04:52,False,2.791e-10,8.794e-13,98025818560.0,0.862,0x52...558c,https://bscscan.com/tx/0x8231188a08172a916959c96dfdcdece24c3d059213e9920cd06f6019d6a09385
2023-03-31 16:04:28,True,2.819e-10,8.838e-13,10748005210.0,0.095,0xee...6037,https://bscscan.com/tx/0x8f02a39e2dbce30db52622619ba10f719962854b34c3c42164192eb0aba55733
2023-03-31 16:04:22,True,2.819e-10,8.838e-13,40000000000.0,0.3535,0x4c...d7f8,https://bscscan.com/tx/0x0fd90d0b907995f34dcd6d9b24d3b25ba7afe28cb0fd312fc3789dcc42329c0c
2023-03-31 16:02:52,False,2.805e-10,8.794e-13,12660103484.0,0.1113,0x34...6314,https://bscscan.com/tx/0x176e87c51cd4d13f78b9e475f553b574c6b93fdb2726cf4de0d3467a3094454f
2023-03-31 16:01:28,True,2.819e-10,8.838e-13,7567237546.0,0.0668,0xc3...70f7,https://bscscan.com/tx/0xaa9ddbc8e47eb7eb9d5b4515e12a06f78ce198d81b55ab624c647f7348ceaa1a
2023-03-31 16:01:19,True,2.819e-10,8.838e-13,13000000000.0,0.1149,0xfc...0938,https://bscscan.com/tx/0x19a1c697c2f905ae25167a33c44ad373009554538797715ddca69bb42cc9ba60
2023-03-31 16:00:34,False,2.79e-10,8.794e-13,207318600000.0,1.82335,0xa4...cc56,https://bscscan.com/tx/0xe9afa51ba03d06b27e6127eff49ba8d53e425a2383f4faaf2db0592eeb222638
2023-03-31 15:59:40,True,2.819e-10,8.839e-13,3240472515.0,0.0286,0x3e...bba4,https://bscscan.com/tx/0xb0ee68af7ee3db65a3ae52daed85cd02b66baf5a955061462f5cb10e43479abf
2023-03-31 15:59:07,False,2.797e-10,8.82e-13,11932052453298.0,105.247,0x37...6bae,https://bscscan.com/tx/0xf0b6cb6e21e0ac4b6034f0afbc8cfc91928780df80d26cf4a1fa82f5760bb409
2023-03-31 15:58:49,True,2.821e-10,8.89e-13,6749062923.0,0.06,0x19...1a0c,https://bscscan.com/tx/0x1536d4939ff9aa46de46165fd1193fda7e62f37e1b5a5d7dd3b579925163db78
2023-03-31 15:57:16,True,2.835e-10,8.89e-13,5000000000.0,0.0444,0x7d...5f6c,https://bscscan.com/tx/0x36e86ea56911bdc069279391dadd2db68c607b4a066ea0c452254e8574842b7c
2023-03-31 15:56:01,True,2.835e-10,8.889e-13,67473530986.0,0.5998,0xea...e1e4,https://bscscan.com/tx/0x8207dbb284b0b372f9668df750907b454bc179da6a5a8641e5a69cbb3868615a
2023-03-31 15:55:43,False,2.806e-10,8.845e-13,2292569721.0,0.0202,0xb1...7fd9,https://bscscan.com/tx/0xde8a7b166a0cf20141cacfb782372b8b3b915e2be0212636112a1a69b7812bf0
2023-03-31 15:55:34,True,2.82e-10,8.889e-13,5317466409.0,0.0472,0x2a...fa34,https://bscscan.com/tx/0x7cabd4f325e3e09c6573e0416e53d185f72410815ce882caa8facea0906e5bd0
2023-03-31 15:54:58,True,2.836e-10,8.889e-13,2000000000.0,0.0177,0x44...51fe,https://bscscan.com/tx/0xe74bc4b749cd0b43ad6e92ab23013d5e3e7396c5717e27f55ee01a68361c0533
2023-03-31 15:54:19,True,2.836e-10,8.889e-13,36341270605.0,0.323,0xb3...802d,https://bscscan.com/tx/0xb6696da23f7a34157174120cffc5ca1196c0cba8476d331a4c7f9af4f2de27dc
2023-03-31 15:54:01,True,2.822e-10,8.889e-13,56246121735.0,0.5,0x9a...7244,https://bscscan.com/tx/0x79ed7cb707e754ddfb8bd253e0c98d89d41c24fc2377ed45088d60f5381b1398
2023-03-31 15:53:58,True,2.836e-10,8.889e-13,128853397424.0,1.14539,0xfb...f289,https://bscscan.com/tx/0x8e94961aef5a44b15cf1abc60124cf8b497a187bcfab8f392a026dd06af34d0d
2023-03-31 15:52:31,False,2.807e-10,8.844e-13,237706563801.0,2.1025,0x10...625e,https://bscscan.com/tx/0x1c03b93d9096dee5ca1f24c4b8073d516bca1be3401f5de1f0a3e01a41b3e796
2023-03-31 15:52:22,True,2.835e-10,8.889e-13,7585674227.0,0.0674,0xac...dd23,https://bscscan.com/tx/0x032e80886102367077950f4fa3f067309133ea658a321301d2047c448aab84eb
2023-03-31 15:51:55,True,2.835e-10,8.889e-13,2701475480.0,0.024,0xef...4088,https://bscscan.com/tx/0x0af6c1da0af6cb397f08da927c8529b57522d4668035f4b58e1b3b0be420f2d7
2023-03-31 15:50:04,True,2.826e-10,8.859e-13,14328429131111.0,126.939,0xb9...f731,https://bscscan.com/tx/0x77a1bb50ed4bb444bb1bbec76eb14ec498abe8028d287d9979d3d66f4211cb78
2023-03-31 15:49:28,False,2.796e-10,8.809e-13,11932027265770.0,105.12,0x37...6bae,https://bscscan.com/tx/0x19f483f32ee803c93b38b5bea9cd011d179e7c6c6f17410d3d8c2c51dbc3d6e8
2023-03-31 15:49:13,True,2.818e-10,8.879e-13,46498783739.0,0.4128,0x9f...13f4,https://bscscan.com/tx/0x4cc953f328a7b432bb56af877ea028aa1ad95c518bd653967ea2d68a10b90001
2023-03-31 15:49:13,True,2.818e-10,8.879e-13,20050000000.0,0.178,0x55...91c1,https://bscscan.com/tx/0x6973c0be295aa9fbe755ce1fbb8be054e67af27d77e1bda62a01210f9acee33a
2023-03-31 15:48:58,False,2.804e-10,8.834e-13,36879989631.0,0.3258,0xd0...7586,https://bscscan.com/tx/0x7b181b4bea3d25886fdc1245f86c30c362fe95cfcdb3c3b8c9fbb16af115d259
2023-03-31 15:48:43,True,2.818e-10,8.879e-13,5029203911.0,0.0446,0xf3...b92a,https://bscscan.com/tx/0x81f3654b05c7031551c6c1a74930ec682af0ae93d9ea2898a711583133d96883
2023-03-31 15:48:07,False,2.818e-10,8.835e-13,31702349455.0,0.28,0x2c...3ed9,https://bscscan.com/tx/0x3cf31875d5947426fd820d0950787c9eebbb4086ed7fbc5bac4f1f50f70a181d
2023-03-31 15:47:58,True,2.833e-10,8.879e-13,6757203354.0,0.06,0xe4...213c,https://bscscan.com/tx/0x20f1c03729576052e2959b628348911ddcb819fcf17a892941afb8a14daa7c02
2023-03-31 15:47:37,False,2.818e-10,8.835e-13,90000000000.0,0.7951,0xc1...1895,https://bscscan.com/tx/0x5b343b3dedfed62f0a43ec7cabb57c842cc8655ae09dfbcccb4a947aa08a4e30
