datetime,buy_order,price_USD,price_native,amount_token,total_native,maker,etherscan_url
2023-03-28 09:19:27,False,2.139e-10,6.872e-13,271725516922.0,1.86745,0xeb...b93a,https://bscscan.com/tx/0x49d247c08d639519cadf80762a1a3dc253d12be94ed88b5f856039d47538b9d2
2023-03-28 09:17:57,True,2.15e-10,6.907e-13,2461117122.0,0.017,0xbe...4158,https://bscscan.com/tx/0x987df42f094c21fef64a83aa8355546066dfab1459a2090f5706686f650b1c6c
2023-03-28 09:14:09,False,2.141e-10,6.872e-13,21873509649.0,0.1503,0x61...3d75,https://bscscan.com/tx/0xe5985f1b0a61d0c49143560e7557944b8588f347abd18a93f19b26895a2bf2c6
2023-03-28 09:11:15,True,2.153e-10,6.907e-13,87515102884.0,0.6045,0x22...b8b7,https://bscscan.com/tx/0x81688936a8f8684d9ab2ebc707d731281d93377764a4e86bda6fd132fd7b1950
2023-03-28 09:10:03,False,2.142e-10,6.872e-13,85116363330.0,0.5849,0xcf...12b2,https://bscscan.com/tx/0xa8c6b0b1bae3b2254412eff406ab34040429b5411f5b0ab3cc06608a28b98d3d
2023-03-28 09:06:06,True,2.154e-10,6.907e-13,2521903324.0,0.0174,0x91...cde6,https://bscscan.com/tx/0x09f55990f903e66052b7fd63bdcd62edbd218ae10ba10280ea409aa8b516f798
2023-03-28 09:04:27,True,2.143e-10,6.907e-13,16748485799.0,0.1156,0x00...fa55,https://bscscan.com/tx/0x8d2f4f8fa06cfb80f912f97d9996dc2298434e641901da84dcd3fdedcffe67e6
2023-03-28 09:02:45,True,2.154e-10,6.907e-13,10129695854.0,0.0699,0x91...cde6,https://bscscan.com/tx/0x5017d38232a75f276e3b5c4fb149b4f43f7e3a42c3ac3c7ae2c31f4c41a7feb7
2023-03-28 09:02:18,True,2.143e-10,6.907e-13,12100000000.0,0.0835,0xb4...9b55,https://bscscan.com/tx/0x2a48a6381412944f99b596fb67c2a56108c143323cabf0a49bafeeeb3e763a52
2023-03-28 08:59:09,True,2.143e-10,6.907e-13,10000000000.0,0.069,0x8f...3e12,https://bscscan.com/tx/0x190190dcf8adbe0f797a694bbc3dc5462f52fcdc469b14d7a20fd7c168e92b12
2023-03-28 08:58:30,False,2.143e-10,6.872e-13,9574044876.0,0.0658,0xdc...39ab,https://bscscan.com/tx/0x61ddb7089f8b12cb9bd99e54f710bab11f653afeb7f4da1716273339c9123c0c
2023-03-28 08:54:45,True,2.143e-10,6.907e-13,13000000000.0,0.0898,0x75...e897,https://bscscan.com/tx/0x16b671973c182bf4246305d64ad8d504eaf8b3c89fb1020c28fa6e56f5151b25
2023-03-28 08:53:30,True,2.153e-10,6.907e-13,6772200000.0,0.0467,0x88...3c74,https://bscscan.com/tx/0x081429e054da82199c2c5b954f6c90f1711ce4b07d33ac52b00b5c1ed2fc7e00
2023-03-28 08:52:33,True,2.143e-10,6.907e-13,10000000000.0,0.069,0x8f...3e12,https://bscscan.com/tx/0x979df240806c3ff10d9d9524538a9c6b3e9e85b18cef47ca46b8a2db225bf315
2023-03-28 08:52:21,True,2.153e-10,6.907e-13,49463378848.0,0.3416,0x5a...8a89,https://bscscan.com/tx/0xeeee613cc8836cc329079bd087971f9ffc04729c2b616e64dc099a827fe04337
2023-03-28 08:51:03,True,2.143e-10,6.907e-13,14165896917.0,0.0978,0x6e...ac6d,https://bscscan.com/tx/0x4198b6b44e0fc01db15e786ed6b90c122d737aceaf8322d88c012ef828eb8a0a
2023-03-28 08:48:15,True,2.153e-10,6.907e-13,23215275155.0,0.1603,0xeb...1382,https://bscscan.com/tx/0xb382ce3355033199030bcfe4162d828697875f1e09669888745b6cb267b5c7e4
2023-03-28 08:44:33,False,2.132e-10,6.872e-13,22500000000.0,0.1546,0xea...2869,https://bscscan.com/tx/0x4d7c20ca87c01f08bffb00227a2ec4d48cb3e506b639cb8e10a82fd382316658
2023-03-28 08:43:39,False,2.143e-10,6.872e-13,16200712486.0,0.1113,0x57...da25,https://bscscan.com/tx/0x6fdb27b0ea6adcd294c787c457cbc81471dbf1d4b541ab1a4324d73538171aef
2023-03-28 08:42:48,True,2.153e-10,6.907e-13,3000000000.0,0.0207,0xa9...4466,https://bscscan.com/tx/0x224c23518a8af0e143798358316d38556edafc25a0883baaab846bdc68f371ff
2023-03-28 08:42:39,True,2.153e-10,6.907e-13,3061932396.0,0.0211,0x7a...5d05,https://bscscan.com/tx/0x6aa3807048d527b388d3b8b7043506a5c4d5e594dec77b032c1e84f010564ecb
2023-03-28 08:41:27,False,2.143e-10,6.872e-13,3999186474.0,0.0274,0xd8...7edd,https://bscscan.com/tx/0x5511be802fae6895a26fbfefa71b01b7d7dbae86d279db920f4e0796da65e21f
2023-03-28 08:40:45,True,2.143e-10,6.907e-13,5572040001.0,0.0384,0x94...8567,https://bscscan.com/tx/0xfef2ceab756ba88f6fa447f19add4ac7eb78a39be7d7065cd446c05f13799154
2023-03-28 08:37:18,True,2.143e-10,6.907e-13,10004141107.0,0.0691,0x18...711c,https://bscscan.com/tx/0x343a5e23c6e8005b700316e069b024fb93ca0b1193b8d425d4f9435a24289030
2023-03-28 08:36:47,True,2.154e-10,6.907e-13,29844696028.0,0.2061,0x0b...8c42,https://bscscan.com/tx/0x3f0969106596ae9226dd58942a075dfcb2353dbc184e86eee17d255f57198e6c
2023-03-28 08:36:23,False,2.143e-10,6.872e-13,15751893989.0,0.1082,0x86...44a7,https://bscscan.com/tx/0x7e74127aeffcd74b859aac422df0610e8ba47ab1c859d8a5d5c83e5d0b8e72ae
2023-03-28 08:35:12,False,2.132e-10,6.872e-13,1800586615.0,0.0123,0x21...d192,https://bscscan.com/tx/0x8208e2ee2a6530f21c64b072421ae33712641029407dd6403429315fae56b8f1
2023-03-28 08:35:03,True,2.143e-10,6.907e-13,3000000000.0,0.0207,0xa6...4614,https://bscscan.com/tx/0x2c9bbdd2969b286059990c22be1b2a9a211184557773addcd7f6fbc7188c850a
2023-03-28 08:33:29,True,2.154e-10,6.907e-13,2954685231.0,0.0204,0x89...f15a,https://bscscan.com/tx/0x5bf09ba4ffa264b96b09dd32ea68a8f13d1712e664e71fe388fa05bea7e131a8
2023-03-28 08:32:32,True,2.154e-10,6.907e-13,607805587.0,0.0042,0xc3...ee5a,https://bscscan.com/tx/0xf540ada84e535e408cdae06ffe5bb29b7eaeef9d482c5d99cceb01fe888aa5de
2023-03-28 08:28:41,True,2.154e-10,6.907e-13,5109262431.0,0.0352,0xc1...7adb,https://bscscan.com/tx/0x950298421ee82266c43b7b9299835cc370919ecc310d0382f599ebe1e54084cb
2023-03-28 08:25:08,True,2.143e-10,6.907e-13,4198635626.0,0.029,0xa8...a2a8,https://bscscan.com/tx/0x88ce264047303f3dfb6ad66bcfa9df57a84892579b072a16036bda1a6ae8e147
2023-03-28 08:24:41,False,2.143e-10,6.872e-13,9005726217.0,0.0618,0x62...075a,https://bscscan.com/tx/0x5adba5d4e9da4582053daeddb5c8f526572c0b9b7f618b8c4b210a15c634d4c7
2023-03-28 08:23:59,True,2.154e-10,6.907e-13,434340389.0,0.003,0x2d...c260,https://bscscan.com/tx/0x0306e6d9b255086f3dc110ee5b001db151b464e5dd5004201dcde8d770cceb77
2023-03-28 08:22:53,True,2.154e-10,6.907e-13,4380980680.0,0.0302,0x29...a236,https://bscscan.com/tx/0x4aa20711b00d7e3daeac0d0676fcef7fce842e5c11aa2adb8f8e66c1c597bca6
2023-03-28 08:21:20,True,2.143e-10,6.906e-13,47778020234.0,0.33,0xbc...64a0,https://bscscan.com/tx/0xd5a6c2fb457b9b4a9436ae885eada241a6bdb57f880456c39b1d29ef8cef0aa7
2023-03-28 08:13:26,False,2.132e-10,6.872e-13,4907051373.0,0.0337,0x0c...3e1b,https://bscscan.com/tx/0xa262e793260831af1c873d8b24609a8ebfb0aba43f51917e27d483a8b1afd736
2023-03-28 08:12:35,True,2.143e-10,6.906e-13,2619534418.0,0.018,0xfa...9f2f,https://bscscan.com/tx/0x1a0cfc7c77a43411b5a2457d086925001fa6bc5a18ed1073b9ec49aa1c2d4bb7
2023-03-28 08:12:26,False,2.132e-10,6.872e-13,15753870000.0,0.1082,0x7d...0e0e,https://bscscan.com/tx/0xed59f9b7b273c6292bc8c955874194f6bfcb6d70ccf1cd14c8a5fad0be14ab45
2023-03-28 08:08:56,True,2.141e-10,6.906e-13,86869301.0,5.999e-05,0x9e...a1d1,https://bscscan.com/tx/0xa4ec8b89932fe5d5a45c03b6eea0095e32f18941a4a3835ebfe6cacf841ac293
2023-03-28 08:07:41,True,2.137e-10,6.906e-13,20000000000.0,0.1381,0xa6...4614,https://bscscan.com/tx/0x27f93f29a48e706407a92f5236c33b270460918812408cb3b5551eea44b5f480
2023-03-28 08:07:05,True,2.148e-10,6.906e-13,6590394553.0,0.0455,0xbe...b494,https://bscscan.com/tx/0x81c695c54ec97aeb2a85f465dd72e823efbf87014ff67bf53016c2e290a367d9
2023-03-28 08:06:35,True,2.148e-10,6.906e-13,4486834165.0,0.0309,0x3f...87f0,https://bscscan.com/tx/0xd91f81a95393b4d7a08ab558d18a54672926806ae16dc817277cdc80fdf0ef49
2023-03-28 07:59:44,True,2.142e-10,6.906e-13,10073529659.0,0.0695,0x6e...ac6d,https://bscscan.com/tx/0x91b0f2f96b2cd50e1af9034dc120d4913b9abfb22e6920e3efd92a81fe71a161
2023-03-28 07:58:02,True,2.141e-10,6.906e-13,701198001.0,0.0048,0x9e...a1d1,https://bscscan.com/tx/0x75b9c5e13a51f993aef783b5b5c9bc17089fc8e516b4e9d0f38517c6a01f11fe
2023-03-28 07:56:59,True,2.129e-10,6.906e-13,111917843012.0,0.7729,0xeb...6291,https://bscscan.com/tx/0xfc7a22e631e6ca60c38ea7448a122d402d18b15b862dbcda2895bf1f32aafee1
2023-03-28 07:56:35,True,2.139e-10,6.906e-13,17052501180.0,0.1177,0x02...0a8f,https://bscscan.com/tx/0x8aa69d4510869ceca47e1501fa577832f5bd09ac3138145a05204a24b172b779
2023-03-28 07:55:32,True,2.127e-10,6.906e-13,2556420001.0,0.0176,0x9e...a1d1,https://bscscan.com/tx/0x1ea9ff35fd63ab67ac95eba23dfd1d9ecce051ca986ee35e1fbe949436aa603d
2023-03-28 07:48:41,True,2.139e-10,6.906e-13,819251315.0,0.0056,0x04...ee7e,https://bscscan.com/tx/0x078bf46bb6efd590466e37777f9d051bdfac7ca6e43fff813ded14030a484bf4
2023-03-28 07:43:11,True,2.14e-10,6.906e-13,10314934481.0,0.0712,0xc5...9619,https://bscscan.com/tx/0x0ac18b864294880d5b67df818dbbd8ed35f1a1c29a6ed923102dfb19e762c734
2023-03-28 07:34:23,True,2.139e-10,6.906e-13,2016344624.0,0.0139,0x0e...7264,https://bscscan.com/tx/0x3c5b1027d3967b384d6c0b7d5cbcdaed3b1a0f69668bb045f13e188dd0f2db9f
2023-03-28 07:34:11,False,2.129e-10,6.871e-13,6561137553.0,0.045,0x59...0087,https://bscscan.com/tx/0x864fc9919c7944871538dc67fb4e9ab8b0928fa0052abe57789e811f6f2a524a
2023-03-28 07:33:14,False,2.118e-10,6.871e-13,45000139170.0,0.3092,0x13...6630,https://bscscan.com/tx/0xb2cd7fb7f8b2edcab03b75a688ff1f181b7f94ce78c81783a181d15ba32f72b2
2023-03-28 07:30:47,True,2.128e-10,6.906e-13,2663000000.0,0.0183,0x77...8c3f,https://bscscan.com/tx/0x230ded640a82ffd9cee1d251a9188c442e7523fe2beafacd9d5d0f04b0f7e2cd
2023-03-28 07:28:38,False,2.128e-10,6.872e-13,9155257965.0,0.0629,0xc7...3a63,https://bscscan.com/tx/0xf9c9efbc359c61ccf3d091c07c5aa47486aa90603ccd91fc01dfda469a452ac3
2023-03-28 07:25:41,False,2.128e-10,6.872e-13,4507200000.0,0.0309,0x25...14c5,https://bscscan.com/tx/0x13fe39d967d33d7c26d8e39b5e8b01dcb8274f498eb389e912b27f89721f7a89
2023-03-28 07:18:35,True,2.138e-10,6.906e-13,57916600099.0,0.4,0x0e...4f52,https://bscscan.com/tx/0xc26eba807b34c9e0c3bdfaf847b38524243478f3870b8e359717ca3a71e8a4ff
2023-03-28 07:14:51,False,2.117e-10,6.871e-13,9000000000.0,0.0618,0xbb...a93f,https://bscscan.com/tx/0xd105ffc24005dc8bfb6ae96190f69d0434a35c8e514c44731be983ea111967c7
2023-03-28 07:14:51,True,2.128e-10,6.906e-13,1100000000.0,0.0076,0xc8...4481,https://bscscan.com/tx/0x3f01929f64594a171a8e5a1d6ed9411a491df40d8620844eb7ae7138d5979e88
2023-03-28 07:11:00,False,2.127e-10,6.872e-13,83474484780.0,0.5736,0x42...3ef7,https://bscscan.com/tx/0xbf4b27735221fd573875afacd04a95d3390be0f4180dd219754fd40257f1af8a
2023-03-28 07:10:33,True,2.127e-10,6.906e-13,4958380272.0,0.0342,0x03...13f5,https://bscscan.com/tx/0x442003de5bf7076c27c382cc6eeb57fa850b002cd3e763ed258b6fdb32df0611
2023-03-28 07:09:33,False,2.116e-10,6.872e-13,33475646719.0,0.23,0x71...3be5,https://bscscan.com/tx/0xa6ba0c41c1d5574be48fd87f48d74d1a469cbb549c8d18a023b673422416d187
2023-03-28 07:08:42,True,2.127e-10,6.906e-13,12030900000.0,0.083,0xd0...5fd1,https://bscscan.com/tx/0x8fa2f6710b4a7e51dcfa759351e2add9a153e6598a03ae303dd3ffb2c3d0c47f
2023-03-28 07:07:15,True,2.137e-10,6.906e-13,8172875951.0,0.0564,0x36...7261,https://bscscan.com/tx/0x5b0eed75ea428cb607b107f402d340a569e82f53d896926e11c91ccb505dbe34
2023-03-28 07:06:45,True,2.127e-10,6.906e-13,5791499854.0,0.04,0xe9...ad5e,https://bscscan.com/tx/0x097519d158dc3b101e3bc876ff43dd6ac36d7b5ebb20ef31386f3a3da24fc91c
2023-03-28 07:04:00,True,2.124e-10,6.906e-13,203466520393.0,1.40521,0xe2...97af,https://bscscan.com/tx/0xa67c58a728b6863903e0dabb01d82d600ec38d1c031e1fd44857e97c73aba486
2023-03-28 07:03:42,True,2.134e-10,6.906e-13,4000000000.0,0.0276,0xe1...ebc9,https://bscscan.com/tx/0xbdf0e0510dab20f6b724657ec55624d04089c3e173552bc60828b08b4c550874
2023-03-28 07:01:42,True,2.132e-10,6.906e-13,9991249167.0,0.069,0xf9...f9fb,https://bscscan.com/tx/0xa0da04ba8d85b30171a0f3958394003f0ac125dfbc58c6cd90ac41675dcdf44a
2023-03-28 07:01:21,True,2.132e-10,6.906e-13,9478750000.0,0.0654,0xe7...c299,https://bscscan.com/tx/0x23d605de44cf482c73a0fc75aa31b2d78c69a135b4a09d5ea2174f5f1ffb98e0
2023-03-28 06:55:36,True,2.129e-10,6.905e-13,2300000000.0,0.0158,0x17...0649,https://bscscan.com/tx/0x5dadf624b0692e0b33de1830cf376468acb8c09dff32c82bf68896828622c84f
2023-03-28 06:52:47,True,2.129e-10,6.905e-13,1000000000.0,0.0069,0x6a...9cae,https://bscscan.com/tx/0x4a20991073c7f0e495edf61957eedcd5c9f67d4614d8682ade59a27d9dda9eb2
2023-03-28 06:50:56,False,2.119e-10,6.872e-13,366698094887.0,2.51996,0x33...00c2,https://bscscan.com/tx/0x219e0b0c5a24f5469d820029f3e4ff7fef6d4dd0ea108a4faf5ffa960750a7ec
2023-03-28 06:50:17,True,2.13e-10,6.907e-13,31986691640.0,0.2209,0x06...2437,https://bscscan.com/tx/0xc13c9653e72b92519eea37d5d6336b5cf3aa26a3d0f0a6d5e7c3cf39a69e887b
2023-03-28 06:45:30,False,2.108e-10,6.872e-13,12600000000.0,0.0865,0xf5...0af5,https://bscscan.com/tx/0xb16fd0c09d459e32c6a92d28411a512e9ac5a559f15ec35d302c90869aef7ebe
2023-03-28 06:44:56,True,2.119e-10,6.907e-13,493492873.0,0.0034,0xcc...c930,https://bscscan.com/tx/0xe21156730db1d27793ab0758e38b4889a5d8d6034bf742f3bc06c3a52cbea0d7
2023-03-28 06:44:25,False,2.119e-10,6.872e-13,55958334285.0,0.3845,0x5d...1ed6,https://bscscan.com/tx/0x6ea2975ff6d68801a72f13eb401441923dc481cc6e68362cddcf4db22937332d
2023-03-28 06:35:39,True,2.118e-10,6.907e-13,9741351018.0,0.0672,0xc7...f3b9,https://bscscan.com/tx/0xcd3935ba6daadc636d71501b3be6744d0351cebfebdac09f116adfa4bc0b3a78
2023-03-28 06:35:14,True,2.128e-10,6.907e-13,4343336515.0,0.03,0x2d...4214,https://bscscan.com/tx/0xadf9962083fbfdc1acf2456ea82685cc823566d6df43ff06305ecd40b927edcb
2023-03-28 06:32:56,False,2.118e-10,6.872e-13,7989769022.0,0.0549,0x71...7ddb,https://bscscan.com/tx/0x987b8da73dc4fd479f7048357e8d57ff71694ddaa4a1a7a7b02ba2b93c2ea2e6
2023-03-28 06:32:02,True,2.118e-10,6.907e-13,36231227547.0,0.2502,0xda...919e,https://bscscan.com/tx/0xfbdc459ce5c14ceee7f9a92a2ca1d01970589f058cf5aedda834832512f774d7
2023-03-28 06:30:05,False,2.118e-10,6.872e-13,31391682282.0,0.2157,0x79...bbd6,https://bscscan.com/tx/0xc0cb06e232d9caa69f0157b18c77c7b42d3a1d58febdb86a7f845fa92e90d573
2023-03-28 06:25:02,False,2.117e-10,6.872e-13,18734448318.0,0.1287,0x01...9df4,https://bscscan.com/tx/0xc7d8f86c236bc3c3fab0a90d947deaf24d666fcae25b1202d68bcf38c897dac9
2023-03-28 06:24:20,False,2.117e-10,6.872e-13,10653024276.0,0.0732,0x71...7ddb,https://bscscan.com/tx/0x4ed9577d8ac71fe40dff0b30e75d451636a0fbb523b774120418ef1757ee2580
2023-03-28 06:21:11,False,2.119e-10,6.872e-13,10582406523.0,0.0727,0x7a...2093,https://bscscan.com/tx/0xb0d9484e73f659d506f39d24a05a2d9c996861f478e549039b1a6f1d22954d77
2023-03-28 06:19:44,True,2.119e-10,6.907e-13,13078215.0,9.033e-06,0xe1...3270,https://bscscan.com/tx/0x1f9931269246c3a0e7353c4beb2a78caa0f4d26c2be0b864d552b98899838398
2023-03-28 06:18:38,True,2.129e-10,6.907e-13,5503505109.0,0.038,0x49...8415,https://bscscan.com/tx/0xd982e2b3769977fa06d615586a04e3916dfb1f8ce13f57c3c1f86d6b0ef878c0
2023-03-28 06:18:32,True,2.13e-10,6.907e-13,21440785930.0,0.1481,0x1b...9574,https://bscscan.com/tx/0xe17cb9c209575bfcacfa13f16e103061155614774d09fed01e007df05302dfac
2023-03-28 06:18:20,True,2.13e-10,6.907e-13,4032760199.0,0.0278,0xa3...0c56,https://bscscan.com/tx/0x3c094897e719081ab9920d6d64b2cbc2878dace19d83d8629c97d3471d3fab63
2023-03-28 06:18:17,True,2.13e-10,6.907e-13,289554587.0,0.002,0x1e...8538,https://bscscan.com/tx/0x8db999395f0d48708c93df4494e9560771918b7f66905552196e0d816b800ac0
2023-03-28 06:18:11,True,2.13e-10,6.907e-13,10000000000.0,0.069,0x6d...df58,https://bscscan.com/tx/0xab2d1ed6b38eda1aa68cde7376592f991b39c85da79aeaaf3e2c2f84b402aee7
2023-03-28 06:16:35,False,2.108e-10,6.872e-13,221293797530.0,1.52094,0x64...45f4,https://bscscan.com/tx/0x3c16b86dafec47ed8f121a5ad1ef444d17deb19e78bbdb5920179bdee0c56424
2023-03-28 06:15:24,True,2.13e-10,6.907e-13,1190546346.0,0.0082,0x96...e23f,https://bscscan.com/tx/0x42434fdf64c46f15be018be9804658e30dd0ba24b85c6928118614e77b864a4e
2023-03-28 06:11:37,True,2.12e-10,6.907e-13,3987972829.0,0.0275,0x3c...931f,https://bscscan.com/tx/0x40b6cb5520b15015ed16e1f09ee4484b11866bb24865e11972f2850e1360428b
2023-03-28 06:11:10,True,2.131e-10,6.907e-13,32315332.0,2.232e-05,0xe1...3270,https://bscscan.com/tx/0xd61791917df3fb000e77ca7b0d8cee57aa2891dffd4161dc38093ccf73d3e6d2
2023-03-28 06:09:16,True,2.121e-10,6.907e-13,1467062660.0,0.0101,0xe1...4ca4,https://bscscan.com/tx/0xd61c94b47f672d59be091438ba7b1eef0866ae06f68ddc870b946ad30e09e3cc
2023-03-28 06:08:58,True,2.122e-10,6.907e-13,14.4765,1e-11,0xe9...16ff,https://bscscan.com/tx/0x5c231e2ae05165c9350eda6786d891de08a3419b9fcb4827bee5b3d7e5fa9252
2023-03-28 06:07:55,True,2.122e-10,6.907e-13,40534100.0,2.799e-05,0xf0...e4d1,https://bscscan.com/tx/0x21036e93091c083ef420e26362b0cb94aaf982ccbb76a4f70531283f22159b9c
2023-03-28 06:05:34,False,2.122e-10,6.873e-13,11422482403.0,0.0785,0x0b...5d90,https://bscscan.com/tx/0x790085d7d88c9834e2fd6293c0d2aeb8f8a2a450e6551f228c53e588182205b1
2023-03-28 06:04:34,True,2.133e-10,6.907e-13,660425000.0,0.0045,0x68...ccdb,https://bscscan.com/tx/0x9279c01be16621ffca99f314643e5b29aa9f8af110c03a776440831f6112625a
2023-03-28 06:03:31,True,2.123e-10,6.907e-13,20000858814.0,0.1381,0x57...da25,https://bscscan.com/tx/0x9c44da829a502fd8162b94e6ab018cf28d5018730e5cdff20f494cc8a87d3a70
2023-03-28 05:59:55,False,2.124e-10,6.873e-13,7102014693.0,0.0488,0x71...7ddb,https://bscscan.com/tx/0x59373d1b8aadaa56517b7bacb277f37e837417e850aab8b0742b04c3267164fe
2023-03-28 05:58:43,True,2.125e-10,6.907e-13,12781483148.0,0.0882,0x7f...f028,https://bscscan.com/tx/0x280ff8580b7269976992440444a5b421df553642cdc30115e5d395a9829036fe
2023-03-28 05:58:10,True,2.125e-10,6.907e-13,796211492.0,0.0055,0xf4...c524,https://bscscan.com/tx/0xd5a76106a09f6f5809a1373b473d7d74afde1def1496ec4171946160e077b9a4
2023-03-28 05:53:08,True,2.137e-10,6.907e-13,1013360470.0,0.007,0x33...cd2b,https://bscscan.com/tx/0x8dd482fc28f0d60165429dd9d5e0af03f9011f69b65977f6ef40cc5c36b04c97
2023-03-28 05:52:47,True,2.127e-10,6.907e-13,2000000000.0,0.0138,0x29...e057,https://bscscan.com/tx/0x395aad2b47f13fcf31f7e25b00365786d1bb7add735f613f22f57e38ac1306b1
2023-03-28 05:51:55,False,2.127e-10,6.873e-13,5215777872.0,0.0358,0x8a...7961,https://bscscan.com/tx/0x1924d976d8e5aa3f66bb88201f61165ba558dcf85914305039e2ba848b943645
2023-03-28 05:49:43,False,2.127e-10,6.873e-13,6357535641.0,0.0437,0x70...375d,https://bscscan.com/tx/0x0ff7d4643ef3101635d752c01eb18b1a1b578eb6a26f17c9bc07dd6f5b6a2e6c
2023-03-28 05:45:34,True,2.137e-10,6.907e-13,46162401626.0,0.3188,0x9b...d3f7,https://bscscan.com/tx/0x43b29f59728268a38d32321c9c7691a098ee95409aae3a41aa850e156ef5be58
2023-03-28 05:44:34,False,2.114e-10,6.873e-13,4347766861.0,0.0298,0xe6...2eff,https://bscscan.com/tx/0x3e8a8ea8a6244dba79098a08e747730b4752de20f500d73193e15c339634d70f
2023-03-28 05:41:43,False,2.125e-10,6.873e-13,3994218206.0,0.0274,0x73...c1b9,https://bscscan.com/tx/0x68c940ad7dbd8209d03a006dfd6275b45cec198e29e8234e4a535e78d0e810dd
2023-03-28 05:38:37,False,2.125e-10,6.873e-13,10893535319.0,0.0748,0xd7...04c9,https://bscscan.com/tx/0x45d054af1a1c5b10c5ab8efa63af0a5cfa935ff2e0fc3beb9a108c8eb75189b7
2023-03-28 05:38:31,False,2.125e-10,6.873e-13,297605585991.0,2.04562,0x1f...5977,https://bscscan.com/tx/0xc7b27ba8850f0b78f69259e483c0eb0c49a57d2979e0c8d28bf41fab5e56275e
2023-03-28 05:36:04,False,2.126e-10,6.874e-13,13642591909.0,0.0937,0xe6...4786,https://bscscan.com/tx/0x84ad04183f3de63b286ca8c8e82b9648056c097d67b3c50bb7d402a7a68f6d1c
2023-03-28 05:35:34,True,2.126e-10,6.908e-13,14503700000.0,0.1002,0x56...229e,https://bscscan.com/tx/0x5bb7bc035d30d5b8e7429c24ed6647d8cd337eb3b9dea98525c53ef23e56d847
2023-03-28 05:27:55,True,2.146e-10,6.907e-13,367414276882.0,2.53809,0x1f...5977,https://bscscan.com/tx/0x5e10adf1c415872e5f39b2d660d49e2ebde947248612d731412bef80ec6a339c
2023-03-28 05:23:25,True,2.135e-10,6.907e-13,34044507793.0,0.2351,0xd6...621e,https://bscscan.com/tx/0x011435da6a215cc9df482f1812ef36d497842b110c4aa0cb98d2ad70cb4c1989
2023-03-28 05:19:04,True,2.146e-10,6.907e-13,144777802906.0,1.0,0x8b...9be9,https://bscscan.com/tx/0xd3d7a3e80343402ff8f54c0bbd672a5e3b9697c5b34171661167b74b7301de15
2023-03-28 05:18:16,True,2.135e-10,6.904e-13,1448267318310.0,10.0,0x3c...72a1,https://bscscan.com/tx/0xb9e24c5c9e42f6ca1b4d52038f633293e8a085a224ec1e106f6fcbf28f82fa48
2023-03-28 05:17:01,False,2.134e-10,6.868e-13,14269345783.0,0.098,0x71...7ddb,https://bscscan.com/tx/0x947bdba925363453dc45f651596dbcfa941c610c56108b3bca4643504bb8769f
2023-03-28 05:16:38,False,2.123e-10,6.868e-13,140635999245.0,0.9659,0xf0...7392,https://bscscan.com/tx/0x1d263fe2eb2da921eebee87fc69b4a89d06e92c6e053de2250a67995ec8b8eb0
2023-03-28 05:16:26,True,2.145e-10,6.903e-13,39331387289.0,0.2715,0x6d...53dd,https://bscscan.com/tx/0x5f73d73bb77fd18d20cde411076b3eed82dc97788f4b18b979aa77564e696e67
2023-03-28 05:15:29,False,2.134e-10,6.868e-13,17639663328.0,0.1211,0x20...da2a,https://bscscan.com/tx/0x5a982598620aba1831c9e5d56824ecfbc1eda9bcafa494709a4c1542ba526bfe
2023-03-28 05:14:43,False,2.124e-10,6.868e-13,44258367561.0,0.304,0xa1...ca2f,https://bscscan.com/tx/0xf12096a991e37676e588ce6ffc5243316451a3123b7053533d765d4ef4c616ff
2023-03-28 05:13:58,True,2.134e-10,6.903e-13,4996324960.0,0.0344,0x5c...6f33,https://bscscan.com/tx/0x3dba41d180da22f1fa16ca56859014df73a4acfd7af0c8a2e1029786fbcebe3d
2023-03-28 05:11:17,True,2.135e-10,6.903e-13,547476407.0,0.0037,0x9b...d3f7,https://bscscan.com/tx/0x308b28cce5e3dba434221bd800324a483490033e162a3c849f1fdf5257e32953
2023-03-28 05:11:02,True,2.135e-10,6.903e-13,9963591261.0,0.0687,0x60...eac4,https://bscscan.com/tx/0x327c689f840a0749f3f226a40ba2d3bac27e332d3efabb04f9b509fa6e78540b
2023-03-28 05:10:53,False,2.124e-10,6.868e-13,2069313512.0,0.0142,0xb5...56de,https://bscscan.com/tx/0x85fb2808cfd929bd9f8f09074e31033fd61efe2ed16b65a286ec5f32b315d887
2023-03-28 05:07:41,True,2.134e-10,6.903e-13,2989000000.0,0.0206,0x71...3be5,https://bscscan.com/tx/0xd1029eefe153feae3b336bd1eebbd294fa738711208197cb644bcd317e5ea757
2023-03-28 05:06:32,True,2.134e-10,6.903e-13,1000692330.0,0.0069,0x15...4042,https://bscscan.com/tx/0x025c0fc360a7c60c62350c3232d783d267e76bef9902d3e71d41ad93f8c4cf46
2023-03-28 05:06:23,True,2.134e-10,6.903e-13,17247200001.0,0.119,0x71...7ddb,https://bscscan.com/tx/0xb029de966ef6fbb65d6c423609cbf7926f09336cc108515c893f6abe0758702d
2023-03-28 05:03:53,False,2.134e-10,6.87e-13,946109267616.0,6.49978,0x28...769d,https://bscscan.com/tx/0x4d7701f9d4db82ed1fef0979a839f73282badf23ecafd7b674458fa7774d7ea8
2023-03-28 05:03:32,True,2.146e-10,6.905e-13,7421681044.0,0.0512,0x48...ff73,https://bscscan.com/tx/0xd0b6de7f09ed4cf9fcedab7835f096052c4d6804362e3530c0ee2642164e1b5c
2023-03-28 05:02:26,True,2.147e-10,6.905e-13,583510712.0,0.004,0x26...7b02,https://bscscan.com/tx/0x96f4e3d6a702f588dc4c8c21f240b45f7ea96aeca20f86adbb11c3f31cb79abe
2023-03-28 05:01:35,False,2.126e-10,6.871e-13,88643919150.0,0.6091,0x7e...93f6,https://bscscan.com/tx/0x2e6a7003e5b5ef153d1f7666069df484094e61d44bce55d2126eee58b74f8426
2023-03-28 04:59:56,True,2.148e-10,6.906e-13,24723400001.0,0.1707,0x71...7ddb,https://bscscan.com/tx/0x2b9f446bf34a8062efac7eb76163fef5d42f20cfdbd6e34a33a559f766e2b706
2023-03-28 04:59:05,False,2.127e-10,6.871e-13,6158867630.0,0.0423,0xcb...d7a5,https://bscscan.com/tx/0x87ffe00d0c4e65ec9fec7932d408272637f1f1f816176456fcc7c7f99e8b28ff
2023-03-28 04:57:02,True,2.148e-10,6.905e-13,31036000000.0,0.2143,0x64...982a,https://bscscan.com/tx/0xb7c80b6f2bcb2abcb922f832a4fe01a5f4660ed87aecade16200ebc199ef5e1a
2023-03-28 04:54:38,True,2.148e-10,6.905e-13,3253025599.0,0.0224,0xec...0df6,https://bscscan.com/tx/0x54fd4ca5ae4514cb951d9e1d58f5cf63c14ed75d3ff6fe594d7a63ba7346c050
2023-03-28 04:54:35,False,2.137e-10,6.871e-13,11335818703.0,0.0778,0xae...1d28,https://bscscan.com/tx/0xb79b23ba5ff1efb8347eccf24d08caa3fb970c4ad63fefd46406cff8c95ca956
2023-03-28 04:54:20,True,2.148e-10,6.905e-13,579208009.0,0.004,0x89...e8d8,https://bscscan.com/tx/0x1eb73d4fdedb742f4e680bc1bc5ec314df790a8c025fd7c87a8366f1c3976f61
2023-03-28 04:51:32,True,2.138e-10,6.905e-13,4924399958.0,0.034,0xf7...6128,https://bscscan.com/tx/0x7fb22991be94747c542adaf9bc56e106a76a48955e9465d4a922e5ac9ea6d67f
2023-03-28 04:51:20,True,2.138e-10,6.905e-13,7240000000.0,0.05,0x73...2d07,https://bscscan.com/tx/0xff3d2fc76b87975340a70027313b560c6e9f2e2b4f42b95e9f73bec0bc14fd26
2023-03-28 04:48:29,True,2.137e-10,6.905e-13,228040883489.0,1.57476,0x7d...aeca,https://bscscan.com/tx/0x27d565b83c208788ed57b350a5679bcfc15c94c837f6c316154a6d2bd937b7ff
2023-03-28 04:47:23,True,2.148e-10,6.905e-13,54801045818.0,0.3784,0x28...1492,https://bscscan.com/tx/0x27a6e0c17113324ab6808a7446d1a826624778e6f26dcb9eb5d9810446d86c06
2023-03-28 04:46:44,False,2.127e-10,6.87e-13,6394924507.0,0.0439,0x13...d3a0,https://bscscan.com/tx/0x917f3db85bf4eeccdce64aa7160d3bfdf046101035477ede0e3537b7d38a8373
2023-03-28 04:46:29,False,2.137e-10,6.87e-13,22006734765.0,0.1512,0x79...5cc5,https://bscscan.com/tx/0xef42edf8874d3a9f37ecca20320ea8d319679036f2d2afc2e88d3516a2447c13
2023-03-28 04:46:20,True,2.148e-10,6.905e-13,564471057.0,0.0039,0x88...03d5,https://bscscan.com/tx/0x2b79dc4e45c36364bb3ae9fa95e9834303b9bd50eafb221d8162d7760b008d4f
2023-03-28 04:45:38,False,2.127e-10,6.87e-13,28756676680.0,0.1975,0x7e...f162,https://bscscan.com/tx/0xbdc14ac365fb5e7f5a56316c4e0652a1dd5fc5e23f639cf29f591cca0a4fef52
2023-03-28 04:44:26,True,2.137e-10,6.905e-13,2896337035.0,0.02,0x83...21e6,https://bscscan.com/tx/0x04cff85d067c0aa5c480c494f1b82d7e6a8168165bb8ec865b3a88cf01f88aba
2023-03-28 04:41:11,True,2.138e-10,6.905e-13,5438143061.0,0.0375,0xb0...9b71,https://bscscan.com/tx/0x05ca098621d9c80eb748f2003f76fa88acce59574478e1e3156292256c76b03b
2023-03-28 04:38:53,True,2.138e-10,6.905e-13,8652643829.0,0.0597,0x56...d77e,https://bscscan.com/tx/0x647373de857f9fbcae4a1434fd7a5dce29d93167daf448c30ce0419201358a6b
2023-03-28 04:38:26,True,2.138e-10,6.905e-13,17919714743.0,0.1237,0x22...aadf,https://bscscan.com/tx/0x964eed10c4aaff2113b5ce64e84ec7d33a6037c03d68a9cb8a01ce1f30c2738b
2023-03-28 04:32:56,False,2.138e-10,6.871e-13,317297641099.0,2.1802,0x53...bca3,https://bscscan.com/tx/0xd599f579d5dba4ac55a34cf1f067059879662a9f67da02937f67bce8dd5a4f97
2023-03-28 04:31:08,True,2.15e-10,6.906e-13,5791986352.0,0.04,0xb1...c478,https://bscscan.com/tx/0x3602bdb58300c945ab301a229bafa60dd9b489c428fb6cdd4bfd775754c2e72f
2023-03-28 04:31:05,False,2.139e-10,6.872e-13,317297622014.0,2.18049,0x53...bca3,https://bscscan.com/tx/0x4731963becc26b2856552810092c712d3ca35a51732bbc192cddd21bf3e72909
2023-03-28 04:30:59,True,2.15e-10,6.906e-13,8997360001.0,0.0621,0x71...7ddb,https://bscscan.com/tx/0x6aef544873e21d153cd646fe101ef10e07db2c6848eef0c3618a5a5ca99b4c66
2023-03-28 04:30:23,True,2.139e-10,6.906e-13,19286121136.0,0.1332,0xb8...fcf4,https://bscscan.com/tx/0x0d13940459715891c87024c1c94d8fbb8371caf09760ed7d8d68dacca2e5911b
2023-03-28 04:29:59,False,2.129e-10,6.872e-13,24167961003.0,0.166,0xf6...0076,https://bscscan.com/tx/0x64fd990e8e75ad8539c2e8f217bb157a6a8e5e9002c24f718d23e633a74964be
2023-03-28 04:29:20,False,2.13e-10,6.872e-13,211531736218.0,1.45382,0x53...bca3,https://bscscan.com/tx/0xf0ef84c83881dffc9d67b7227390d0642469c64f7acb030d65a464ca319e954d
2023-03-28 04:28:11,False,2.141e-10,6.873e-13,38922213270.0,0.2675,0xa9...ee62,https://bscscan.com/tx/0xbf98ebcd3111c0676f3d9a34ae61fdf1d060e083e465e10c9f4fd1898fe75720
2023-03-28 04:27:59,False,2.131e-10,6.873e-13,30500423266.0,0.2096,0x34...6a76,https://bscscan.com/tx/0x2d4e2d46d426529f43a9bb78e5ca2c434bc97d761195aad48054dd17b383650d
2023-03-28 04:25:35,False,2.143e-10,6.873e-13,90042306053.0,0.6189,0x53...bca3,https://bscscan.com/tx/0xafe6d2452f9702451df4e285e549ccc607a6b3a4d51321193cfd96c2f313beaa
2023-03-28 04:22:59,False,2.134e-10,6.873e-13,37123492332.0,0.2551,0x5c...c525,https://bscscan.com/tx/0xf458481c6ff4dcc86ef92cf0658a4eeb7cf8ecf4555296d9d3f57036035cfbec
2023-03-28 04:20:20,True,2.155e-10,6.908e-13,866438911.0,0.0059,0x15...4042,https://bscscan.com/tx/0x986562df62d733e4004b6d2b262b0dab29f363618de97ed29694b1add00a147b
2023-03-28 04:17:53,False,2.133e-10,6.873e-13,21365501328.0,0.1468,0xd5...c7d8,https://bscscan.com/tx/0x47305acb60da07ef17607476697146b8fce6be6ffc36dfebfc032c9c36acb559
2023-03-28 04:16:59,True,2.155e-10,6.908e-13,28951064755.0,0.2,0x64...d3d1,https://bscscan.com/tx/0xa01bf11963be82676bf24a16ec9bf0aa39adca5f0fbd28695bd134d8967ae95b
2023-03-28 04:13:02,True,2.155e-10,6.908e-13,8685388661.0,0.06,0xc3...3ba0,https://bscscan.com/tx/0x1faac667e9f5e69727aee09a28dc97e53886d9d77bb5368c26252f2fdb241d8e
2023-03-28 04:11:29,False,2.133e-10,6.873e-13,16200000000.0,0.1113,0x9b...d3d0,https://bscscan.com/tx/0x2ab5d659e6efede7d564809025fe44f856ce121788c9043c1eff0cc70c2fce50
2023-03-28 04:03:32,False,2.135e-10,6.874e-13,502165598171.0,3.4521,0x3e...ba88,https://bscscan.com/tx/0x0d7c355c9458495d1d7fed78f12fad3375ef844bac447630e0d15e4cd3a898c3
2023-03-28 04:01:47,False,2.146e-10,6.875e-13,423644165232.0,2.91288,0x90...1d7b,https://bscscan.com/tx/0x72446d7846c3aabff9c2ba29b87ea7bcf01f016666f5bd793239ab56bec8ee21
2023-03-28 04:00:14,True,2.157e-10,6.91e-13,96950386835.0,0.67,0xec...5181,https://bscscan.com/tx/0x7b2ce632123b09b882b2e05d99ee69720ca54293328ed9d725f91cb5cbaf83a4
2023-03-28 03:57:59,True,2.146e-10,6.91e-13,32638247469.0,0.2255,0xcc...ac62,https://bscscan.com/tx/0xa3aa233f115c8d79aedaec93f694676aaa9e87ef67a86658f456f55788ada9d8
2023-03-28 03:51:56,True,2.157e-10,6.91e-13,4775337240.0,0.033,0x6f...de19,https://bscscan.com/tx/0x96795e97b7a8f38618bc326e63ccc9df15cb06761621ae59d64d2ef626e78241
2023-03-28 03:47:08,False,2.147e-10,6.876e-13,19299919376.0,0.1327,0x6b...7e40,https://bscscan.com/tx/0x46d9b5982ada015ca39abfa25663dbae3abc6bc857d4482dd4de6fc65fee0e1a
2023-03-28 03:46:59,False,2.147e-10,6.876e-13,19047408380.0,0.1309,0x0d...e30b,https://bscscan.com/tx/0x4438f3b7ab0a1ae1ee74defd3c5f2a1ca3145b09e4ed6472f3884d706200c517
2023-03-28 03:43:38,False,2.136e-10,6.876e-13,7130712454.0,0.049,0x29...af43,https://bscscan.com/tx/0x3c596c52260dff57bc23f5f642605105cd27f77c08555fb859648411d2e0ddd4
2023-03-28 03:41:05,False,2.147e-10,6.876e-13,1256254710.0,0.0086,0x53...bca3,https://bscscan.com/tx/0xf9d8001b29fda181f29b6a80716ea652de9be72f0d9637c7808227d48cac63a9
2023-03-28 03:40:32,False,2.148e-10,6.876e-13,502243410399.0,3.45386,0x80...c095,https://bscscan.com/tx/0x59323dec562e64917e7e3d6745c5507f18e1b7bcf585cfe22cbb393274d2ca2e
2023-03-28 03:38:29,False,2.131e-10,6.877e-13,4179978342.0,0.0287,0x71...7ddb,https://bscscan.com/tx/0xe670ec5ef4bd8222f616a65af95fccde011e9f39cf6123e39140911c909fd09f
2023-03-28 03:33:23,False,2.122e-10,6.877e-13,5573299701.0,0.0383,0x71...7ddb,https://bscscan.com/tx/0x0a177be655766f47792856708d2c2592e9a41f3d9b203b381c52f3d4d2b43a86
2023-03-28 03:24:41,True,2.131e-10,6.912e-13,50711053379.0,0.3505,0x82...a63d,https://bscscan.com/tx/0x431877cde81f5c722d5b55e135a1a5524ddae749f2862acd458062462466bf9f
2023-03-28 03:24:08,False,2.13e-10,6.874e-13,23318766194.0,0.1602,0x6f...3be9,https://bscscan.com/tx/0x10dfc2488a79a5a1540b876ffd0d775a849cb4c1b5db091543e398b584aee0b4
2023-03-28 03:22:56,False,2.131e-10,6.877e-13,16943161955.0,0.1165,0xd4...6f70,https://bscscan.com/tx/0x9afd1ac3c5c193ef2c864e91935415ee04e36cad658e241a38ae954afa405657
2023-03-28 03:22:14,False,2.131e-10,6.877e-13,11689678913.0,0.0804,0xb3...caf0,https://bscscan.com/tx/0x9a654c88414b5cb29517ba5489abecaa80e13925be08793f5b2cf279d129d1da
2023-03-28 03:21:16,True,2.142e-10,6.912e-13,3496071599.0,0.0241,0x77...cfb6,https://bscscan.com/tx/0x735d2b066e4e4307b44ef633786d08f61704455bbad745f67a7ac28eaf8126f7
2023-03-28 03:20:49,False,2.12e-10,6.877e-13,135544146055.0,0.9322,0x32...4e0e,https://bscscan.com/tx/0x26873937224c0edec5228c7014c65518e6e0cdd9abad676faf6fb07568409649
2023-03-28 03:19:25,False,2.12e-10,6.878e-13,4518582960.0,0.031,0x94...e719,https://bscscan.com/tx/0xc3514dd25a0176375a335996e9e25662c46ba72db44f8e551458ca8517fe7267
2023-03-28 03:13:58,True,2.131e-10,6.912e-13,305395067760.0,2.11092,0x04...6dbe,https://bscscan.com/tx/0x36ebd9399ffa7727d2aa1f6cf5b0d364e8a106f591e11b2c9e601b7f4e753ffc
2023-03-28 03:13:19,False,2.131e-10,6.877e-13,77694255677.0,0.5343,0x90...674d,https://bscscan.com/tx/0x34978f81b20936f27a142d80c9605367722a9e01929c438f7b122dd9f0e04416
2023-03-28 03:11:16,False,2.13e-10,6.877e-13,54749673676.0,0.3765,0xc3...bd37,https://bscscan.com/tx/0xda695b93069e340a058b7488f4b665aa4aa61176a90cbeb08deb39dc20db0f26
2023-03-28 03:10:22,False,2.119e-10,6.877e-13,231300000000.0,1.59085,0x27...6d3e,https://bscscan.com/tx/0x8fd4775d2d1d4ea5f9fbd3bbc2874b68e49ce129cc203bc412cec3b56eb26e92
2023-03-28 03:07:10,False,2.131e-10,6.878e-13,172028001651.0,1.18328,0x7d...939e,https://bscscan.com/tx/0xeac04d8d7735d960de97998394f24f8c0079abaa1e539ef2591bf2fe4bba3189
2023-03-28 03:05:22,True,2.142e-10,6.913e-13,23795155869.0,0.1645,0x78...cb04,https://bscscan.com/tx/0x0c9ca38847ee845125dc8c36be2c54538e1598166e8b3456bdc1c39a7df21cd8
2023-03-28 03:01:43,True,2.137e-10,6.913e-13,1609909524.0,0.0111,0x7d...2076,https://bscscan.com/tx/0xccd421dab31097ce8a82285f24e5e55b183e33fe4c2b3c371d58be85e7da0cde
2023-03-28 03:00:52,True,2.137e-10,6.913e-13,78978573831.0,0.5459,0x6d...53dd,https://bscscan.com/tx/0x069aa1b7533570a62d4cfaa4dcff80bedafdb0f3a35c98e10234657cbbd95423
2023-03-28 02:59:22,False,2.127e-10,6.878e-13,4248527372.0,0.0292,0xf6...7073,https://bscscan.com/tx/0x30c78a5ec53e3b14118014b26a0d4eb7045bfe41760c6a81c695a9e81bcd9a2b
2023-03-28 02:58:01,True,2.15e-10,6.912e-13,8932925554.0,0.0617,0xe3...cc3c,https://bscscan.com/tx/0x5718e21a829d191b12fbdb7ac320181e1393a932731722a6131a56243d3b24cf
2023-03-28 02:58:01,False,2.139e-10,6.878e-13,46832261072.0,0.3221,0x68...ca68,https://bscscan.com/tx/0xf1a9bc6487eb655263b54373ab032a9791575c636903ca3624431d42bff412b4
2023-03-28 02:57:07,True,2.15e-10,6.913e-13,1079414794.0,0.0074,0xd7...cf4e,https://bscscan.com/tx/0xd86fbe7b4b5a7faea30f412ecc0f62f60778acb11aaf6ea29acd53d4c6304245
2023-03-28 02:54:58,True,2.139e-10,6.912e-13,64826913193.0,0.4481,0xc3...9b4f,https://bscscan.com/tx/0x313c8cfe6089b96874fdd30d0f7bf366d6570d8493767bb1fab75c7f9e3930ff
2023-03-28 02:54:13,False,2.128e-10,6.878e-13,7651530000.0,0.0526,0x13...6630,https://bscscan.com/tx/0x33016b90d2e18a00c386f5823d2096e3e39156bea78614da25b356264dca6360
2023-03-28 02:53:52,True,2.139e-10,6.912e-13,13304993630.0,0.0919,0xee...b23d,https://bscscan.com/tx/0xbafcd1ae48cb59374dbbc39262f647d01f34bb7f53519516e357bfdfe89c3a55
2023-03-28 02:51:52,False,2.142e-10,6.878e-13,4078201932.0,0.028,0x17...67aa,https://bscscan.com/tx/0xcaa1bab90a5b6796eb7068a8d9d5e5bc8ad4f8b60d95955101fba79a2bbf65a0
2023-03-28 02:50:22,True,2.153e-10,6.912e-13,13126239004.0,0.0907,0xb6...0aa7,https://bscscan.com/tx/0x39b59fb6e17b5f266ac79b84bd9d0cdbdb033d6e177bf479969b648470637304
2023-03-28 02:50:19,True,2.153e-10,6.912e-13,61350641440.0,0.4241,0x16...85d2,https://bscscan.com/tx/0x3b91e6e4be3cb8169a46eec9a708ae83efc8aab7603391b6dfd6f9ee35f741bf
2023-03-28 02:49:58,True,2.152e-10,6.912e-13,10994429426.0,0.076,0x0b...ec8d,https://bscscan.com/tx/0xf39dd72f6015ce5df004d944e6ded21da210c5859bdd31ee3caddac9384d41da
2023-03-28 02:49:37,True,2.152e-10,6.912e-13,235356711330.0,1.62684,0xe3...cc3c,https://bscscan.com/tx/0x304e6e455165559b3c3ff442d02b94850b045b2120b7d4482af1e49a0cc0c331
2023-03-28 02:47:43,True,2.154e-10,6.911e-13,2013180000.0,0.0139,0x32...7363,https://bscscan.com/tx/0x1305baa5f86922213f68a3348a6c8c6efbfdb977a37997283b352df769e6ba2f
2023-03-28 02:40:07,True,2.153e-10,6.911e-13,109722461641.0,0.7583,0xb7...bfbc,https://bscscan.com/tx/0x805cd927596971cdc00c52b5b8e845af739a157dcc85bcd933e8514719e713b1
2023-03-28 02:39:22,False,2.142e-10,6.877e-13,2610000000.0,0.0179,0x69...9ff3,https://bscscan.com/tx/0xeecff1d6b2eeab4facb7de02eb5631e0d9e546d72ef4fd89d35ca458ee433f44
2023-03-28 02:36:40,False,2.142e-10,6.877e-13,23256094187.0,0.1599,0x80...00c5,https://bscscan.com/tx/0x19f171f3fce97611f94e02dc3081804f9b105a82fdefe34eba898a2ce064d2c0
2023-03-28 02:29:52,True,2.153e-10,6.911e-13,75500000000.0,0.5218,0x3c...492a,https://bscscan.com/tx/0xc8f863ba0486beedaacea9f9d35eb734a7a80e96172c6ac57f6ea81a236b7b87
2023-03-28 02:28:13,False,2.13e-10,6.876e-13,4869605405.0,0.0334,0xf0...071e,https://bscscan.com/tx/0x10806cd9d30b3ff802169d25fb0b6f25ff89eb0399b921777bb8fc3852a3db40
2023-03-28 02:26:43,False,2.142e-10,6.876e-13,57020714954.0,0.3921,0xd1...316f,https://bscscan.com/tx/0x2bbfca2ce94e9e8103db83e9f12fa24ef1f2c536a557bfcfb8b86e80f524e886
2023-03-28 02:24:46,False,2.131e-10,6.877e-13,48162399609.0,0.3312,0x77...59e1,https://bscscan.com/tx/0xae9e082b82ebec629bba7dab09ef94be8512afa57e9f4cc68b981484d2d3effa
2023-03-28 02:21:43,True,2.152e-10,6.911e-13,4834666369.0,0.0334,0x87...d0d1,https://bscscan.com/tx/0x636927fe537adb9acf1e7fc08e13497c91b80251feadd037e7921ab1456313b0
2023-03-28 02:20:55,False,2.141e-10,6.877e-13,35720680045.0,0.2456,0x6e...404d,https://bscscan.com/tx/0x2bd7f323b4d9b0078018da2600e066cf662ec04ebe97b8c01784e56cd2d2432c
2023-03-28 02:19:31,False,2.142e-10,6.877e-13,90843736790.0,0.6247,0x36...394f,https://bscscan.com/tx/0xc7b65a8e1502af61476ad09cb0ade05a42ba665db9dba4317765f5dcc068c8d3
2023-03-28 02:19:07,False,2.142e-10,6.877e-13,3162657512.0,0.0217,0x74...a65f,https://bscscan.com/tx/0x887edf34ca4bef2c6711e672969a5eacf02b1bccc598895cb85ed5107c5459e2
2023-03-28 02:18:13,False,2.142e-10,6.878e-13,450000000001.0,3.09521,0x0a...503a,https://bscscan.com/tx/0xb5f64d3a17ca1a8a6ae776dc28328210685f8130c17ac7fce1fcac9aa7386e04
2023-03-28 02:17:55,False,2.142e-10,6.878e-13,4088900969.0,0.0281,0x69...c636,https://bscscan.com/tx/0xc3b028edc4c56e239a5a6c5724875463c60c7c564236d0947a23eb133cfa0751
2023-03-28 02:16:49,True,2.142e-10,6.913e-13,14464650667.0,0.1,0x08...65df,https://bscscan.com/tx/0xdd8e79353545a55356d159ed31928f61d7a7f0d2018c94050b69119f3dfee0c1
2023-03-28 02:13:22,True,2.142e-10,6.913e-13,250000000.0,0.0017,0xc0...69f3,https://bscscan.com/tx/0x064de69cbdd7532a9036b257e25acdcc48bf392bc6f6c56867c862e3311e45e9
2023-03-28 02:12:52,False,2.142e-10,6.878e-13,2165113295.0,0.0148,0x80...04bc,https://bscscan.com/tx/0x4fb7f5cf15de4f3c5524fdf8819590b71bdaecf9d1dd78a9e5c3860aef11ea35
2023-03-28 02:09:34,True,2.153e-10,6.913e-13,8512560000.0,0.0588,0xec...a323,https://bscscan.com/tx/0x49b4a47b68b954006f6212575bd998b9ccc85f6b0213694e55f741e7e590524d
2023-03-28 02:09:19,True,2.153e-10,6.912e-13,464836293868.0,3.21327,0x0d...bb77,https://bscscan.com/tx/0xc3e4b12732c22049267aeda3bac297b1ef4313833f8779bd2f323a2f666cdc1e
2023-03-28 02:03:16,False,2.143e-10,6.877e-13,7975425761.0,0.0548,0x18...7e0d,https://bscscan.com/tx/0x038e20aaea3a82514bf56588156d130b929f184d9727887d92e867ba04f685c0
2023-03-28 02:01:16,False,2.143e-10,6.877e-13,65054661415.0,0.4474,0x02...9960,https://bscscan.com/tx/0x5eaad879dd4de689abe257446d93f235809c22edd6702867878ebe3bb6ed21cd
2023-03-28 02:00:40,True,2.154e-10,6.912e-13,43401819578.0,0.3,0x75...95df,https://bscscan.com/tx/0x8e475cbbbc1150ac9ba341ec2aceaddaa2afa06fe3080c3d80f8e506006ee41c
2023-03-28 01:59:16,False,2.132e-10,6.877e-13,4642866000.0,0.0319,0xfc...f9cc,https://bscscan.com/tx/0x708b8cfc32b3d460f78761c8178e70568f3ee6eada5318601e4fef034a28f989
2023-03-28 01:58:04,True,2.143e-10,6.912e-13,10085221206.0,0.0697,0x6c...50af,https://bscscan.com/tx/0xc771327227d60da1f0232d430d3391566ceb2422c8c2914f6f0ec82b65aa318f
2023-03-28 01:57:22,True,2.153e-10,6.912e-13,10850604692.0,0.075,0xac...f6cf,https://bscscan.com/tx/0xc288030e296c1ef383e88f84a933de38ba6e611cd17b7d7c514a08a0c6d42ddb
2023-03-28 01:54:40,False,2.142e-10,6.877e-13,3600000000.0,0.0247,0xff...c7fc,https://bscscan.com/tx/0xf7908aaacc1f56b909bd9936244b42f68997548726c5f6b92a296a5d6aaac956
2023-03-28 01:51:28,True,2.153e-10,6.912e-13,2000000000.0,0.0138,0xe4...99d1,https://bscscan.com/tx/0x73a37a8072fe0c3bb8859ab1f0ba90f534ecfb95066d1d20454964bfeda84556
2023-03-28 01:50:07,True,2.142e-10,6.912e-13,10000000000.0,0.0691,0x90...97c5,https://bscscan.com/tx/0x551bb07cce729f642480f1cca4900f6c547fa3164faa3ee91595ce5efc07b15d
2023-03-28 01:49:01,False,2.142e-10,6.877e-13,3709410290.0,0.0255,0x0f...8b57,https://bscscan.com/tx/0xb962a8d93e23638baed42ea01c33b70110ef28c8ea21ff6e3b804c43301ec40e
2023-03-28 01:48:31,False,2.142e-10,6.877e-13,11470903413.0,0.0788,0x08...654f,https://bscscan.com/tx/0xe49b945f9912cb159326ba2c5d8375fdcc0c5753f5bc7b46ab0f958c87efe883
2023-03-28 01:47:43,True,2.148e-10,6.912e-13,723373000.0,0.005,0x51...eb75,https://bscscan.com/tx/0x61a6d6564139a07c9f644c7e6fbbd162b96259f9781cada6f43b4a4f14ae6e36
2023-03-28 01:45:23,False,2.127e-10,6.877e-13,5403124805.0,0.0371,0x5c...0153,https://bscscan.com/tx/0xc8cb8efdc1da237efd98f5a6b20889c78728d6e1d27dc614f6faa8148c718afb
2023-03-28 01:41:59,True,2.136e-10,6.912e-13,3467482959.0,0.0239,0x15...4042,https://bscscan.com/tx/0x5b2a9a4083bd8df3137e42ec5fb179cae00db1d045b1f5eb5ce251789d325931
2023-03-28 01:36:25,True,2.146e-10,6.912e-13,2893493278.0,0.02,0x33...cd2b,https://bscscan.com/tx/0xa6e2542e8babf8ff5f6e4c10ab3f378a86a45d8d3767baaa8db9bbb90c9078e0
2023-03-28 01:35:04,False,2.135e-10,6.877e-13,9441571017.0,0.0649,0x0f...0af2,https://bscscan.com/tx/0xb1e5e377d91446112290b99f8537d3704b969683ca53aba0a5433cb78af6d6d6
2023-03-28 01:34:34,False,2.135e-10,6.877e-13,9582340067.0,0.0659,0xc5...641d,https://bscscan.com/tx/0x5775fe18bd3a4d035b34b361e493cbc1c56568efa34ac064d30b176bf5a02755
2023-03-28 01:32:10,False,2.137e-10,6.877e-13,4751321421.0,0.0326,0xe1...95cb,https://bscscan.com/tx/0x92dfc91752e9a78f7d06cf53e78fcbf023f91805cd74ebacccd5a9dac999808a
2023-03-28 01:25:34,True,2.14e-10,6.912e-13,13665945898.0,0.0944,0x90...8dd2,https://bscscan.com/tx/0x82846c22cd1faa00d976f499a8c63263c470848106b904e950b3821c82a70d80
2023-03-28 01:25:34,False,2.13e-10,6.877e-13,85164550890.0,0.5857,0x22...4f59,https://bscscan.com/tx/0xe96223ad13965836c81a32ca7d231367d220b2f0943ee41f9e6c1b0ba2352f7b
2023-03-28 01:23:46,True,2.129e-10,6.912e-13,39000000000.0,0.2695,0x6f...f103,https://bscscan.com/tx/0xb9d64550611bdda1ccb2d0ff553b6483ff57e288ddae448d6d2899ebcdd80c97
2023-03-28 01:23:34,False,2.119e-10,6.877e-13,90471769733.0,0.6222,0xeb...77ec,https://bscscan.com/tx/0x0311e43e14b9f1498672e5e82ec5931b1b7788c67f962961d40746eff148351f
2023-03-28 01:21:43,True,2.14e-10,6.912e-13,19044400000.0,0.1316,0x9b...4601,https://bscscan.com/tx/0xbfe19e7e170c1f60448dcd0c80ac9f2f74c1c1c0720276846201c2733c20379f
2023-03-28 01:20:55,False,2.13e-10,6.881e-13,2610000000000.0,17.9613,0xe4...48cd,https://bscscan.com/tx/0x5dc811ce2dd48f4e83fa879019f09785286e05601ed0cab190207a7e47904339
2023-03-28 01:20:43,False,2.131e-10,6.885e-13,39283028775.0,0.2704,0x9b...485c,https://bscscan.com/tx/0xfe3f81f019e0021ca53946d34c6993a348e03a4da917d30de278875a1e3fab1e
2023-03-28 01:20:28,True,2.142e-10,6.92e-13,2124220000.0,0.0147,0x9b...4601,https://bscscan.com/tx/0x4b92fcc2b451b53f8b92c197e398a8d635a1c92d570fa4b01cd8202c28689a0f
2023-03-28 01:19:10,True,2.142e-10,6.92e-13,2600000000.0,0.0179,0x9b...4601,https://bscscan.com/tx/0x6fba9d9c6036308ec075fe6bff9df5a8f7750d2abb26d047665576c3e82bb56c
2023-03-28 01:19:07,False,2.131e-10,6.885e-13,21715461172.0,0.1495,0x2c...a83f,https://bscscan.com/tx/0xde1afa9ddf39237fd26ca948b495b19fbc8ec5ab1cc2f7c5777d85c4b57781db
2023-03-28 01:17:58,True,2.142e-10,6.92e-13,1816765534.0,0.0125,0xe5...b9ef,https://bscscan.com/tx/0xfe31f4b1c48ee50bc33724cf6f77f7a7af49dc376f5f621950e0cfa749302da7
2023-03-28 01:17:37,False,2.131e-10,6.885e-13,42770292902.0,0.2945,0x62...81cd,https://bscscan.com/tx/0xe14169728eeeb53483d0a5263d3b3df203b1464a0ec3745de20050b562d57cf9
2023-03-28 01:15:31,True,2.141e-10,6.92e-13,2950672049.0,0.0204,0xe5...b9ef,https://bscscan.com/tx/0x4215605d5cb5d8ba736d12afc31ef02a63aacec4e5f7a893c272081b6b81d984
2023-03-28 01:13:31,True,2.131e-10,6.92e-13,4335050000.0,0.03,0xe4...9954,https://bscscan.com/tx/0x80a09d4afdea796b8e57badca482ef3ecb6ae70749d3d529fb4496023d4d217d
2023-03-28 01:13:04,True,2.13e-10,6.92e-13,4651372894.0,0.0321,0x40...db54,https://bscscan.com/tx/0x8a13ec474733d070fcf23a88521f3f8e34e4c3c50e7114a82bf7b3cd421b6e61
2023-03-28 01:09:58,False,2.12e-10,6.885e-13,63699210000.0,0.4386,0x2f...3a44,https://bscscan.com/tx/0xd6f10f0eb267a8dee97d8b960419e762997ce4c3bf52b3172df3b98846172ef4
2023-03-28 01:09:22,False,2.12e-10,6.885e-13,5265914673.0,0.0362,0x70...759b,https://bscscan.com/tx/0x9ae2e0351a9a67b20ce9a21c491309e43fd9a0dcc925644f52d90e22c16f1024
2023-03-28 01:05:10,False,2.119e-10,6.885e-13,25207496578.0,0.1735,0xd7...bb5d,https://bscscan.com/tx/0x7d6a7d5dae0ceb8d03bcaa5c946b42358be7b9f9db429d61d918171ca2c6cddb
2023-03-28 01:03:22,True,2.129e-10,6.919e-13,450000000000.0,3.11397,0x6f...f103,https://bscscan.com/tx/0x3a899c09bfce80843b014b9af42698bc7202c42abda9b81216758aaf8a7917f9
2023-03-28 01:02:49,True,2.129e-10,6.919e-13,4046672970.0,0.028,0x7a...ef84,https://bscscan.com/tx/0x2d52f7e07c7f543495989931f4230d16dbcf7cb8b0fd1a2145396dae6f0e6e67
2023-03-28 01:02:22,False,2.129e-10,6.884e-13,2635362763.0,0.0181,0x43...fc55,https://bscscan.com/tx/0x97cee62d8a479d49a5bfd08101958bb881c0692aaa01b8d11e648a02e26fee03
2023-03-28 01:00:31,False,2.129e-10,6.884e-13,16111683674.0,0.1109,0x9f...01a2,https://bscscan.com/tx/0x8eeccd4b0d92f60c1100357fb045924338e1b7f753a272bf45016182dccf8a8f
2023-03-28 00:59:46,False,2.13e-10,6.884e-13,5685780247.0,0.0391,0x9a...f2df,https://bscscan.com/tx/0x32e8e768b16ad804b8c5ef6f9992d62c6bd47a6b7ef63e2f0cdfc0f658be08fd
2023-03-28 00:59:25,True,2.14e-10,6.919e-13,2745932223.0,0.019,0xd9...b807,https://bscscan.com/tx/0xa449fb2f6de49a6e36018ad2bbad6beba5d69ed034bb3173a166733e75f04600
2023-03-28 00:50:13,False,2.128e-10,6.884e-13,4531990373.0,0.0312,0xa8...46bd,https://bscscan.com/tx/0xe733b8d0a5b8ad8850a97f70403a7a69b13d6f5a8cc05e6c41960bf506d6ba65
2023-03-28 00:47:13,False,2.129e-10,6.884e-13,13512195252.0,0.093,0xa4...83b8,https://bscscan.com/tx/0xd1d9dcb10505af36ceae2024925903190c1944cc60d3b9f24a633d1c9e15c869
2023-03-28 00:45:40,True,2.139e-10,6.919e-13,8960364257.0,0.062,0xe9...a990,https://bscscan.com/tx/0x953dc63f962fa1e797deee6bf6ec00fca511de42184ed249a75417f907cd34ee
2023-03-28 00:44:25,False,2.128e-10,6.884e-13,7768169742.0,0.0534,0xa2...aa54,https://bscscan.com/tx/0x6e3cade624bc43b5525071fbef7f2da793af605314bf7b08c146c0cc193b823e
2023-03-28 00:44:10,True,2.128e-10,6.919e-13,62400000000.0,0.4317,0x4f...6ca4,https://bscscan.com/tx/0x7fe765631045b53267687df27a862266018de6b9df3b80de36b0e376fe1555bb
2023-03-28 00:42:34,False,2.118e-10,6.884e-13,1903794348.0,0.0131,0x5d...9005,https://bscscan.com/tx/0xf0d191ef2717f3d511b0adcd81a6b0e21da69c7f402080a9642736dfc995eb47
2023-03-28 00:40:25,True,2.129e-10,6.919e-13,27131535948.0,0.1877,0xec...87a8,https://bscscan.com/tx/0x1cb0aa36b40823a805b835c14bf9591ef4ea50263d9bcaa1caaffc93972d13e0
2023-03-28 00:38:34,True,2.14e-10,6.919e-13,4000000000.0,0.0276,0x5a...bd0b,https://bscscan.com/tx/0x6c91c3411d9cc5015baf6aabde53f5a0d49a5dad60234ea9d7d062c44dd35ae0
2023-03-28 00:38:28,True,2.129e-10,6.919e-13,4624882030.0,0.032,0x2f...3d77,https://bscscan.com/tx/0xf158f603bc02479acd79115d82c41a0c1fcdc17e1461769c8405cce9fef06e13
2023-03-28 00:37:46,False,2.13e-10,6.884e-13,35429013704.0,0.2439,0x8b...f211,https://bscscan.com/tx/0x3258071df906552dec3a01d821479e3ab8f44dafd036c6d600d1a26a9f565fc8
2023-03-28 00:31:39,True,2.128e-10,6.919e-13,51838343285.0,0.3586,0xd2...5091,https://bscscan.com/tx/0x2f9a7cf2acc0cf2955f13ac8e4a4c85e8bcad4c9f851c88c9ee84abb9f3c1c79
2023-03-28 00:29:38,False,2.114e-10,6.884e-13,9569104065.0,0.0658,0x0f...cdef,https://bscscan.com/tx/0x11a85dc0318ea27f08eaf55b0df09b6816c6fe3a3d440e23f9a574ca68c9140d
2023-03-28 00:24:32,True,2.135e-10,6.919e-13,1734330000.0,0.012,0x35...ccd6,https://bscscan.com/tx/0xa3f68275a9b90ce4007a8b86422bf01b0df051fd99f4d2bb8644fc29276f16ce
2023-03-28 00:23:18,True,2.124e-10,6.919e-13,2295035998.0,0.0158,0x49...59d7,https://bscscan.com/tx/0x7ccdc00649c217bbf3cf03b5ee28ef3c1b4ffa18c7ce5235a22cae825cf63648
2023-03-28 00:23:18,True,2.124e-10,6.919e-13,27767294366.0,0.1921,0x15...4042,https://bscscan.com/tx/0x5990ee371b5c818f7d86882fa18123741de1570508e2ea21f2d195557909582d
2023-03-28 00:22:26,False,2.124e-10,6.884e-13,1629680816.0,0.0112,0xbd...671b,https://bscscan.com/tx/0x094008f5d278302ce27cf8ce23ab7812c2193ac12ed35d2e972311d5daa9dd1f
2023-03-28 00:21:55,False,2.124e-10,6.884e-13,185220000000.0,1.27518,0xee...5d23,https://bscscan.com/tx/0xbdc936623fa25abd3e8b408256b5c1fc5db7252101845993a6e3b50c87be231e
2023-03-28 00:21:51,True,2.135e-10,6.919e-13,11000000000.0,0.0761,0xa6...3e60,https://bscscan.com/tx/0x39ab972be91138e066976e991f86a1b3780ab7a14ac31354cbdb183d1721ca4b
2023-03-28 00:20:37,True,2.135e-10,6.919e-13,9000000000.0,0.0622,0xca...3810,https://bscscan.com/tx/0x195e05591d0d9c07c355c5180c878fe2f6f984d5b5987c4cffa312946d457900
2023-03-28 00:19:54,False,2.113e-10,6.884e-13,4304773272.0,0.0296,0x44...e373,https://bscscan.com/tx/0x5ae813d7ff6fd610c8bd747dc9cbd46b9a33f200d8329f99d85480079271754c
2023-03-28 00:17:30,False,2.124e-10,6.885e-13,110179614692.0,0.7586,0x4f...876e,https://bscscan.com/tx/0xfafdf55f212e0cda4b4f438f3cfb11090ce714ae82c50f8d8319637949fca3b4
2023-03-28 00:17:18,True,2.135e-10,6.919e-13,2885531728.0,0.0199,0x7c...5f2b,https://bscscan.com/tx/0x10b0692b7911ddeb3bf6c692f0a23f7630d9176c26c97b014922434db63e7812
2023-03-28 00:11:32,True,2.135e-10,6.919e-13,727756298.0,0.005,0x00...7758,https://bscscan.com/tx/0x1227455abe6437d60c9494e97eb21118e2d6e61687c7115eacc63ad92f1e1058
2023-03-28 00:10:42,False,2.114e-10,6.885e-13,2372305763.0,0.0163,0x22...97b5,https://bscscan.com/tx/0x8e6ee06c1af83ef79768fa7afe00204ad9d45728529f70ad0bd47970e778e55d
2023-03-28 00:08:43,False,2.125e-10,6.885e-13,18023679114.0,0.1241,0x8e...d727,https://bscscan.com/tx/0x9e7502af44af2b3e55386fe084a727031cc40bd3a27382641087c7280328c2ff
2023-03-28 00:07:46,True,2.125e-10,6.919e-13,49959431897.0,0.3457,0x0e...2ae4,https://bscscan.com/tx/0x1069c4709cd0a9effd72108af56348dc5f003fd4dc2f9816ccd61f2e29624cb3
2023-03-28 00:07:31,False,2.114e-10,6.885e-13,11043476575.0,0.076,0x76...ae7c,https://bscscan.com/tx/0xf2282da0a19f963230d6d0a1b952a694be62cf56cf34f48208488b5696c0cb18
2023-03-28 00:03:49,True,2.135e-10,6.919e-13,3402104127.0,0.0235,0x15...4042,https://bscscan.com/tx/0xcfce9dab8612598d201652e94178614028d3ea8160b01251eb8b5819b85e645a
2023-03-28 00:03:28,False,2.125e-10,6.885e-13,92332780218.0,0.6357,0xbc...64a0,https://bscscan.com/tx/0x9c08a44fbe19f096b73d2b94dfafba67f96d84d2bf8e2d3ad5da9ed1f8119d31
2023-03-28 00:03:25,True,2.135e-10,6.919e-13,28901900000.0,0.2,0x19...c5d3,https://bscscan.com/tx/0x72daf8978f9fde6ce3ac9a62c7505416f038a543997604bc4862846247662bd7
2023-03-27 23:57:46,True,2.135e-10,6.919e-13,43353571390.0,0.3,0xd5...62b6,https://bscscan.com/tx/0xd8d2602f5ad0ebbadf5a73b32218c0b47950318fc2b710980e0bd6d36ff4ef2a
2023-03-27 23:56:04,False,2.124e-10,6.885e-13,3909134575.0,0.0269,0xda...b80f,https://bscscan.com/tx/0xd872c2c222a82b35c126f8327288c045bb16be347d9b67f265e5cd43a713e93a
2023-03-27 23:53:37,True,2.121e-10,6.919e-13,3036942504.0,0.021,0xc6...48cb,https://bscscan.com/tx/0x149c439cd62f776564e022433a8d900b4fdec2e6e7013a743c32428050ac1c23
2023-03-27 23:52:01,True,2.121e-10,6.919e-13,1000000000.0,0.0069,0xad...7db1,https://bscscan.com/tx/0xae1ae073dc620f9f7957a12bed1680b90cfa68362e638755d9c182572b5ad034
2023-03-27 23:51:49,True,2.121e-10,6.919e-13,96000000.0,6.642e-05,0x08...8631,https://bscscan.com/tx/0xb93992201db93c3db0e579878a478e50ea19719759fb5ec8af0a48c5773bc21d
2023-03-27 23:51:37,True,2.132e-10,6.919e-13,45578721673.0,0.3153,0xdb...fa7b,https://bscscan.com/tx/0x0c83af26e726e71e8829ac978c832b5c1b0924bf2fd96093c6864f81fbf6535c
2023-03-27 23:46:24,True,2.129e-10,6.919e-13,794838358.0,0.0055,0xef...06f5,https://bscscan.com/tx/0xa566e68f3e86b65691f42d0cc1e643b9d3ef1b87d2af1a473cddbb4613ba4f19
2023-03-27 23:42:12,True,2.118e-10,6.919e-13,7781139625.0,0.0538,0x15...4042,https://bscscan.com/tx/0xdb3916a34cc7f00503102e28934da6b3660496178972930db3264438ca35f6ec
2023-03-27 23:39:45,False,2.118e-10,6.885e-13,8100000024.0,0.0557,0x05...2ba0,https://bscscan.com/tx/0x67a112d0c9f26ba977b8f91023f58567881b851fc33947c0203600e16f9cd423
2023-03-27 23:39:24,False,2.107e-10,6.885e-13,1501788198.0,0.0103,0xe3...dcba,https://bscscan.com/tx/0x9cd75898e59cb93fab270757414f80759f2da1d5554692f4217efdd875924d6f
2023-03-27 23:38:21,False,2.119e-10,6.885e-13,2700000000.0,0.0185,0xec...2ffa,https://bscscan.com/tx/0x5992e83358f38b3aafd7157d45efba2427e7fa445d794b4894017e02eb0d4dc0
2023-03-27 23:36:09,True,2.119e-10,6.919e-13,10427151018.0,0.0721,0xcc...7b3b,https://bscscan.com/tx/0x69941e4eadcffbce1c451326f2eca6e63e172c4ea8ab9907d117d7a1115211fd
2023-03-27 23:35:48,False,2.119e-10,6.885e-13,2272440594.0,0.0156,0xfa...1fe3,https://bscscan.com/tx/0x954e858284067d77aa855016a5741d60845e1db54db9173b21a5360e53a6ac96
2023-03-27 23:34:39,True,2.129e-10,6.919e-13,600000000.0,0.0041,0xd5...c28e,https://bscscan.com/tx/0x8c31858dcdf3016ae952ebd76b988b4f288514d2f8dcf37438e00c506e6846af
2023-03-27 23:33:21,True,2.128e-10,6.919e-13,4228621514.0,0.0292,0x71...3e87,https://bscscan.com/tx/0x31420fcb52ad0dd399bf8c0a893a812b8ece15745729c8071346f5834ee0e259
2023-03-27 23:33:18,False,2.118e-10,6.885e-13,21780000000.0,0.1499,0xec...2ffa,https://bscscan.com/tx/0x902a94b9351b69dddbc7b88d567ff35b9732fa722ea5fa336a47b73a280dfbaa
2023-03-27 23:33:15,True,2.128e-10,6.919e-13,2596373526.0,0.0179,0x5d...5bc3,https://bscscan.com/tx/0x25ed661264900faa58ea877c7feec2d1a6f74e5c8ebc61f2f202d8ad64c03376
2023-03-27 23:32:54,False,2.107e-10,6.885e-13,2481472728.0,0.017,0xf5...ccb5,https://bscscan.com/tx/0x692d9f34e1f640f80a4c70fbf481605c63a3751a1676d2a7d5ad0eb632eed386
2023-03-27 23:31:18,True,2.128e-10,6.919e-13,4335462569.0,0.03,0xef...06f5,https://bscscan.com/tx/0xa9976efd7ba41b71abdf4bf80e143726a3899ce7a2adc46be4f4b95f37ccd6c3
2023-03-27 23:31:18,True,2.128e-10,6.919e-13,66363715197.0,0.4592,0x83...1825,https://bscscan.com/tx/0x0ed4469908d1cce46b42903f8584e4115c4e2988edc286f367dabc25037f1654
2023-03-27 23:31:06,False,2.117e-10,6.884e-13,5400000000.0,0.0371,0xeb...5172,https://bscscan.com/tx/0x3414cc7c6bb09c7fc2cc188cc7c3bdb656648f9b8c3f6345ed9f81e5e88f9f32
2023-03-27 23:29:45,True,2.128e-10,6.919e-13,43356186276.0,0.3,0x4f...69ad,https://bscscan.com/tx/0x4c461399357dff637ba720fd82e24f3f41aa0c035470a4d32c0c4b7c1cecc153
2023-03-27 23:27:09,False,2.117e-10,6.884e-13,7731358032.0,0.0532,0x1a...eea9,https://bscscan.com/tx/0x67d6510db98e8e0f9da7a422e8dd88ea94d63bd8ffb2b9e01c5a30c944309ce2
2023-03-27 23:25:12,True,2.128e-10,6.918e-13,365978720949.0,2.53215,0x8a...d3c1,https://bscscan.com/tx/0x8b3d3fc0251744f9b9a3b5745b2b4d6d30465ab924aa6ec5c8bfefcee7248477
2023-03-27 23:23:24,True,2.117e-10,6.918e-13,7788500402.0,0.0538,0x15...4042,https://bscscan.com/tx/0x180d6576d1ce3fe2b577be7efe3abcf97e388a6fe670d84919522ebdc564e9a8
2023-03-27 23:20:21,True,2.117e-10,6.918e-13,87369359869.0,0.6044,0x18...4006,https://bscscan.com/tx/0x6ce329b10d5c2217a298c4236bc25333539a775c3238d6a0b142eb6b02bf2c22
2023-03-27 23:20:12,False,2.117e-10,6.883e-13,21359072879.0,0.147,0xbd...bb7a,https://bscscan.com/tx/0xf21d8450a5a2599a71f0774f11cfd84d9c2e9d9ef2f25f472d796ee9b2367360
2023-03-27 23:19:42,True,2.128e-10,6.918e-13,2345687026.0,0.0162,0x68...24cb,https://bscscan.com/tx/0x7ca74a2cd11f790ae31e3d75a42e8435608e3cba60ec84eea3cced409470d12a
2023-03-27 23:18:42,False,2.106e-10,6.883e-13,4452427583.0,0.0306,0xaf...1d8e,https://bscscan.com/tx/0xf33b7d32b3153ebd821cbfe9f0fd5b1c88702279c14934558bef9631a11c216f
2023-03-27 23:18:18,False,2.117e-10,6.883e-13,45751593084.0,0.3149,0x8e...6dcc,https://bscscan.com/tx/0xdab34033cc75b1ae8e830c296aa080f362303e9fcb4610ec67a0624980eb45ac
2023-03-27 23:08:54,True,2.128e-10,6.918e-13,12000000000.0,0.083,0xa9...7485,https://bscscan.com/tx/0x3b9f55a5e419fe23910dc28f3b86625d0d2417aaea1f66bc1086d1357332fce5
2023-03-27 23:07:48,False,2.117e-10,6.883e-13,72578822342.0,0.4996,0x10...ec7b,https://bscscan.com/tx/0x2e6cd0089527c08a62218e179f948597c9bf575233587c29d2443065e0954deb
2023-03-27 23:01:24,False,2.118e-10,6.883e-13,3361939335.0,0.0231,0xf8...5451,https://bscscan.com/tx/0xb754a0db8ceee7e76bb55dfa8e1e065f5ff55ee04241e743c7e564c5f894fc05
2023-03-27 22:54:21,True,2.13e-10,6.918e-13,13585961617.0,0.0939,0x22...0723,https://bscscan.com/tx/0x660b2768246147559c809a6f3779422adbd9ad02b5e17d615b00e58ea8e0b926
2023-03-27 22:53:33,True,2.119e-10,6.918e-13,57817500000.0,0.4,0x68...ca68,https://bscscan.com/tx/0x113021abd5f5d9b15eb96b2e2ad541fcae784eda5968da80c9ed30cd177a5f3c
2023-03-27 22:53:09,False,2.108e-10,6.883e-13,4636503680.0,0.0319,0x95...cd34,https://bscscan.com/tx/0x723957da57721e09bb408f8d3d958e430723ee79a69344c5ae5cd0e19c0e4e86
2023-03-27 22:51:24,False,2.12e-10,6.883e-13,48541691006.0,0.3341,0xaf...9938,https://bscscan.com/tx/0x06c17a9cbc29926d523189744c58d5b5ffc9787289e4ef2421edfdcdc777d865
2023-03-27 22:51:09,True,2.13e-10,6.918e-13,5522210000.0,0.0382,0x5e...2c87,https://bscscan.com/tx/0x44cef850ad638a995425ef42132c857455111f7fa05cacedc5ed72e6c2465053
2023-03-27 22:51:03,False,2.119e-10,6.883e-13,103498916883.0,0.7124,0xc2...4572,https://bscscan.com/tx/0x0b19507247d81d9df904c18b3267fa59be97cc4e552bbaa65438f1ff87e7f8ec
2023-03-27 22:48:00,True,2.129e-10,6.918e-13,2300000000.0,0.0159,0x04...22b5,https://bscscan.com/tx/0xa12f60c4008b789fe9e45488ad39f8baa15968a64807fba72adfd3f8afafe5b5
2023-03-27 22:43:33,True,2.129e-10,6.918e-13,7811327422.0,0.054,0xa4...44e2,https://bscscan.com/tx/0xf1d07283ce052e3ba27ade2ca68ff3c5edc4b77a1e1d2fdf3c18c1f20b5a5a3c
2023-03-27 22:39:03,True,2.128e-10,6.918e-13,6677027438.0,0.0462,0xd9...e2ac,https://bscscan.com/tx/0xda36edc1d7abe1d2086d7b439d7db83124495ea86e91e927781680003399da4c
2023-03-27 22:38:27,False,2.117e-10,6.884e-13,8955116654.0,0.0616,0xbc...5ca9,https://bscscan.com/tx/0xaf3f7ed3cbe903b2baf6ddf6fa340325855e2aaff84d8c763144c59033b851e2
2023-03-27 22:34:24,True,2.127e-10,6.918e-13,13252712026.0,0.0916,0xca...cf17,https://bscscan.com/tx/0x392249b6034b5faae575b86ddbcc475795107c883c52b140007a7305ef9f11b6
2023-03-27 22:34:21,False,2.116e-10,6.884e-13,32468087655.0,0.2235,0x27...bd37,https://bscscan.com/tx/0x74441e3fb8233f3487eea5534e8c573f65c0fa08ed6f19468edeb431be642146
2023-03-27 22:32:35,False,2.116e-10,6.884e-13,18833667587.0,0.1296,0x3e...fff5,https://bscscan.com/tx/0xc3c5b6cf360f0d0134755eb794e9ba1fff2773b079be04b5abe5c3358ffd920a
2023-03-27 22:29:38,True,2.116e-10,6.918e-13,24948059119.0,0.1726,0x70...ec0f,https://bscscan.com/tx/0x94b97abed4f35ce5f123e6d010b99e662b4db3c3e24d6f9d19a9f74ef2889a5b
2023-03-27 22:29:24,False,2.105e-10,6.884e-13,16783007846.0,0.1155,0xd2...c642,https://bscscan.com/tx/0x250640cace8e6bde8cca9f40a992e6e4e20295253b3899c003b33b70b5079747
2023-03-27 22:29:24,True,2.116e-10,6.918e-13,118000000000.0,0.8163,0xb2...fa60,https://bscscan.com/tx/0x689aefa4bae79e56f9b1f18fe74e5a9fe73d133607ac5869bc1628e3dc89b2b5
2023-03-27 22:27:24,True,2.116e-10,6.918e-13,17372827116.0,0.1201,0xc0...4706,https://bscscan.com/tx/0x2f52b2dc8eedd74a975b1cabc946887352f49e5674ff6dad4a10c7b0be66fec8
2023-03-27 22:26:45,True,2.116e-10,6.918e-13,8000000000.0,0.0553,0xa8...59fa,https://bscscan.com/tx/0x0c7456a0d0d4e0ace1fda57034f4f0ac183d868d0cb0f00c7ba6f0ab2bd7194b
2023-03-27 22:26:12,True,2.126e-10,6.918e-13,20233588749.0,0.1399,0x8e...85a4,https://bscscan.com/tx/0x2316433f5c87cb1e93da25a76faa051392a2cc2af04e13d6ac5d0edb05501a61
2023-03-27 22:23:15,False,2.105e-10,6.883e-13,4500000000.0,0.0309,0xe6...cf70,https://bscscan.com/tx/0xf0ed466162ff4a686895cbb6c9b09bdd2304b8e99edb1a34a586facff005342d
2023-03-27 22:21:42,True,2.127e-10,6.918e-13,100000000000.0,0.6918,0xf8...31d1,https://bscscan.com/tx/0x3c98a0121c8fc7cb01e11a4aaf7ca8e5fe3237b7d88f9437ae9d3b6d2d9f1897
2023-03-27 22:19:45,True,2.116e-10,6.917e-13,8385998236.0,0.058,0xf4...dccf,https://bscscan.com/tx/0xf3d970b209475bcced1c578c47423d5362fe1c29c2e818d4379af8c4709f63d4
2023-03-27 22:18:42,False,2.105e-10,6.883e-13,12985666164.0,0.0893,0xc1...5c81,https://bscscan.com/tx/0xe435af89bdd3e7a6c1262472cb4d7ce88d53a1f4eb9a65ccfeed4fa5bf28f012
2023-03-27 22:17:27,False,2.106e-10,6.883e-13,13801357404.0,0.095,0x6b...f437,https://bscscan.com/tx/0x21e66043aeffdbf1b6a7f9a68d5915e5a00385eedefb29c00e6d7bcb84d274e3
2023-03-27 22:17:09,True,2.127e-10,6.918e-13,191268000.0,0.0013,0xe2...13f2,https://bscscan.com/tx/0x2c30ff40ac6ba162811204ded147e0c29e2999882dcc9e77099b687908c953c6
2023-03-27 22:16:03,True,2.127e-10,6.917e-13,23397186590.0,0.1618,0xb4...d093,https://bscscan.com/tx/0x00b136a02c6a751cafef2a89c827123a5127ec0e215761fb0591a8ec4d5973d1
2023-03-27 22:16:00,True,2.127e-10,6.917e-13,22374892820.0,0.1547,0x76...a7cd,https://bscscan.com/tx/0x9149712a986b98b10b24d28d73207e1a575475e30b0305233dc0a31b0fa5b8c4
2023-03-27 22:13:06,True,2.116e-10,6.917e-13,31287131673.0,0.2164,0xb5...703d,https://bscscan.com/tx/0xceda16ed12b410e60f028c4c2889869398755181565725821ae6b20490173c60
2023-03-27 22:09:21,False,2.106e-10,6.883e-13,8256449646.0,0.0568,0x84...c68a,https://bscscan.com/tx/0x94535d71dd99bbca409d39eb43f02e4033fd869631e6ea881c23664cdd768228
2023-03-27 22:06:45,True,2.117e-10,6.917e-13,3000000000.0,0.0207,0xf3...aabe,https://bscscan.com/tx/0x83b5c527d4bef0eeef40650abe41c5de34a3054e56a1f15d645a9f68f7967357
2023-03-27 22:05:09,True,2.117e-10,6.917e-13,108418431485.0,0.75,0x4f...ba15,https://bscscan.com/tx/0x5ee1ffb0558613e288e43bb404277c094005fe3e56e86f78fa67d8707d664813
2023-03-27 22:04:42,True,2.127e-10,6.917e-13,7312730159.0,0.0505,0x1e...e19e,https://bscscan.com/tx/0x40fbfd0516d36438546017b4f45948a14b7d2948491bb74a504523d6a7e27d2f
2023-03-27 22:03:18,True,2.117e-10,6.917e-13,4691438843.0,0.0324,0x3e...78aa,https://bscscan.com/tx/0x79f10cec33775a5dc24f9a9c312eb6b87276187d81924d3cafed197b0b75260f
2023-03-27 22:02:15,True,2.127e-10,6.917e-13,7609005909.0,0.0526,0xf8...2d5b,https://bscscan.com/tx/0x6c4734923d1053c8b6d25f389f374fc4068fe1d7f88bbf78a5f13b4225a28c20
2023-03-27 22:01:36,False,2.107e-10,6.882e-13,16193189486.0,0.1114,0x11...cdde,https://bscscan.com/tx/0xa0bb1d226c318a1701d5f1934dce6ee0e3db03b72e39d2ca7c7cfbcd12b49162
2023-03-27 21:59:09,False,2.119e-10,6.883e-13,74368666352.0,0.5118,0xa0...1e4b,https://bscscan.com/tx/0x8a1618fc561baa13ec54ff98f3c91c381238d002de6fdbb48f7f011388152ee2
2023-03-27 21:57:30,True,2.122e-10,6.917e-13,100000000.0,6.917e-05,0xc1...14c6,https://bscscan.com/tx/0xa16e8b36466ba80dba740a8b854d45b524d2beb6eae74a0943e99aa944f021e3
2023-03-27 21:56:24,True,2.122e-10,6.917e-13,1000000000.0,0.0069,0xc1...14c6,https://bscscan.com/tx/0x10fe687ac147528d893eb426a4e35048c9f5f19791edca4be428f3f74966840c
2023-03-27 21:56:21,True,2.133e-10,6.917e-13,303589185420.0,2.1,0xef...ee94,https://bscscan.com/tx/0x61b9f86fa1173a5c2ae92ce5ddf02ce1b74c7874a5939d0c91db0c554499a59e
2023-03-27 21:55:39,True,2.123e-10,6.916e-13,1000000000.0,0.0069,0xc1...14c6,https://bscscan.com/tx/0x0f51545b475140e416fa2b1fbe829abad264dbf25c73581a19f119531531b799
2023-03-27 21:55:09,True,2.134e-10,6.916e-13,10000000000.0,0.0691,0xc1...14c6,https://bscscan.com/tx/0x4917812e93ccedf34b941637a2bcd7a36cd1406c5361fffccb159b26bcd879e7
2023-03-27 21:54:36,True,2.134e-10,6.916e-13,10000000000.0,0.0691,0xc1...14c6,https://bscscan.com/tx/0x40fd55485063b35f632f1e2a8239555e6b28646892ba391027b5e93e837230eb
2023-03-27 21:50:00,False,2.124e-10,6.882e-13,4222772466.0,0.029,0x13...7c84,https://bscscan.com/tx/0xdc0ac142442906f8f9342b78695ec1d8fdd00cef9d11e074a2248b05a936aeb1
2023-03-27 21:49:12,True,2.134e-10,6.916e-13,3784831427.0,0.0261,0x14...67e1,https://bscscan.com/tx/0x369a976b0d3f82e76735011e545ec880368f27953804260b29865d5c895ffced
2023-03-27 21:48:39,True,2.134e-10,6.916e-13,10000000000.0,0.0691,0xc1...14c6,https://bscscan.com/tx/0x4f32b8dc2f57fe32f90812ff31297b6b83846e1d344eef92f7d277a72a543fb3
2023-03-27 21:48:39,False,2.124e-10,6.882e-13,139133151647.0,0.9575,0x76...cf7f,https://bscscan.com/tx/0xceb70e79901b9213749f027c85ed793e5f2e5c43a21097a1abc3326a60384b50
2023-03-27 21:48:00,True,2.134e-10,6.917e-13,10000000000.0,0.0691,0xc1...14c6,https://bscscan.com/tx/0x76884f91a48b909d24a2a57f6de20b5d09d399494563d6722a2acd2b23c9cc78
2023-03-27 21:47:45,True,2.134e-10,6.917e-13,19566269155.0,0.1353,0x51...d740,https://bscscan.com/tx/0x42f0c52f0a4ee10dfc8dff979b92f72c458f48c2372d5608c4e232b60c4e84de
2023-03-27 21:47:24,True,2.134e-10,6.917e-13,10000000000.0,0.0691,0xc1...14c6,https://bscscan.com/tx/0xc3ca1fae81c62f157ad5295775bfb49162928307f7b798a22aa00a72e2ee00ca
2023-03-27 21:46:45,True,2.123e-10,6.916e-13,10000000000.0,0.0691,0xc1...14c6,https://bscscan.com/tx/0xdb20683b6545f87bd96c4559838cccb727411407b6de35f6ad948729f46a77a0
2023-03-27 21:46:12,True,2.122e-10,6.916e-13,10000000000.0,0.0691,0xc1...14c6,https://bscscan.com/tx/0x8746a58e1376858e52d5fbdb04baeef78dd97ed0556dbc0e3f09cc9b1979c6cc
2023-03-27 21:45:57,True,2.123e-10,6.916e-13,13495304333.0,0.0933,0x7f...82e2,https://bscscan.com/tx/0xcfb14ce8a220066713ae5efc9367b7284c7429d4a0a5441ae6c30fb2f36f45a6
2023-03-27 21:45:36,True,2.123e-10,6.916e-13,10000000000.0,0.0691,0xc1...14c6,https://bscscan.com/tx/0xa675c41718f406d74bb60a11ab862c4a57aa97396d52785a3fa4239e0acc6d0e
2023-03-27 21:45:33,False,2.112e-10,6.882e-13,8398651387.0,0.0578,0x0e...18de,https://bscscan.com/tx/0x80e2c07278f456c0fa61bae208f806f133d6923666a731b0a9b4081e120711a6
2023-03-27 21:44:45,True,2.123e-10,6.916e-13,10000000000.0,0.0691,0xc1...14c6,https://bscscan.com/tx/0x5a0821f6a6f7238dd46da46c7da34dd6044cc5212f65c2b492db2de915b9fabd
2023-03-27 21:43:42,True,2.135e-10,6.916e-13,5177721347.0,0.0358,0x37...a0d2,https://bscscan.com/tx/0x9ce6eba94e0670f0e163f97bc2690312032c318e7a1b0f0baff032f403dee712
2023-03-27 21:39:30,False,2.125e-10,6.882e-13,13500000000.0,0.0929,0x1f...4f4f,https://bscscan.com/tx/0xe79d24cf42fcea59e673d0d5a59e218f68c4822bfd4d61bf3d19184a65ba4348
2023-03-27 21:39:12,False,2.125e-10,6.882e-13,9000000000.0,0.0619,0x71...52d2,https://bscscan.com/tx/0x8aef6a9d7cdd71687e99e920a86289a331feb8892204f6dabe34e7173ba37d29
2023-03-27 21:38:12,True,2.136e-10,6.916e-13,35853333359.0,0.2479,0x3d...d34e,https://bscscan.com/tx/0x02c25c9b696a771985f0dab99ced0aef0bdcb31cdd557f1726798d0a78b83682
2023-03-27 21:38:09,True,2.136e-10,6.916e-13,4337262167.0,0.03,0x43...b0c5,https://bscscan.com/tx/0x34d7d0cda8e749edb5aec58a7e47940cac3689089718c20a0f5bfbaaa8612751
2023-03-27 21:38:03,True,2.136e-10,6.916e-13,86297200000.0,0.5968,0x1f...4f4f,https://bscscan.com/tx/0x6587b13d0289db1fa58b486571cf4284c2ccee2bc8a19258473ef9e2426ee82b
2023-03-27 21:37:12,True,2.125e-10,6.916e-13,4453400368.0,0.0308,0x8a...798d,https://bscscan.com/tx/0x5888f8955c6cf3521b66447236aa3a5e35ba60b73ebf3ae067d093e25eea3fcc
2023-03-27 21:36:33,False,2.125e-10,6.882e-13,36097495480.0,0.2484,0xf4...ade7,https://bscscan.com/tx/0x87c249b32df6f6b8c1839dbebaf182d101f892a5a2196ca21ca6b6be4b4f5633
2023-03-27 21:34:54,False,2.125e-10,6.884e-13,1630888773476.0,11.2278,0x06...52c6,https://bscscan.com/tx/0x4bc1ec8b6e5726d7ad2991349e8a14f114179660fbafcd8d4500798c6004ee1d
2023-03-27 21:33:15,False,2.118e-10,6.886e-13,12408315045.0,0.0854,0x19...8f51,https://bscscan.com/tx/0x0cd56f0d1778a296969f2e544880baeea7b7195046490cfa7b725d8b34f6eb37
2023-03-27 21:31:39,True,2.14e-10,6.921e-13,7223930767.0,0.05,0x11...e075,https://bscscan.com/tx/0x92db6cd398233516fe8049945b75e20d1ae66d77cc4216768a3580d8342d5de8
2023-03-27 21:29:45,False,2.13e-10,6.886e-13,57654981014.0,0.397,0x7f...47d0,https://bscscan.com/tx/0x5f9615fdf8df1420fd93c22210c9e6fa995f42f2348a86be7f4838f2e1699d9e
2023-03-27 21:26:27,True,2.138e-10,6.921e-13,21580300001.0,0.1493,0xaf...0a48,https://bscscan.com/tx/0x640d988204a5ff0eaacc3b9409036f02c1c45899b2ec7749bf251259b36570f3
2023-03-27 21:20:57,True,2.133e-10,6.921e-13,1000000000.0,0.0069,0xe5...f865,https://bscscan.com/tx/0x9d177c6b9f5de68322658e5caf88631b5e677cb41c8085bf09aa57fb2ef80865
2023-03-27 21:20:03,True,2.121e-10,6.921e-13,11720523179.0,0.0811,0x92...a343,https://bscscan.com/tx/0x997ef04faf0b278db9627158adab8054c3edf8380618f2b843348efdb6085070
2023-03-27 21:17:33,True,2.121e-10,6.921e-13,17680900000.0,0.1223,0x9c...ebdb,https://bscscan.com/tx/0x9aa947e197c525cef8a9f6370be74944bf6e2cc298d1a2cd5a94a1bb74778ca6
2023-03-27 21:11:57,True,2.131e-10,6.921e-13,4912270000.0,0.034,0xfc...67a5,https://bscscan.com/tx/0x635422b3a8aebd701ee573e5af7bf43e5b6caebdd7ee91ebf64ec181110ead06
2023-03-27 21:10:30,False,2.11e-10,6.887e-13,159072135130.0,1.09555,0x75...5cb3,https://bscscan.com/tx/0xca8d3f5f1a43037ecad885caa7c18d7c3697085dc6eb91f1f5cb78d2b195a36f
2023-03-27 21:08:30,False,2.11e-10,6.887e-13,85500000000.0,0.5888,0x15...26b2,https://bscscan.com/tx/0xf184ead05627dfa1a126fb762bfa54e979eec49f966d263bdd8acf70a077382b
2023-03-27 21:07:03,False,2.122e-10,6.887e-13,131289370072.0,0.9042,0xde...ca90,https://bscscan.com/tx/0x5ca95aa7c2d6d12a8277cfb8191bbb19f7d24139f051a2aef833bbec26e8b9ff
2023-03-27 21:05:21,True,2.097e-10,6.837e-13,58649296498446.0,401.006,0xb9...f731,https://bscscan.com/tx/0x8867e48e256e2f46f8326693bfceec79ef98437d7efb877650661b44235df21f
2023-03-27 21:04:51,False,2.119e-10,6.874e-13,105000000000000.0,721.786,0xee...ecb0,https://bscscan.com/tx/0xf497b55b732206eaa5425cd20e77efbf318fb33250f9178383dc5aa94b0766e1
2023-03-27 21:03:24,True,2.168e-10,7.067e-13,9763620000.0,0.069,0xe9...8385,https://bscscan.com/tx/0xf73d1c7cea3e7703389a2f1d0bb93e1aba2456fd162b211c9a3b579299f857a2
2023-03-27 21:00:00,True,2.179e-10,7.065e-13,718944082279.0,5.08,0x28...c22f,https://bscscan.com/tx/0x88e4d9a09f3d217efcfc1bc90d1659c3eb40b69ff449e17ac853cff9d405d311
2023-03-27 20:59:48,True,2.167e-10,7.064e-13,111435000000.0,0.7872,0xcf...6bc1,https://bscscan.com/tx/0x8611b9c86df57087cf28dbd4dddc1a65a8f1126f31f622f70f1578dfe26c12da
2023-03-27 20:59:48,False,2.156e-10,7.029e-13,26806278890.0,0.1884,0x03...3f35,https://bscscan.com/tx/0xdc2e5a1410b8af5176bf6ceeb39e0ef1dba96f83e52141b3a1ed0a648428f8ca
2023-03-27 20:59:17,True,2.178e-10,7.064e-13,3850000000.0,0.0272,0x6d...1939,https://bscscan.com/tx/0x24f08f2ae0b6e145e073cbce2abd61031bcc665a579a306b88c709448036f19c
2023-03-27 20:59:02,True,2.178e-10,7.064e-13,3538807592.0,0.025,0x25...e07a,https://bscscan.com/tx/0xf159e12e2ab21136a52e133dcf1646811468944ed591ba84e7819f1b1c78a632
2023-03-27 20:56:14,False,2.167e-10,7.029e-13,90000000000.0,0.6326,0xb6...8fba,https://bscscan.com/tx/0x33f226c889d6430e97abbfe66af5bc1095306d45c43cf66b830cc23274335750
2023-03-27 20:53:35,False,2.167e-10,7.029e-13,150853148860.0,1.06046,0xf0...c7ff,https://bscscan.com/tx/0xb030ce5e5f58babf9b58dc4b0ea3ba4cd3ce9ef869151976f4865672c63372f9
2023-03-27 20:53:23,False,2.156e-10,7.03e-13,42300000000.0,0.2973,0x59...2ff2,https://bscscan.com/tx/0x9a22c949981c4cfa97c5668b84bb435a2472eef54f0fee58cfb623dee953d2fd
2023-03-27 20:52:29,True,2.178e-10,7.065e-13,21796477315.0,0.154,0xf4...8fef,https://bscscan.com/tx/0xec300b296923c8e00dd0fdbdbedc9a31dc51c0fc974bad9027fa6290f190cd53
2023-03-27 20:52:08,False,2.157e-10,7.03e-13,4773803054.0,0.0335,0x65...b186,https://bscscan.com/tx/0x725b17374977bbbdf3e0618e08f50dc3f1cd4131ebc0e4b6f90609d8044a6e38
2023-03-27 20:51:14,False,2.156e-10,7.03e-13,15300000000.0,0.1075,0x4e...abb7,https://bscscan.com/tx/0x7172ee2e477ac04a24ef15d444d28590c639ec0727240e712def8b6e0544be37
2023-03-27 20:51:05,False,2.167e-10,7.03e-13,115953178910.0,0.8151,0x1d...94ba,https://bscscan.com/tx/0xbf9bec214467d833160473b031d6e41570c99796db46e6c4ec7da4b8b02ebd39
2023-03-27 20:48:44,True,2.178e-10,7.065e-13,4998231508.0,0.0353,0x25...37b6,https://bscscan.com/tx/0x1f30e267c32232121ef51cf1cdc53a9fa482764d08d8b47924c8d67d9a78d72c
2023-03-27 20:48:05,True,2.167e-10,7.065e-13,45836215799.0,0.3238,0xc1...7adb,https://bscscan.com/tx/0x31eb8545529e7e93a6c4636a98cf86d7f7531809f01aae83edaca921b98ff726
2023-03-27 20:47:05,False,2.156e-10,7.03e-13,54068865908.0,0.3801,0x14...3de5,https://bscscan.com/tx/0xd48208e157f9a474d07b20da1266e6938101ce09b61d1cc7175e58f1e53e0779
2023-03-27 20:47:05,False,2.156e-10,7.03e-13,8721394514.0,0.0613,0x0d...eceb,https://bscscan.com/tx/0xb43a2ef4b63148d2d4e762e9e9726e1c5c0214e7a0713c1980eb453041d2a9bd
2023-03-27 20:46:29,True,2.167e-10,7.065e-13,28550927056.0,0.2017,0x15...4042,https://bscscan.com/tx/0x4e1e05367f1f5d5a41428dbb1b1f5998866319008c5a7ce4cb0e55706cef2f1b
2023-03-27 20:44:44,False,2.157e-10,7.03e-13,131177640944.0,0.9222,0xdb...5f62,https://bscscan.com/tx/0xff701ff340af58b9d79c09001e692fbe1f7b6af0afd62e8a497a256cad219164
2023-03-27 20:43:53,False,2.157e-10,7.03e-13,90000000000.0,0.6327,0x5a...33fc,https://bscscan.com/tx/0x07ce2ebc4ac293b0dce120b20c06bf2e72632597932b8d5678394558dedc0cab
2023-03-27 20:41:56,True,2.168e-10,7.066e-13,18000000000.0,0.1271,0x4a...0cf5,https://bscscan.com/tx/0x8c621a8876bddfcece2b5e16e18d1029dbcfc8ae2c6b1b467f1a1f4c8ed92d86
2023-03-27 20:41:38,False,2.168e-10,7.031e-13,58777919174.0,0.4132,0xb4...814c,https://bscscan.com/tx/0x25a8069c4c19fd814ab5a6ea7fd5fe0073131922aab3e26a602616b207be02ab
2023-03-27 20:40:29,False,2.156e-10,7.032e-13,985999389163.0,6.93427,0xf4...176c,https://bscscan.com/tx/0xe68f4a9cd61d53b455dc3dedf916951e534a05ddd99a9dfd4e94244abda9fe4e
2023-03-27 20:35:17,True,2.182e-10,7.069e-13,7513740978.0,0.0531,0x4e...27f9,https://bscscan.com/tx/0x323fd86b8b8dbea80914f90cb5dde5e14f50b5fbe3c14149c18f335c6b46c76f
2023-03-27 20:34:35,True,2.171e-10,7.069e-13,5800000000.0,0.041,0x02...cc30,https://bscscan.com/tx/0x433afc47ff3c2e7b58d8855bf694db6f1407dae91fd2d9fc6acf96650ac18881
2023-03-27 20:34:08,False,2.162e-10,7.034e-13,81988932781.0,0.5767,0x68...ca68,https://bscscan.com/tx/0xdef1444efcdb50af22cade6ba994556c1f8ea706e90741f84550ee77efdef148
2023-03-27 20:34:05,False,2.162e-10,7.034e-13,5390626074.0,0.0379,0x73...2b04,https://bscscan.com/tx/0x4bc4f0ef97c4126b65fce0e0eda9ad82f23c5a34cb97e130cfcea520d221603f
2023-03-27 20:33:29,False,2.163e-10,7.034e-13,21078771613.0,0.1482,0x1b...c2a5,https://bscscan.com/tx/0x82b16bc1977a397b1cf1a2558defa895cf0ff8180758720a9866e432fb93f84a
2023-03-27 20:33:20,True,2.186e-10,7.069e-13,73045901.0,5.164e-05,0x32...a97d,https://bscscan.com/tx/0x2a00ce350a429ff1e4351d2e003add88997d3a81a6875ac28bd09c73952ffdb9
2023-03-27 20:31:47,False,2.176e-10,7.034e-13,18457121768.0,0.1298,0x3d...f824,https://bscscan.com/tx/0x90b24283d0c00698c6b86ded8ab691e3a9cb9664b3fd89a42507739647041376
2023-03-27 20:28:47,False,2.168e-10,7.034e-13,4780867926.0,0.0336,0x0c...0739,https://bscscan.com/tx/0xb5bbac5f0ed38c0a558bec3935d2f76a71adec438b12a410e10273c905d3ddd5
2023-03-27 20:27:38,False,2.18e-10,7.034e-13,900000000.0,0.0063,0xe0...8bf7,https://bscscan.com/tx/0xf615750d9ce2817a247f33cee12916e396debde953164afc2d18b6a3c56b1fbb
2023-03-27 20:27:08,False,2.169e-10,7.034e-13,155607609684.0,1.09468,0x4c...3b03,https://bscscan.com/tx/0x72ca0f8084aad1c7ff522e48649f27f437a5c712be32f4996acb67e8ec48f266
2023-03-27 20:27:05,True,2.18e-10,7.07e-13,2372479096.0,0.0167,0x0d...26f8,https://bscscan.com/tx/0xcfbaf2c56ab167d23bb4ea8f391b4992672e35d1c08d2443b7f19956e0583b8a
2023-03-27 20:24:14,False,2.169e-10,7.035e-13,45110395834.0,0.3173,0x85...34b9,https://bscscan.com/tx/0x89f9d7a4375b796d2d69e669d1b5eb83ef708e998e65d63a3dfed72d897779c5
2023-03-27 20:23:32,True,2.191e-10,7.07e-13,11500000000.0,0.0813,0x78...769b,https://bscscan.com/tx/0xf3dc3426f2343d6956208fa6ae7ca7569bbeb928bbfea19cd981a44317360fbe
2023-03-27 20:21:44,False,2.18e-10,7.035e-13,10592484831.0,0.0745,0x3c...4927,https://bscscan.com/tx/0xaf20652534402fbbde0f58b0a197a426a6ce94f043d1d3c4dd48a1dbf0af22cb
2023-03-27 20:17:05,False,2.172e-10,7.035e-13,22500000000.0,0.1582,0x79...acc5,https://bscscan.com/tx/0x3376c4d2494a11b1e83320a047364a1b8af5b466c38503951cb949c1d6567cc6
2023-03-27 20:14:11,True,2.17e-10,7.07e-13,2551858794.0,0.018,0x3d...5c2f,https://bscscan.com/tx/0x3a98e9262ea7156e26e461ca6980f996aa711b992d8349d77fa27898d8fba234
2023-03-27 20:10:50,True,2.169e-10,7.07e-13,8406422814.0,0.0594,0xf0...8ed4,https://bscscan.com/tx/0x7ae86853e26ffdb54cd410017a63b5762575cc7212d3f331079739b811b0071c
2023-03-27 20:08:47,True,2.179e-10,7.07e-13,5816952974.0,0.0411,0x95...cd34,https://bscscan.com/tx/0x50c9e98bf315233aba2406b3a09734486204a971010fd8c972ed1acb1c30d3ec
2023-03-27 20:07:29,False,2.168e-10,7.035e-13,16544117647.0,0.1163,0x31...e02d,https://bscscan.com/tx/0x2d2f904c1e326a1f7afd6a29877ed84e2e7cbf82ab5342e84b749b3b8f2a5e0b
2023-03-27 20:07:23,False,2.168e-10,7.035e-13,15087083971.0,0.1061,0x65...9208,https://bscscan.com/tx/0x772536bdb48ab837dffbec2cf799853cb75accb3f2c6e507c16f8df761a9b31d
2023-03-27 20:06:47,False,2.157e-10,7.035e-13,27266589476.0,0.1918,0x08...d4d3,https://bscscan.com/tx/0x029d9ff142586cf6cc92033dccee47fcc9dd0fc5120a85b385c3a5d1da58e628
2023-03-27 20:04:20,True,2.167e-10,7.07e-13,2604069999.0,0.0184,0xda...6985,https://bscscan.com/tx/0x6ef165baad4a12f1c78f09b439edfae4533e89315db0d37a37bea4e0fb3862bf
2023-03-27 20:04:14,False,2.157e-10,7.035e-13,1968198565.0,0.0138,0xb1...7da7,https://bscscan.com/tx/0xfb193ee068b512fa4166b5c845b474df299541ee1e8d8644f70e7e9bbc00818e
2023-03-27 20:02:53,False,2.168e-10,7.035e-13,3362581568.0,0.0236,0xae...cddb,https://bscscan.com/tx/0x6724abb14313f5c0142b63d77a04228671568c03004ecbb054e97dc855335757
2023-03-27 20:01:29,False,2.168e-10,7.035e-13,189913911344.0,1.33618,0x33...3d30,https://bscscan.com/tx/0x85286ad9c6a5d74bff5c584d5fa782353b74e2f4bcde7098733181bdb0924c7f
2023-03-27 20:01:05,True,2.178e-10,7.071e-13,100000000.0,7.071e-05,0x55...0764,https://bscscan.com/tx/0x29ac9c1e5b6f223fd31331dc33374108404dec03111750ac6eb8186cd8705993
2023-03-27 20:00:56,False,2.167e-10,7.036e-13,39505165523.0,0.2779,0x78...0e00,https://bscscan.com/tx/0xfb081bed7845d2016bd8894d6f4e3b4f5c1ae33ee379602d6a164d76be77de72
2023-03-27 20:00:43,False,2.157e-10,7.036e-13,46152802799.0,0.3247,0x6d...1939,https://bscscan.com/tx/0x285953666fef249bb91022a544b22dc8456bac2a3713ad99d5009ff0b81b057d
2023-03-27 19:59:00,True,2.181e-10,7.071e-13,10000000.0,7.071e-06,0x0a...d5a0,https://bscscan.com/tx/0x89df5fbacc973fcfb2d5056d3194fa5a425c36a9809eca5229548613f77c84e3
2023-03-27 19:57:50,False,2.172e-10,7.036e-13,1756455226.0,0.0123,0xcf...2d4f,https://bscscan.com/tx/0xf78d7a6d46a35c3dbb19a89fa2557345b6b71e37adc29258a8166f02c824d475
2023-03-27 19:57:26,False,2.173e-10,7.036e-13,24948264035.0,0.1755,0xbe...dc1c,https://bscscan.com/tx/0x6054d6c86fba83a50d3f07563b8e822407201e0a9afea63130f1f6ec4e82b722
2023-03-27 19:56:23,True,2.184e-10,7.071e-13,2429874770.0,0.0171,0xb1...7da7,https://bscscan.com/tx/0x669d596fe57cf080c35fefb8cfa48ba2f823d22db15b9d79e18e7af0068aa20d
2023-03-27 19:56:02,True,2.174e-10,7.071e-13,4631490918.0,0.0327,0xbd...3739,https://bscscan.com/tx/0x84aa39cdeeef1d74f12b5f7eb9e42e96efefd208c2775390dbec5845807d76fa
2023-03-27 19:55:11,True,2.185e-10,7.071e-13,6736750544.0,0.0476,0x01...3584,https://bscscan.com/tx/0x4840de7d378ce0d673963ecac6871cf01d12d2c40a974708d2a9069ab70c498c
2023-03-27 19:53:32,True,2.184e-10,7.071e-13,70706130144.0,0.5,0x4e...abb7,https://bscscan.com/tx/0xd8bf0268a530b0feb002c5bd682e6560cf99830bfc7d39a380be4f1c142802ee
2023-03-27 19:52:59,False,2.173e-10,7.036e-13,7200000000.0,0.0506,0xae...462d,https://bscscan.com/tx/0xd62c0dab5ca14f2105a04a1801533a5854edb1d646bc706de2813a49ede9ac1c
2023-03-27 19:49:14,False,2.168e-10,7.036e-13,71420931461.0,0.5025,0x93...4b59,https://bscscan.com/tx/0x35071f22cda19475f38df3dd8225984bf862fead634df6ea73c2d1d96c530fd5
2023-03-27 19:47:35,True,2.189e-10,7.071e-13,816688588.0,0.0057,0xcb...73e3,https://bscscan.com/tx/0xd6af81de4c31540c95b5a4efb564f64a8d1338d54e39a598ce5cc1b1b12e4aa6
2023-03-27 19:45:47,True,2.191e-10,7.071e-13,1000000000.0,0.007,0x55...0764,https://bscscan.com/tx/0xaf55b3a1432125a7e0010e365a59497b573b7588867d64eb03dd0a79706a53c5
2023-03-27 19:45:41,True,2.191e-10,7.071e-13,64854239654.0,0.4586,0x3d...f9dc,https://bscscan.com/tx/0x5da9dbf3fb6e9cf21e66934a2b243e89b87ef713c4f6d62b8b0005f879bba17b
2023-03-27 19:45:38,True,2.191e-10,7.071e-13,3344444444.0,0.0236,0xfc...e63b,https://bscscan.com/tx/0x5169f224592be243be1bf7c9af7717e1a6442fefd8d3a81324c65550ee78282e
2023-03-27 19:44:53,True,2.19e-10,7.071e-13,4007596082.0,0.0283,0x29...e5bf,https://bscscan.com/tx/0xa5fe70080132c84dcf29b649dfbe0283e5eeeb26d3d6a2c0e5e0b4046cd9a684
2023-03-27 19:43:08,False,2.174e-10,7.036e-13,19800000000.0,0.1393,0x41...f96a,https://bscscan.com/tx/0xcfa77f439997071ddd4f358a716e1783ef2b73c525f8fbf3290a94370af1a9c7
2023-03-27 19:42:41,True,2.185e-10,7.071e-13,100000000.0,7.071e-05,0xd1...adc9,https://bscscan.com/tx/0xb2d39b92455e6b87986db2f8071a505c9cf4d4fd557fd780c88d31995943d0d7
2023-03-27 19:41:50,True,2.196e-10,7.071e-13,22800125402.0,0.1612,0x3c...8366,https://bscscan.com/tx/0x49033eeed233bf60bd31c90650ebadb1d4380f2e6dd36b7c6cef4d36d8420063
2023-03-27 19:39:41,False,2.185e-10,7.036e-13,3905711747.0,0.0274,0x78...d2d7,https://bscscan.com/tx/0x9db1dbb039069da981e8d1ce8dd67d8a87f4394b6e924039b66b216b5eb548b9
2023-03-27 19:37:20,True,2.201e-10,7.071e-13,4147808185.0,0.0293,0x7f...74de,https://bscscan.com/tx/0xbc5cb4c41fbc602b1ea241deffccd29c7d87c6cb17f569f58e6d3b5b6e0f3182
2023-03-27 19:36:59,False,2.19e-10,7.036e-13,21380691131.0,0.1504,0x7a...5ca2,https://bscscan.com/tx/0xd6ecea25337bda29a1c9df2171499b3dca305c2a4c39c0d1a0e203fb5906dffd
2023-03-27 19:36:41,True,2.189e-10,7.071e-13,29188972603.0,0.2064,0x8d...4ad1,https://bscscan.com/tx/0xcb389532d56a0138738fc8251abb437ebf05d9aa122c1f54b36fbafeafaaa44f
2023-03-27 19:36:05,True,2.201e-10,7.071e-13,282829768.0,0.002,0xa4...5f27,https://bscscan.com/tx/0x7bb3e7d0e6bea0c4d69c3d4b6ac6718affa9aeab221ffc4b5649ec3121b10d03
2023-03-27 19:32:08,False,2.18e-10,7.036e-13,11975094421.0,0.0842,0xa4...21b2,https://bscscan.com/tx/0xe633495e6312c9f2ac9fa56acb304187c55aab67f8b57491ed44646cb5d7ef32
2023-03-27 19:29:41,False,2.191e-10,7.036e-13,68717593161.0,0.4835,0x10...a2a0,https://bscscan.com/tx/0xf06eca1252b9798c1721363cf3babfa1fa4b17970df69a12cf5624d64df3ff72
2023-03-27 19:28:50,True,2.202e-10,7.071e-13,2199710633.0,0.0155,0x40...1ffe,https://bscscan.com/tx/0x94efa2de2d989d59b95abfec6f8cd2bb1bb1e5580b82d102cb049de8751847f5
2023-03-27 19:27:02,False,2.194e-10,7.036e-13,9909044708.0,0.0697,0x65...9208,https://bscscan.com/tx/0xc51d89e5afa39cf4a23f5412327ef8cfb116408d3f42653dae75e09310b87537
2023-03-27 19:26:11,False,2.187e-10,7.036e-13,26315131675.0,0.1851,0xae...b2cd,https://bscscan.com/tx/0xed25a2d39eaeafce9a3c72f7f0f2a9249ea723b80190c49525cdb0cabd1d5168
2023-03-27 19:22:26,True,2.209e-10,7.071e-13,16509335314.0,0.1167,0xf4...48ed,https://bscscan.com/tx/0xd4580c0824308874356c064797faca6b8415bb321a125b32ef6a458d73531408
2023-03-27 19:20:32,False,2.188e-10,7.036e-13,3986793785.0,0.028,0x35...bf10,https://bscscan.com/tx/0x454a3f53fe316801fd5248327e499ec6b52183b8b18d038c99960f31d20bc232
2023-03-27 19:19:20,False,2.199e-10,7.036e-13,58500000001.0,0.4116,0x8b...5a8c,https://bscscan.com/tx/0x4a351dd6d8781e5b830b3db986da815cbcf6cd540bad7bcfdb3e9a322eed554b
2023-03-27 19:19:14,False,2.199e-10,7.036e-13,31120084338.0,0.2189,0x3e...0e5e,https://bscscan.com/tx/0x273a4a53f848ade4ef960e3bb9ca421feffe548a441f9e44a5a5ff0f882fa29d
2023-03-27 19:18:41,False,2.2e-10,7.036e-13,1947729931.0,0.0137,0x4f...f4eb,https://bscscan.com/tx/0xd90a201005d4416ef15856cf3cc1c54e4d4f154f2d92955bea391fd673d93281
2023-03-27 19:16:11,True,2.209e-10,7.071e-13,2799424328.0,0.0198,0x25...384f,https://bscscan.com/tx/0x709cd405139a9def1e98bb971bf9d0a4b7aa20c560331b671a28a18d525a9654
2023-03-27 19:14:44,False,2.19e-10,7.036e-13,38370150000.0,0.27,0x6d...dc57,https://bscscan.com/tx/0xfaeed5b1e5fd85a299761f29443e40e14eb0161b61ae9dc552f88ab6b24b6591
2023-03-27 19:12:20,False,2.203e-10,7.036e-13,60665739974.0,0.4269,0xdb...a24d,https://bscscan.com/tx/0xa2c7e7b023b037af9ce9699c61a11fab3aa12392b1d245560d5705f8f42779e9
2023-03-27 19:10:05,False,2.202e-10,7.036e-13,7518211789.0,0.0529,0x8e...11f9,https://bscscan.com/tx/0x4425f1d99ba10ae4fd408d5ba1adacc3f2dc79e4345afcbf803890b65e488aaf
2023-03-27 19:10:05,False,2.202e-10,7.037e-13,7518211789.0,0.0529,0x8e...11f9,https://bscscan.com/tx/0x4425f1d99ba10ae4fd408d5ba1adacc3f2dc79e4345afcbf803890b65e488aaf
2023-03-27 19:07:35,False,2.205e-10,7.037e-13,19559031897.0,0.1376,0xcd...6437,https://bscscan.com/tx/0x7ab03180dbd02a860ba1cd073ec84c0c4d9ed777d7beaa4ea5fefa8bd15f88e5
2023-03-27 19:07:20,False,2.194e-10,7.037e-13,77363453584.0,0.5444,0x70...5642,https://bscscan.com/tx/0x1ee8a8fa96bd897d778a3a62372a311fd35f1551868c3183a4f7b1f95892197e
2023-03-27 19:06:40,False,2.194e-10,7.037e-13,15058451234.0,0.1059,0xdb...baa2,https://bscscan.com/tx/0xfe49ae6844f060dfd7d407b5229ccd066e1c4f73a3265afcdec68713dd167d08
2023-03-27 19:04:58,False,2.194e-10,7.037e-13,36424378530.0,0.2563,0x10...ea00,https://bscscan.com/tx/0xe86119388d4ea3d5a91d7d32d689eeb519eaf0a1777e5d3c26e1c37ea560db2c
2023-03-27 19:01:22,False,2.2e-10,7.037e-13,36110346397.0,0.2541,0x85...34b9,https://bscscan.com/tx/0xb7da017a60e19673ff7ebad93118fef3b1c8655b314b594d397dac8bcd4cece1
2023-03-27 19:00:23,True,2.211e-10,7.072e-13,14657921830.0,0.1036,0x08...654f,https://bscscan.com/tx/0x53d0eee3cda2971f955742aaec3df4da76eeb8e6b3040ea999203fdd0ba8f904
2023-03-27 19:00:05,False,2.2e-10,7.037e-13,92805632827.0,0.6531,0xba...c7bd,https://bscscan.com/tx/0x0e680ad2454faab8e7240503d1d57e2b8e988e50e962f525b7d2928003c4dd49
2023-03-27 18:59:12,False,2.199e-10,7.037e-13,18099900000.0,0.1273,0xd8...0dc7,https://bscscan.com/tx/0x76617c3961541d81512d1c8da50ea8c66023e8a0a97998de7dec2b8fb18c665c
2023-03-27 18:57:39,True,2.2e-10,7.073e-13,9500000000.0,0.0672,0x0d...c7ef,https://bscscan.com/tx/0x8315614f15efab09897f4e9d764c930ded6e48ed3472be99ba1e5160041d21a6
2023-03-27 18:57:33,True,2.2e-10,7.073e-13,21206986761.0,0.15,0x47...061f,https://bscscan.com/tx/0x11bbd0dd55f8d6b3648d74427ce5a392efb47c3cc915bc2aa1baf23c2bf40ba0
2023-03-27 18:56:51,False,2.2e-10,7.037e-13,51300000000.0,0.361,0x37...8d58,https://bscscan.com/tx/0x152cb82b545dad930ceb14184bf4f1a454132b51f7ba5696229d63c41e29895a
2023-03-27 18:55:06,True,2.2e-10,7.073e-13,4525809994.0,0.032,0x29...1986,https://bscscan.com/tx/0xaae0c38bcecd3ebb940fa24a648f1718de8d738199c451e4766e63f1256c52a6
2023-03-27 18:52:00,False,2.19e-10,7.037e-13,4501260000.0,0.0316,0xaf...5019,https://bscscan.com/tx/0x01a7d4c900237c3ab9c5450732c08a4bb163a76cb8ff77c1408ca5660c40bae9
2023-03-27 18:51:18,False,2.201e-10,7.038e-13,603217852862.0,4.24597,0x6b...b8c5,https://bscscan.com/tx/0x410ec1c3f5df2320af2f38716ac664dccf492d7bc430fb74e114d20a7e4adb19
2023-03-27 18:51:00,True,2.213e-10,7.075e-13,11985303572.0,0.0848,0x08...654f,https://bscscan.com/tx/0x0a65aab02406c919ffa6f55284ff2064b19ce76b732c9e7ac6f9b98d8658c0d3
2023-03-27 18:50:33,False,2.202e-10,7.04e-13,517846067233.0,3.64593,0x89...3c57,https://bscscan.com/tx/0x0a02d6ff950bb20c34b3993853cb97902cd3b0192f55a7c3314f30b195b7f486
2023-03-27 18:49:51,True,2.201e-10,7.076e-13,47048561002.0,0.3329,0x7c...8d5e,https://bscscan.com/tx/0x26fed2d9e11e84b52ddfc95b7f98ee33ba7fb9912e9a5a1a047da6cc8c91ae51
2023-03-27 18:49:15,False,2.201e-10,7.041e-13,9000087724.0,0.0633,0x48...132d,https://bscscan.com/tx/0x598fcf1b451e69a41542dc8f6aec9baec98df4206dee799c08a5af9c4cfee976
2023-03-27 18:48:12,True,2.201e-10,7.076e-13,6147065445.0,0.0435,0xca...5e23,https://bscscan.com/tx/0x220f24d8d584f25ed003b24db83f8cfc1ce806dffb255c7a6895a58e8730ccf2
2023-03-27 18:43:06,True,2.213e-10,7.076e-13,9275631257.0,0.0656,0x82...fe0a,https://bscscan.com/tx/0x13409be9da0bd4d49497d4bd3f957dcb5c19032b7ff8301ef82ff40b20e4fdd6
2023-03-27 18:43:00,False,2.202e-10,7.041e-13,31502552906.0,0.2218,0x4a...f0eb,https://bscscan.com/tx/0x48ee73c8b5a7b8eb9c453d5457b4aa64ad492df79b4947b0e508ee79ab9753af
2023-03-27 18:42:48,True,2.213e-10,7.076e-13,23256854554.0,0.1645,0xb9...fae9,https://bscscan.com/tx/0xdc8d71d28a30b77ad36a9ddea83c137ef61a17ada417b35d33025995bd2108d4
2023-03-27 18:41:24,False,2.201e-10,7.041e-13,37694481620.0,0.2654,0xf1...517d,https://bscscan.com/tx/0x281533483729b4acdd058154cd2a691ad5cd839db1fe8f8da26a1afaba430bfa
2023-03-27 18:41:18,False,2.201e-10,7.041e-13,90000000001.0,0.6337,0x1f...4f4f,https://bscscan.com/tx/0x7e2edb5d089bab3fb8bb96205e7049b63fa1970286949326a0bc7cb1e437ea20
2023-03-27 18:38:06,False,2.21e-10,7.041e-13,21405342209.0,0.1507,0xf1...f1f2,https://bscscan.com/tx/0xd24a46471d9c6a455cb15566370901b286c774761153419a38b56505fcec3595
2023-03-27 18:37:24,True,2.21e-10,7.077e-13,2029747443.0,0.0143,0xf0...c1fc,https://bscscan.com/tx/0xfeca334bdd8959b20a65cc34e74cb5f29e45ce79c00eb756161ff95716898be8
2023-03-27 18:37:06,False,2.21e-10,7.041e-13,2837942034.0,0.0199,0xdd...464b,https://bscscan.com/tx/0x7fa223a590f8d2b24b7155c15df8f1ee2fe694cafa902116ed4280fa3b1c6f47
2023-03-27 18:35:24,False,2.21e-10,7.041e-13,135000000000.0,0.9506,0xa6...512d,https://bscscan.com/tx/0x93624843fa53765726ca0d3ca2efc53478c1ff14eb660b80294c89bec43043c8
2023-03-27 18:35:00,False,2.2e-10,7.042e-13,452283147346.0,3.18534,0xb8...68ab,https://bscscan.com/tx/0xde39c72c6a67b3e906f75d688f0e889a947a36d31d3bd12aabb59eb0e202bdc0
2023-03-27 18:34:45,True,2.222e-10,7.078e-13,2235391921.0,0.0158,0xce...3cad,https://bscscan.com/tx/0x6e53cf1fbac7725999fa3db8c6eb8007ad6e5556d019fbca507cb7b3c4ba2d38
2023-03-27 18:34:18,False,2.212e-10,7.043e-13,76013205513.0,0.5354,0xa5...9a27,https://bscscan.com/tx/0xc90dde31bb35adb30ba29750114af1d1108a5fe028e94dc5832632dbafedea5c
2023-03-27 18:31:21,False,2.2e-10,7.043e-13,66513495845.0,0.4685,0xe3...071c,https://bscscan.com/tx/0xec1522c375a45a627892b938ccfe855ed3321a0050949ff4509731e8cea3a217
2023-03-27 18:30:27,True,2.219e-10,7.079e-13,21188703697.0,0.15,0xdb...d54e,https://bscscan.com/tx/0x618101cb32bff5febb1ee35e38da141f9de3a3dbae6d531d7cef8d78c82dc559
2023-03-27 18:27:57,False,2.204e-10,7.043e-13,18426070590.0,0.1297,0x7a...9fd8,https://bscscan.com/tx/0x963888a38757e2a46e5fa1d7b23fdd54a95e65b07289c69560af2a05e075764c
2023-03-27 18:26:45,False,2.207e-10,7.043e-13,40882716156.0,0.2879,0x17...1437,https://bscscan.com/tx/0x69e40ef5e3cafb5f0db0418021b4d98dbb3ac777461394d2ba9686cd1a183c1b
2023-03-27 18:26:24,False,2.207e-10,7.044e-13,201721077364.0,1.42099,0x5e...23c3,https://bscscan.com/tx/0xb2b77d4c984810d776563f27ba67bf8e9385f78e3f3b73f8f420185d490bcb3b
2023-03-27 18:24:51,True,2.221e-10,7.08e-13,2824852613.0,0.02,0xd3...1b48,https://bscscan.com/tx/0xac4a7b1a34b465c9b96a818bb445be571920439cf299ab6bc01eda9cb27cbbfb
2023-03-27 18:24:51,False,2.211e-10,7.044e-13,2142727710.0,0.015,0x8e...9ae2,https://bscscan.com/tx/0x509850915255ece04a5b045e76f761e295f62a08efcb27a6bcc23da4ad4a9f50
2023-03-27 18:23:33,True,2.222e-10,7.08e-13,650000000.0,0.0046,0x39...b677,https://bscscan.com/tx/0xcd4c2a75ff78244d399de705a0b54ca75a2f11f6a3ddcf364708975b5363de3c
2023-03-27 18:23:00,True,2.222e-10,7.08e-13,7062142250.0,0.05,0x4e...abb7,https://bscscan.com/tx/0x93171cbbb176d2d477b6bd678de1cd5148203ed6dee894f968ab5a1296d41499
2023-03-27 18:20:21,False,2.207e-10,7.044e-13,227040602310.0,1.5995,0xef...b34b,https://bscscan.com/tx/0xe9e7e1a6513f42c5fc35d7314bd0f8b02d6dc9383ee2e6b6643d2c8156f4a6d6
2023-03-27 18:19:31,False,2.218e-10,7.045e-13,7567699465.0,0.0533,0x39...d37b,https://bscscan.com/tx/0x9280f7329519dd6e5f1af3202169e67850800d6778d15cc64214c727875c0e30
2023-03-27 18:18:05,False,2.206e-10,7.045e-13,54923408421.0,0.3869,0xd7...6530,https://bscscan.com/tx/0x0627c42a1b09ffbab050b72a3495258dc90363bcd59fb2e512b27bfa2644be28
2023-03-27 18:17:32,True,2.228e-10,7.08e-13,1000000000.0,0.007,0x8c...dda3,https://bscscan.com/tx/0x21931ffecdbf00af72abfe98afcae594a853f6801e69a57d72bfa3e1d4f27f32
2023-03-27 18:17:04,True,2.217e-10,7.08e-13,5000000000.0,0.0354,0xbb...dd30,https://bscscan.com/tx/0xcd7b47e6373256e48422e2cbb71f284fa2ba398bb27348ee762d706ede4bece4
2023-03-27 18:16:58,True,2.217e-10,7.08e-13,15575609256.0,0.1102,0x15...4042,https://bscscan.com/tx/0xc4ece6845714888006e3219465ae5fb4146b078aefd3843a113b577a05d9bb44
2023-03-27 18:16:10,True,2.228e-10,7.08e-13,3333333333.0,0.0236,0x5c...3f8f,https://bscscan.com/tx/0xbadfeffc9fe7a134a40f828f9d518927d83eca2d76038c0e43445f70d66ad5e4
2023-03-27 18:15:49,False,2.217e-10,7.045e-13,133360423556.0,0.9396,0x90...16bf,https://bscscan.com/tx/0x39b37f93d3a21de919d27c5bfec327de504d67ecce2156523fa842c724181363
2023-03-27 18:14:07,True,2.231e-10,7.081e-13,4575730348.0,0.0324,0xe6...f9a4,https://bscscan.com/tx/0x01d12f6f57aac662b05413d525027e7b77515a712ff1aafad6e08d4f4dbd3e37
2023-03-27 18:12:58,False,2.221e-10,7.045e-13,7441557040.0,0.0524,0x17...42f7,https://bscscan.com/tx/0x045a77e5e757c84769cc924a4f372e8b603645764b83ce987b3592a361b1a1d0
2023-03-27 18:11:40,True,2.235e-10,7.081e-13,1847129608.0,0.013,0xca...5e23,https://bscscan.com/tx/0xe97a8fc12c7e142b71dd5526c1961053bf494a19ffb51cdea98410a9d640ec3f
2023-03-27 18:11:10,False,2.224e-10,7.046e-13,93823408685.0,0.661,0x96...46e5,https://bscscan.com/tx/0xf12c051f10de52f355cf5736e24d50505dade6311b28ab015bf82f5dda6983ef
2023-03-27 18:10:10,True,2.223e-10,7.081e-13,833264484.0,0.0059,0x15...4042,https://bscscan.com/tx/0xd7281b0b0c5d20ea774f43313d20081e57582c546884e954de9fda9db22e7a24
2023-03-27 18:07:31,True,2.223e-10,7.081e-13,7739068213.0,0.0548,0x41...b2a2,https://bscscan.com/tx/0x70c8c2c88e27c9e3d2f2444ce2adf956688fb44861ced7febfae62631182d96c
2023-03-27 18:07:10,False,2.223e-10,7.046e-13,97571687036.0,0.6875,0x4f...4d5b,https://bscscan.com/tx/0x18a6f3cf2862adc96bc82ee8ed66a1a4a6532972a66121fcc13e2d0f4b258325
2023-03-27 18:07:01,False,2.212e-10,7.046e-13,7631808982.0,0.0537,0xc4...79fd,https://bscscan.com/tx/0xa7264e3835f1f406cbacd6c5607def3d0d186378a917f5ff6ca70d9ecef2eccd
2023-03-27 18:06:31,False,2.22e-10,7.046e-13,5242451974.0,0.0369,0x0c...259a,https://bscscan.com/tx/0xa635171a074142a4fcc30def91b4d5eb9796ad45bacbcd2810799f4729bd8e1f
2023-03-27 18:06:31,True,2.232e-10,7.081e-13,36000100000.0,0.2549,0x7e...e6bb,https://bscscan.com/tx/0x6e9002eb71d051ddfe7aea62decd8b00138101bd82e5b414b6057041a4fc6ca2
2023-03-27 18:06:28,True,2.231e-10,7.081e-13,409541605920.0,2.9,0x50...050c,https://bscscan.com/tx/0x37b2eca51c886783cccb108d8c270632f0b6ebe8414456a27a4b9cab0b9da536
2023-03-27 18:05:04,True,2.227e-10,7.08e-13,84741900000.0,0.6,0x69...f5af,https://bscscan.com/tx/0x0d5276268578951df50847dd71a12b8d4eb3cf6834050bc37db79b2636214345
2023-03-27 18:01:13,True,2.227e-10,7.08e-13,4485178544.0,0.0317,0x71...8bfd,https://bscscan.com/tx/0x41ff80ebc4270bae759659f651e32f459eae515842548a191f9f9fb8f4b9c566
2023-03-27 17:59:58,False,2.216e-10,7.044e-13,2700000000.0,0.019,0x87...ea58,https://bscscan.com/tx/0xcf109dd555839979b3d998b839c1ed0bcad69e321d1b2403ac558452f80dfb85
2023-03-27 17:59:40,False,2.205e-10,7.044e-13,72350427533.0,0.5097,0xbf...57f4,https://bscscan.com/tx/0x7f408d8eb43700b1b23fb6227dc5ab1aeffc93c89041ba627aea28ed17e682f2
2023-03-27 17:59:07,True,2.217e-10,7.08e-13,2241144437.0,0.0158,0x7e...80d4,https://bscscan.com/tx/0x3431905dea53f35ef704d4a524ed5f92c5fb17223c56db719cb2087b195d8035
2023-03-27 17:57:49,False,2.22e-10,7.045e-13,113960068427.0,0.8028,0xcb...0e0f,https://bscscan.com/tx/0x1505d15c75f8e30b1fb115d37144dc9d27bfbf864890f9db779838e4dc1df270
2023-03-27 17:56:43,False,2.22e-10,7.045e-13,42300000000.0,0.298,0x87...ea58,https://bscscan.com/tx/0x4594faec9d6e93dccf4c3badcb87d7b00503c553390b8f76e9f2321baf35c6c1
2023-03-27 17:56:40,False,2.22e-10,7.045e-13,8796081101.0,0.0619,0x07...7629,https://bscscan.com/tx/0x7361df4d8cd773864e8e1c250b0ef7d4fcd120ab390a04048f151d69fdc0692a
2023-03-27 17:55:52,False,2.22e-10,7.045e-13,25946598042.0,0.1828,0x88...3ae9,https://bscscan.com/tx/0x87d736574d88947310437132928c530f9b87a9881ec40c2df173ef5e4c1c97fc
2023-03-27 17:55:19,False,2.209e-10,7.045e-13,90185790070.0,0.6354,0x1f...4f4f,https://bscscan.com/tx/0xa2a04081d2975472f80262a44e375d4fa030728352ad055f9f224d77955dc14e
2023-03-27 17:54:07,True,2.22e-10,7.081e-13,2118264458.0,0.015,0xa4...5f27,https://bscscan.com/tx/0x0c1b62828d43bcfa9ce91cc1702a91f7de3dc768f384972257c9848b32e3e5d4
2023-03-27 17:51:40,False,2.217e-10,7.046e-13,190662139049.0,1.34344,0x9c...e6c2,https://bscscan.com/tx/0x8d85ccfd52acb4162b6702df7120d5d13accd27a8fdc98115ad7e20e4411f7a1
2023-03-27 17:50:46,True,2.229e-10,7.081e-13,2400501744.0,0.017,0xe6...6a8a,https://bscscan.com/tx/0x2e450d332ba61fdd752128f3aca1ea41c882da719cc562b0b0a8852bef643866
2023-03-27 17:50:16,True,2.218e-10,7.081e-13,14120649731.0,0.1,0x33...cd2b,https://bscscan.com/tx/0x639f651b3ada9d8e5c8a120dcac17c6efb6a6748becb34b60e9d54d01d813b63
2023-03-27 17:50:04,False,2.218e-10,7.046e-13,35866174650.0,0.2527,0x0c...372d,https://bscscan.com/tx/0x1d3125738bcf0ba2f3d692624e38676c341c3d158fab8d22fab562c185494847
2023-03-27 17:49:31,False,2.217e-10,7.046e-13,3899482551.0,0.0274,0x36...e529,https://bscscan.com/tx/0x5b9e4854be96a621b6afe4ace43b5feaa0eedd290ceb0722b96d1806b61d9793
2023-03-27 17:49:07,False,2.217e-10,7.046e-13,4500000000.0,0.0317,0x85...7aef,https://bscscan.com/tx/0xf867368ad78e832e3ad818a849e6e7191d9d07dae1ecdd1017964c0519c1a579
2023-03-27 17:46:46,False,2.217e-10,7.046e-13,28087382012.0,0.1979,0x6f...6cd8,https://bscscan.com/tx/0x913d2cbbe5692a2293ea319f0d0ee17cce4558538f9c8fc033f82e63c322ff3e
2023-03-27 17:46:01,False,2.217e-10,7.046e-13,180247691677.0,1.2702,0x1f...4f4f,https://bscscan.com/tx/0xd95051d390c26fca925477cb13f5ec21ba9ee68400c94a5e0603cf243ef600b6
2023-03-27 17:45:16,False,2.217e-10,7.047e-13,26472071045.0,0.1865,0x87...e649,https://bscscan.com/tx/0xb47359823edafe248256d0892d2912c47bcd63aae865514a5865e1d752db4374
2023-03-27 17:44:37,True,2.215e-10,7.082e-13,73419820277.0,0.52,0xa3...de1f,https://bscscan.com/tx/0xe53f992eaccfdc9c89485d5c04dfd37ea6708cd86d74ae484c522eeba5806691
2023-03-27 17:43:19,False,2.215e-10,7.047e-13,1821672971.0,0.0128,0x7a...f2eb,https://bscscan.com/tx/0x33e4794c50c89618902da2d5096b36a87e5310f925505ffc86c86f775f974876
2023-03-27 17:42:49,True,2.226e-10,7.082e-13,1500000000.0,0.0106,0xc9...ffd8,https://bscscan.com/tx/0x1cc51de1da5910d923d64bb4cc453ac63f1a088df7014625ac9508ae6fd2194f
2023-03-27 17:42:49,True,2.226e-10,7.082e-13,6208882143.0,0.0439,0x6e...3108,https://bscscan.com/tx/0xe5ff626d22d202d570ef2b61f0ffcee97a431a2b9e59563a54b49534ed03d8ba
2023-03-27 17:37:40,True,2.228e-10,7.082e-13,3529867713.0,0.025,0xe1...ef56,https://bscscan.com/tx/0x32df39ce37605f95de410641d71901c04dd1555a8b265ce66d5e209f6e0fac74
2023-03-27 17:37:31,True,2.217e-10,7.082e-13,75522399471.0,0.5348,0xbc...cd1b,https://bscscan.com/tx/0x893970b39a703cc9fff9557c94511b1af7a17686b498ff8eeb572deb65cef71b
2023-03-27 17:37:06,False,2.206e-10,7.046e-13,19621364371.0,0.1382,0x88...f0e6,https://bscscan.com/tx/0x4f6ece513168eb3434a38b861d699457e40e80ec8a93637b242fabe386e6cad2
2023-03-27 17:36:38,True,2.229e-10,7.082e-13,2117975257.0,0.015,0xa4...5f27,https://bscscan.com/tx/0x7c92e88b816cb9abf424582ce7dff11b40b119c216c28b95fdf7f0f0b588307a
2023-03-27 17:35:11,True,2.229e-10,7.082e-13,400000000.0,0.0028,0x81...beaf,https://bscscan.com/tx/0x69b038c5a8c6495ffd2a0bb4dee7bdd24797e2d2a2b12d2e147543a7a5ea93bf
2023-03-27 17:34:23,True,2.241e-10,7.08e-13,1370037133927.0,9.7,0x0e...543a,https://bscscan.com/tx/0xfdd9bad2efde434c568dcf44df39839d32c3a46fc0ea14bba922a5df17a260f2
2023-03-27 17:34:02,False,2.23e-10,7.042e-13,12212684070.0,0.086,0x23...ae30,https://bscscan.com/tx/0xe63a70ef38b6231ab6cb6e04e4a20079d068ac279a217b0177ca933d5267aec4
2023-03-27 17:33:53,False,2.229e-10,7.042e-13,6550260133.0,0.0461,0x81...3708,https://bscscan.com/tx/0x6917b7b4ea615b551e58324bb15d5a40b001b185f014bfc5d734bfebde9bfa22
2023-03-27 17:33:35,True,2.241e-10,7.078e-13,12055026415.0,0.0853,0xa6...5f19,https://bscscan.com/tx/0x51846f51d4f64bf7a4450b56f7690a2f7d44f01e6acc528ae1808407f19db2a1
2023-03-27 17:30:08,True,2.234e-10,7.077e-13,25000000000.0,0.1769,0x99...1e88,https://bscscan.com/tx/0x31b8377073d7573e1d06eb3e76490572c002f29f24fcbb873c075280fcd23aa2
2023-03-27 17:25:50,False,2.224e-10,7.042e-13,47105176612.0,0.3317,0x55...7d73,https://bscscan.com/tx/0x6a8b5cb2e2382d9c11e9a7c2674a1e1dde8af09b9af3df8ce0738ae211bcec70
2023-03-27 17:25:32,True,2.246e-10,7.078e-13,7064089624.0,0.05,0xa3...9d39,https://bscscan.com/tx/0x20ce0da8af72e2d3848f3388a2422399bfeb76afc9f2837765221bd91b5968e3
2023-03-27 17:24:50,False,2.234e-10,7.042e-13,86489870863.0,0.6091,0xa9...e6d5,https://bscscan.com/tx/0xd96058f15cfa11045bd4bd0a16b6daf6b8f3451a1689bb4506f36b7e8062ff6d
2023-03-27 17:24:32,True,2.234e-10,7.078e-13,54639430163.0,0.3867,0xa1...ca2f,https://bscscan.com/tx/0xe1cee643ddb672cce4336c5a4e503b2ba4e37825b447cd75fe881698f280b50d
2023-03-27 17:22:02,False,2.223e-10,7.043e-13,146345907798.0,1.03072,0x9f...719b,https://bscscan.com/tx/0xa451daaaea24a311db6fdeb0e7885bb8f13acad8e9cce7e58404e9d91417f9c5
2023-03-27 17:21:35,True,2.234e-10,7.078e-13,1695252656.0,0.012,0xcb...13e7,https://bscscan.com/tx/0x37a16f5933bd052e8f2d3caab89046b9abf9b9b54497738d6ee11758fb4fb4db
