datetime,buy_order,price_USD,price_native,amount_token,total_native,maker,etherscan_url
2023-03-20 09:23:41,False,2.583e-10,7.72e-13,44963129512.0,0.3471,0x6f...dd6d,https://bscscan.com/tx/0x5d350481f0d1afadbe669e81c3b8468f409516ec2ed72ec208b745ad9976325a
2023-03-20 09:21:41,True,2.596e-10,7.758e-13,1066787861.0,0.0082,0xc3...6999,https://bscscan.com/tx/0xf026d41f9061b4d4b3a01c4b1e3e3282667703164360a5f9d022cb621b1b6ceb
2023-03-20 09:17:56,True,2.596e-10,7.758e-13,3866578728.0,0.03,0xce...0a42,https://bscscan.com/tx/0xed2d51d85ec5addf82b3a35ede1a1149f3ec4f69683ae776ec169b0945bd6a47
2023-03-20 09:07:41,False,2.585e-10,7.72e-13,11700000000.0,0.0903,0x45...dc0f,https://bscscan.com/tx/0x1b3ba9ad9d2c2ff5ad37ad1e5c75162d228f4f12406560e2e3848c1befe2bbc3
2023-03-20 09:07:23,False,2.597e-10,7.72e-13,8295536615.0,0.064,0x46...2cdf,https://bscscan.com/tx/0x5a08b257736b5a50ab4363a8eb259a2c87741b33269000dabcf61098b6056e99
2023-03-20 09:07:20,True,2.61e-10,7.758e-13,21487286907.0,0.1667,0xa6...9420,https://bscscan.com/tx/0xeff56507ca1244030485044e3c8ae359ff11984021bf23cfe7450bf8b2b39994
2023-03-20 08:59:47,True,2.591e-10,7.758e-13,2500000000.0,0.0194,0xa4...30fa,https://bscscan.com/tx/0x3136fb011ae781c0c579ff1b9c5f8a6067f74c829a68ffce553f479afdc6cde6
2023-03-20 08:59:02,False,2.591e-10,7.72e-13,13513169940.0,0.1043,0xd9...efce,https://bscscan.com/tx/0xb57d02e2fe8cdd0ecbb0268dee496dd9418a2ab2c08fd840ac31aaadc6c52278
2023-03-20 08:57:59,False,2.578e-10,7.72e-13,5406766662.0,0.0417,0x79...cebd,https://bscscan.com/tx/0x3e37918178f0cd7ae2b446a2dd12e041b9c816904579ce766c7f6b17c36d03f2
2023-03-20 08:56:17,True,2.591e-10,7.758e-13,65732400001.0,0.51,0x2e...579d,https://bscscan.com/tx/0xfd002b4aa088495697eb9a512218b45ad4346414bc7df6ca970c5e7b95134ef9
2023-03-20 08:44:35,False,2.592e-10,7.719e-13,8552196338.0,0.066,0x01...87c5,https://bscscan.com/tx/0x53fd6af3fbd47fe60ecd3cf42045086975cf5af693ea5fad0e457734978dfe9a
2023-03-20 08:41:01,True,2.588e-10,7.758e-13,362534306.0,0.0028,0x8d...ab7a,https://bscscan.com/tx/0x80982eaa9e546b204b2b75756aa5d60dc87c03d386b50b92ccc22c2a150fa850
2023-03-20 08:39:10,True,2.59e-10,7.758e-13,5638216851.0,0.0437,0x2a...d51f,https://bscscan.com/tx/0x6d92349189225965d8e6a0a168151517d0aaaf4cf3fb8de31654be1939d6b816
2023-03-20 08:37:52,False,2.595e-10,7.719e-13,7771698126.0,0.06,0x21...ec98,https://bscscan.com/tx/0x0bdf89377e635e986333f71bbf9089f57c79b7a30637ed167f9ccdee0773c0fc
2023-03-20 08:37:49,False,2.595e-10,7.719e-13,3380179039.0,0.026,0x6c...90ec,https://bscscan.com/tx/0x86db8e2b16b952f4f82d4376e7bfa250d4d9c6346c215de3219f3b2bfd72a7b7
2023-03-20 08:37:28,False,2.582e-10,7.719e-13,6325002680.0,0.0488,0x89...d52a,https://bscscan.com/tx/0xeb38915207cdc46c1ffac3191b9e3954733f085c54ad7d55281d80ee34c26ba6
2023-03-20 08:36:13,False,2.595e-10,7.719e-13,7535954816.0,0.0581,0x61...b394,https://bscscan.com/tx/0x0bb63e1b9304bb7850caa76fb524574f3d13fa68408af0c92aaae1b40a57a451
2023-03-20 08:35:40,False,2.594e-10,7.719e-13,4048229842.0,0.0312,0x59...fe17,https://bscscan.com/tx/0x5467ef2fe057b8900a4b2a7b7881b84944a390a423053863f7e8d19d202a9336
2023-03-20 08:35:07,False,2.581e-10,7.719e-13,10186200000.0,0.0786,0x3f...c581,https://bscscan.com/tx/0x4303557772cf37e169fd1a480b541d7effe77d0274a623545c856f80128c424b
2023-03-20 08:34:31,False,2.594e-10,7.72e-13,1399924800.0,0.0108,0xca...129b,https://bscscan.com/tx/0xc551406d88c8ca0b09030f8ab5efd49d4e2091e4fbc0993885a4580395434c13
2023-03-20 08:32:01,True,2.593e-10,7.758e-13,110000000.0,8.534e-05,0xed...4d28,https://bscscan.com/tx/0x9865a1d9b080138ae851b34ec240c64a13e75c84a7fda5bc6c3eef6cfe9cf54b
2023-03-20 08:31:07,True,2.606e-10,7.758e-13,9736945343.0,0.0755,0xb3...f703,https://bscscan.com/tx/0xd27a93f72aee0df09bb4cc93cdb3a34ba7815f63ab363b553afead7026c16191
2023-03-20 08:30:37,True,2.593e-10,7.758e-13,2000000000.0,0.0155,0x56...c900,https://bscscan.com/tx/0x2df1e49817d6739c013fccd3a391196e11672e3e48fba95ff2bd9db0afba3f22
2023-03-20 08:29:16,True,2.593e-10,7.758e-13,369053396.0,0.0028,0x8d...ab7a,https://bscscan.com/tx/0x6282b40034d49b3fb8d63271aefa818e0bec5bccac7b60fb6284dd95e594614f
2023-03-20 08:29:04,True,2.606e-10,7.758e-13,12759876041.0,0.099,0x36...b2d2,https://bscscan.com/tx/0xa8a197769bf81d427bac646ae1da136ccf561dfb2cc31ac7c578cd39f7ff9efe
2023-03-20 08:28:28,True,2.593e-10,7.758e-13,119000000.0,9.232e-05,0xed...4d28,https://bscscan.com/tx/0x78de93dd6d4fc6a337579cc6be3cb83337f3ff4dd8b9e2aa91f0501a939829d1
2023-03-20 08:27:49,False,2.592e-10,7.719e-13,769437000.0,0.0059,0x99...4e71,https://bscscan.com/tx/0xd6ae8caab36a57071fac8bca7dc64b5d509de202ea8d8f802671368fdfd16ea6
2023-03-20 08:22:24,False,2.578e-10,7.719e-13,2627825347.0,0.0202,0xf8...1c18,https://bscscan.com/tx/0xef43c4a3edb17a6a8125b249da628696276e9968098f194804694113ed7b1734
2023-03-20 08:22:15,True,2.591e-10,7.758e-13,5744893420.0,0.0445,0xe1...fe6a,https://bscscan.com/tx/0x4405f9d6f80e1e9ff0841baab33b35c76e83b2f68eb6a1c67bfb4be09da9eda6
2023-03-20 08:21:24,False,2.578e-10,7.719e-13,37371252425.0,0.2885,0x30...f419,https://bscscan.com/tx/0xaa03032253175502fed3d21b8aaacf93f4cec1e40a449984cb0610ab537f9b7b
2023-03-20 08:20:12,True,2.604e-10,7.758e-13,5842710000.0,0.0453,0x66...c73a,https://bscscan.com/tx/0x6e915e7579f5262bf1cfb85b7836d3d9da53d741255ea6c3c27d3616f049f50c
2023-03-20 08:15:09,False,2.59e-10,7.72e-13,22139014212.0,0.1709,0xcd...ccc2,https://bscscan.com/tx/0x425edbfe803ec1668527086dac94eefa13128cbd3ed4d31bae7848200af9dbe2
2023-03-20 08:14:45,True,2.59e-10,7.758e-13,386655010.0,0.003,0xd2...601c,https://bscscan.com/tx/0x6aa9810460b95af13b18b3530e85cace68bee8199a9ea70addc8076059ad0160
2023-03-20 08:07:30,False,2.583e-10,7.72e-13,5022572870.0,0.0387,0x23...4e0e,https://bscscan.com/tx/0xa03c64197dd316d11f3ecdbdfcc3fee2cf07b48d16ebafc8e636259c62394580
2023-03-20 08:06:09,True,2.596e-10,7.758e-13,1052846629.0,0.0081,0x42...bfa3,https://bscscan.com/tx/0xf7566d49acbb8ffbf6e5a32360709bb70a4a606c3c5d9959306cf054bfabadfb
2023-03-20 08:03:54,True,2.582e-10,7.758e-13,37492246654.0,0.2908,0xea...9dbe,https://bscscan.com/tx/0x3961eaafcd134d1807bd7673831b3aa0427e2aa13119d5c263dd43263bd967cf
2023-03-20 08:03:09,False,2.569e-10,7.72e-13,8437885118.0,0.0651,0xd4...e5f7,https://bscscan.com/tx/0xe91c44211252accd988e7576c6a968b778a435e5e8489e7027d6d5929f8382b0
2023-03-20 08:03:09,False,2.569e-10,7.72e-13,2621481308.0,0.0202,0x13...f59a,https://bscscan.com/tx/0x9055b58a9d9d898a30fbdf30dd0ae8eae93da7145827bb9faf28df52b3edd526
2023-03-20 08:02:18,True,2.581e-10,7.758e-13,14994700000.0,0.1163,0xb0...e4b6,https://bscscan.com/tx/0xb203988187a587eb0f9f71fe206c3265745f43e8061ec06ae56f7bf22882e97d
2023-03-20 07:59:45,False,2.583e-10,7.72e-13,144705874033.0,1.11716,0xbe...a17a,https://bscscan.com/tx/0x72e0881f15ed5ee8fc004f330b0ce791cd86b0c59be92547191cac782c2988b1
2023-03-20 07:57:51,True,2.596e-10,7.759e-13,19947200000.0,0.1547,0x5e...2c87,https://bscscan.com/tx/0xd51e55f8e95f75bc9c9fd48ddfd5d833584b829015f561ebba57f2e10fd97f10
2023-03-20 07:52:45,False,2.58e-10,7.72e-13,8246079696.0,0.0636,0xd6...bc0d,https://bscscan.com/tx/0xd544d1b4d411fbf44de6a2707066fa102a56d3b5f04c4264c482b87eefa712dd
2023-03-20 07:49:09,False,2.584e-10,7.72e-13,2408738371.0,0.0186,0x3d...2631,https://bscscan.com/tx/0x7c5e856f0c214db08b8de67839eb025d8621e9a901eb2d43314b2cdb923b6f2e
2023-03-20 07:47:00,True,2.595e-10,7.759e-13,109540077174.0,0.8499,0x3b...110a,https://bscscan.com/tx/0xaf2394193a4f012f91460e78f45caf86407cf3a8d51c4b20440531b8f31a3cf7
2023-03-20 07:45:39,False,2.583e-10,7.72e-13,7513046231.0,0.058,0xa7...f72f,https://bscscan.com/tx/0xec41279cc6f4ddcbbcd4d9d604f46cae337945244a6b2ee5258fa01bd68b5508
2023-03-20 07:45:39,False,2.583e-10,7.72e-13,1004635.0,7.755e-07,0x23...91f7,https://bscscan.com/tx/0x5ea8c26b470d5b895f52565a0fdbf6e92e7cf8f2752e60a66e8d29ce891070b1
2023-03-20 07:45:39,False,2.583e-10,7.72e-13,1004635.0,7.755e-07,0x23...91f7,https://bscscan.com/tx/0x5ea8c26b470d5b895f52565a0fdbf6e92e7cf8f2752e60a66e8d29ce891070b1
2023-03-20 07:45:39,False,2.583e-10,7.72e-13,399844765.0,0.003,0x23...91f7,https://bscscan.com/tx/0x5ea8c26b470d5b895f52565a0fdbf6e92e7cf8f2752e60a66e8d29ce891070b1
2023-03-20 07:44:08,True,2.598e-10,7.758e-13,20000000000.0,0.1551,0x12...bc25,https://bscscan.com/tx/0x45781f7235ec386fb85520b51218c03eb8c148fd2f1df0a79372f822f13963d7
2023-03-20 07:43:17,False,2.587e-10,7.72e-13,4050000000.0,0.0312,0x2e...7f8c,https://bscscan.com/tx/0x2e612efa4bdd32220d6c1b675f034b58e9b0a6628d733a5adf638f46e609e0e0
2023-03-20 07:43:14,False,2.587e-10,7.72e-13,86725807870.0,0.6695,0xb9...3907,https://bscscan.com/tx/0xe2a936de81a3e8487b683f3a481c3bb7f723f2710de356cf4818e59bafa4fa68
2023-03-20 07:43:08,False,2.587e-10,7.72e-13,166526348256.0,1.28569,0xb9...3907,https://bscscan.com/tx/0x9419ffd90efebc48806175fe9f5cd4257642ae6a721af238bcd5711734278f76
2023-03-20 07:43:05,False,2.574e-10,7.721e-13,291182462081.0,2.24835,0xb9...3907,https://bscscan.com/tx/0x4912d6bdc8905930f3e380ab01c46ff949137e5a0e5c4a524df48aa81f378018
2023-03-20 07:43:05,False,2.575e-10,7.722e-13,325487401772.0,2.51359,0xb9...3907,https://bscscan.com/tx/0x2594bec76da960ffcaaf9fb95e2249f7de5f9d84ee39f6ee36bff6f8c55cc006
2023-03-20 07:42:50,False,2.588e-10,7.723e-13,109303174670.0,0.8441,0xef...098a,https://bscscan.com/tx/0x976730a2ed429f27c1acc18778c55a85138496e41be54c51d87a18f6531068a9
2023-03-20 07:42:50,True,2.601e-10,7.762e-13,3864760001.0,0.03,0x28...1350,https://bscscan.com/tx/0x2973af9a903d24932f63a18e1bcb98470f6cda9ae3a3e9439efaed1aa3bf1841
2023-03-20 07:42:43,False,2.588e-10,7.723e-13,52382914556.0,0.4045,0x4e...1875,https://bscscan.com/tx/0x42e502df1bd80b2ad1c0d4ab447cad034c985bd99a55b3b81d8720c00027b8b1
2023-03-20 07:42:12,False,2.576e-10,7.723e-13,183889129508.0,1.42036,0xb9...3907,https://bscscan.com/tx/0x9c4ea79ad801e3e0e7f0e5c5b6b9c376eb9729e96d4b2e05f57837be42a91dec
2023-03-20 07:42:12,False,2.576e-10,7.724e-13,11193553220.0,0.0864,0xb9...3907,https://bscscan.com/tx/0x9204dbb93ca9f95742425984e3132841b8719bd59c03ba2db95e48ade3f166aa
2023-03-20 07:42:09,False,2.576e-10,7.724e-13,270228746888.0,2.08747,0xb9...3907,https://bscscan.com/tx/0xf38cd77994ad50a3c2e252f41fdb193157980c56adae7f8d9dcbd9190ada1de5
2023-03-20 07:42:06,False,2.577e-10,7.725e-13,69895915372.0,0.5399,0xb9...3907,https://bscscan.com/tx/0x1c50fc79b090fdf66b567ad529637f94d387815521d95d0ec35aaeecbb1ec79c
2023-03-20 07:42:06,False,2.577e-10,7.725e-13,183889119611.0,1.42071,0xb9...3907,https://bscscan.com/tx/0x0e0176cd0ead66d884916881bfa235dd03507dbc9b3f00a708873884bb2b9a4d
2023-03-20 07:42:03,False,2.59e-10,7.726e-13,88842966829.0,0.6864,0xb9...3907,https://bscscan.com/tx/0xeb7e72061f12546e2945a9fd195aaec9b1ce67cc8ed864408a7f47104282ec6a
2023-03-20 07:41:24,False,2.59e-10,7.726e-13,75913823605.0,0.5865,0xc9...ac47,https://bscscan.com/tx/0x765424b18ca8ed8aa033380ca69095ec51e5cd236f0894a52283adedd3e0fcdd
2023-03-20 07:41:12,True,2.604e-10,7.765e-13,3863203327.0,0.03,0x56...b5f7,https://bscscan.com/tx/0xfcc740ca83b5385415d22af7c05ffb0b34b07e646e98452a76dd00f81e4ab381
2023-03-20 07:41:09,False,2.591e-10,7.726e-13,2020368592.0,0.0156,0xb9...3907,https://bscscan.com/tx/0x6c4f8e8c1f4a60b6233ba553daeba46ea6ac72de17245201ce807288426ae36e
2023-03-20 07:41:06,False,2.591e-10,7.727e-13,130919673710.0,1.01162,0xb9...3907,https://bscscan.com/tx/0x20846538339199caee730971fc83ed3691555727f0c5fe7609b04d6cae2577f3
2023-03-20 07:40:09,False,2.592e-10,7.727e-13,263645868270.0,2.03738,0xb9...3907,https://bscscan.com/tx/0x43c864e20de0d50b7e7a589501bc5d389eebe0ae5205ba94705f145a6f013006
2023-03-20 07:40:09,False,2.592e-10,7.728e-13,6881090237.0,0.0531,0xb9...3907,https://bscscan.com/tx/0x4e91c23a0b6db89bbc4fd351f9e60fe3cc9fade0b329f04f712c9d19d873c765
2023-03-20 07:40:09,False,2.592e-10,7.728e-13,281245681259.0,2.17367,0xb9...3907,https://bscscan.com/tx/0xc4887e2e88268872ec23fe274b6d544c9f1efa013e00eb73a6969fad2917142d
2023-03-20 07:40:06,False,2.594e-10,7.729e-13,159183069566.0,1.23041,0xb9...3907,https://bscscan.com/tx/0xc47e4b4dbf53fe4378e009c28cb5e81bc032916654dcdcfeb26134c05b9a628b
2023-03-20 07:40:06,False,2.594e-10,7.729e-13,26185541152.0,0.2024,0xb9...3907,https://bscscan.com/tx/0x6fd6f256c7359ecf042d64253a7b27c30efd51d00d54024478375a2304d22117
2023-03-20 07:40:03,False,2.594e-10,7.73e-13,82536231063.0,0.638,0xb9...3907,https://bscscan.com/tx/0x39a6c4db477c3c7ea3e91f62402a4c5368c233ea6a6302a2aa3db36d27a66379
2023-03-20 07:39:57,False,2.594e-10,7.73e-13,5511756872.0,0.0426,0xed...9159,https://bscscan.com/tx/0x910bebcc7c040e392f8fe8ad21579f61b03ef563c790af52a151a697c35bc8f0
2023-03-20 07:39:15,True,2.607e-10,7.768e-13,49427891052.0,0.384,0xf6...0d55,https://bscscan.com/tx/0xe51ec11c113615d1875c39d0d4e15bedfbb56d3fb23c97e51515045f416ed3aa
2023-03-20 07:38:15,False,2.593e-10,7.73e-13,4006262117.0,0.0309,0x07...a506,https://bscscan.com/tx/0x3d62a3e835b6743f5097f5e28bbefbf76217a56fc236919d6e8941f87bb47911
2023-03-20 07:36:12,False,2.581e-10,7.73e-13,5850000000.0,0.0452,0xd8...2421,https://bscscan.com/tx/0xeab7e95faf562a54800069d7184b7fa87c352ee1ce6686574bc97a395d76284a
2023-03-20 07:35:33,True,2.606e-10,7.768e-13,257453942636.0,2.0,0x4d...ca3d,https://bscscan.com/tx/0xcae7ea79577d7af2a318bc6fce565f73c3d82110dadffaf0d48261fbfcc0fa18
2023-03-20 07:31:06,True,2.61e-10,7.767e-13,16877168850.0,0.1311,0x8c...94ff,https://bscscan.com/tx/0x183cd9f6104900d8fa5c558c39b1c14245ef3c6c9a466467e586083d451b80d7
2023-03-20 07:29:51,False,2.597e-10,7.729e-13,11718900000.0,0.0905,0x5b...5850,https://bscscan.com/tx/0x79d5acb9fbe618017fb5bbc36f30da39d1c6c2c98e42b880777bed0865c284ac
2023-03-20 07:25:42,True,2.598e-10,7.767e-13,9195242109.0,0.0714,0x24...6f00,https://bscscan.com/tx/0x32cc932dfadb89438c5ffb3cc8906985c558643b4cd864d313ce9c9db19c4cf8
2023-03-20 07:24:54,True,2.599e-10,7.767e-13,5307922695.0,0.0412,0x13...046f,https://bscscan.com/tx/0xb5224d7455433758d67fa8428c93b30c4c1c1e246f14e2dd81c91dba39d79f5c
2023-03-20 07:18:12,False,2.598e-10,7.729e-13,186388755451.0,1.44067,0x6d...a538,https://bscscan.com/tx/0x033ecbf671d80683c1f106d2bd732c9ee917693a570d7930ac69e4b2ae1bb8c0
2023-03-20 07:16:15,True,2.611e-10,7.768e-13,228970834778.0,1.77867,0xcf...e9f0,https://bscscan.com/tx/0x8107d69615df7054e6c46b43084792150379096c48f5125ace8b659b14ff32cb
2023-03-20 07:15:12,False,2.586e-10,7.728e-13,4146219719.0,0.032,0x80...1f37,https://bscscan.com/tx/0x601509b590ed545603dca5256a0f748672dc20d85d21c49910880a22e08c4f11
2023-03-20 07:08:19,True,2.593e-10,7.767e-13,26890904394.0,0.2088,0x06...83ef,https://bscscan.com/tx/0xafe53a09072faec32ad6f07d4c0fa63e9f655e3db630139580ce3274ddea760b
2023-03-20 07:07:45,False,2.58e-10,7.728e-13,10794218683.0,0.0834,0x03...3f35,https://bscscan.com/tx/0xe367e53d0c347b7882e8755cdfe2fbb95a7db4851af5d8feb82e66e3cf28d9e2
2023-03-20 07:06:56,False,2.579e-10,7.728e-13,42563525090.0,0.3289,0x8f...b36b,https://bscscan.com/tx/0x907ae88650d1530ad03ddb6605984f1d5490edfe170e8f8d23432608754a6272
2023-03-20 07:04:07,True,2.604e-10,7.767e-13,25670207437.0,0.1994,0x61...d262,https://bscscan.com/tx/0x160914aeb0d50859c09d038b14fab2d2e6d81c4128c6e204a06ca408daa9a5f2
2023-03-20 07:03:12,True,2.591e-10,7.767e-13,3077232565.0,0.0239,0x89...7613,https://bscscan.com/tx/0xdf83d8472edae6e9ad8693e399d135647049153998d91c9060b52f86da9cf2ce
2023-03-20 07:02:07,True,2.603e-10,7.767e-13,25670546640.0,0.1994,0x61...d262,https://bscscan.com/tx/0xea339e32dc4f55ac62ab04b7a5f3e0cc08cbc9226bdd7b89cb74c715b41820a7
2023-03-20 07:01:58,False,2.59e-10,7.728e-13,3600365809.0,0.0278,0x46...a4ef,https://bscscan.com/tx/0x8a4f56d3d9619106559e120d5e1fe0e15503f3597b4944a80ed2bfab5289154c
2023-03-20 07:00:25,False,2.577e-10,7.728e-13,4500000000.0,0.0347,0xf6...8b41,https://bscscan.com/tx/0xd357d5c72c49392371ff1884804fb23c77dc51f5424bd45585b25d785f31060f
2023-03-20 06:56:46,False,2.579e-10,7.728e-13,9034624225.0,0.0698,0x75...a93a,https://bscscan.com/tx/0x1103a7054bd6ad53159270c9d9e5af465fa0efece9cfbc62aecd784a35aca26b
2023-03-20 06:52:52,False,2.579e-10,7.729e-13,73152556688.0,0.5654,0x59...b4e2,https://bscscan.com/tx/0xf565a19d0daf751a3187f930380a62ddf1482e10fc635f631f12c7b9c8dd9585
2023-03-20 06:51:43,False,2.592e-10,7.729e-13,10267751564.0,0.0793,0x85...f8f6,https://bscscan.com/tx/0x37b133344d4b64a1e299d441f871b092f35c2acc5b1f77a1e4fb4d4cf4dfa7d7
2023-03-20 06:45:41,True,2.59e-10,7.767e-13,5020622957.0,0.039,0x55...f167,https://bscscan.com/tx/0x07bb3b461aab41ef21b32dab00b1e20817f6def0b0f440ba0d9fc3a842a85255
2023-03-20 06:45:16,True,2.603e-10,7.767e-13,11941135842.0,0.0927,0xf9...3997,https://bscscan.com/tx/0x72a26f275b9b0d1a3eea9b56977f6e2058b4bef24dbe2966cb1da9c07cc73137
2023-03-20 06:44:20,True,2.603e-10,7.767e-13,5088610001.0,0.0395,0x34...a306,https://bscscan.com/tx/0xf2ff7640dec5a11471964d2f887f7f16984a12632d3c0bccc3a48d9c7a87b279
2023-03-20 06:43:24,True,2.603e-10,7.767e-13,2330000000.0,0.0181,0x28...cc72,https://bscscan.com/tx/0xa579e38a22c217abae02ffd95ed60e20bf2ec5abade2c6085ccdbf6e127b36d4
2023-03-20 06:42:35,True,2.603e-10,7.767e-13,2507441615.0,0.0194,0xf5...3302,https://bscscan.com/tx/0x1b1a72e6fe1d88a116f7a6b7183f09695744ef959bbee3c212087722903875f5
2023-03-20 06:39:36,False,2.577e-10,7.729e-13,5362008941.0,0.0414,0xe6...9c37,https://bscscan.com/tx/0x3399b92fc378ff62d9db0060912ecd86dc5e18deecdc88321f51e94ace8c2398
2023-03-20 06:36:00,True,2.589e-10,7.767e-13,35529904500.0,0.2759,0xcf...e9f0,https://bscscan.com/tx/0x14bad753e2ad62509db240ca9777730495e0b333d817eedf8a21a9046e68d649
2023-03-20 06:34:57,True,2.59e-10,7.767e-13,1375897984.0,0.0106,0x9f...23be,https://bscscan.com/tx/0xdb1d22d839e479d5bca6bb8a4aba164a497f2c0ba9ac08f83c429bfdf83c4a8c
2023-03-20 06:33:48,True,2.604e-10,7.767e-13,57815100000.0,0.449,0x40...08d7,https://bscscan.com/tx/0xa85b1073d2a16b9908cfd5ce5b33b87a07727676139f0ca8c01f817d1cc91113
2023-03-20 06:30:30,True,2.605e-10,7.767e-13,1090000000.0,0.0084,0xda...5867,https://bscscan.com/tx/0x29ea264bfea6da117196fb5fcf9baa8e0f26fc3cdb3dac3cf26037af1438fda6
2023-03-20 06:24:48,True,2.595e-10,7.767e-13,1377103999.0,0.0107,0x51...8fa8,https://bscscan.com/tx/0x0f5cdd7a8994f9bd05a024ac9c64b61c503498cbde0359d1d525a1133136ee97
2023-03-20 06:14:09,False,2.582e-10,7.728e-13,9034621529.0,0.0698,0x75...a93a,https://bscscan.com/tx/0x439b67f5b2de3d57e99d361e7a367a868c9d37b080ec6179b6317e916f56762d
2023-03-20 06:11:12,False,2.594e-10,7.728e-13,4510145087.0,0.0348,0x1b...e048,https://bscscan.com/tx/0x2dece0de3b68b747cb40abdca2f97eab3accc5f250a6376b1e7bd4befcffcb6f
2023-03-20 06:10:09,False,2.581e-10,7.728e-13,4296559289.0,0.0332,0x11...26c8,https://bscscan.com/tx/0x89c8a585f2fd223aeb674468dceb1fdc8259466c5f31778a49eabf07ce8db9a3
2023-03-20 06:04:39,False,2.58e-10,7.729e-13,285832656103.0,2.20929,0xdc...c9da,https://bscscan.com/tx/0x536df595517b0555c49ba24a191be64b67229c019d68d0074b6b828f0d119f62
2023-03-20 06:04:15,True,2.608e-10,7.772e-13,4124993400.0,0.032,0x44...5539,https://bscscan.com/tx/0x0c0d4c89922aa067ea1247a1a855cb8412322d75c603ac8db839f1b6736e03cb
2023-03-20 06:03:27,False,2.579e-10,7.729e-13,73234144573.0,0.5661,0x81...2407,https://bscscan.com/tx/0x0734042adc80accf322e60a3316b9ee56aa5aa77566715ba6c1221444ce9956c
2023-03-20 06:03:18,False,2.579e-10,7.73e-13,21718558515.0,0.1678,0xda...5867,https://bscscan.com/tx/0xef9fd11318607bced2caf5b412503da601d3cb28067f05a64a76610bf5c8a7ea
2023-03-20 06:01:21,False,2.594e-10,7.73e-13,1600964150.0,0.0123,0xf7...238c,https://bscscan.com/tx/0xd6cf9cd419bb6d859ca3f4f2fd4492582643c82b91fbbecf92f59588a68b93f8
2023-03-20 06:01:00,True,2.607e-10,7.768e-13,25743636488.0,0.2,0x36...b2d2,https://bscscan.com/tx/0x8c2280b791323da81d90510604ec882d3b6d32ab49e798fd9797589bdaa383ee
2023-03-20 05:56:00,True,2.6e-10,7.768e-13,382105433971.0,2.96826,0xde...ed00,https://bscscan.com/tx/0x9dc23ddfe2e38807d6bca13465ff4a66939a8ecd3d18f3c43990f001c9df6892
2023-03-20 05:54:48,False,2.573e-10,7.728e-13,5282992719.0,0.0408,0xd4...441f,https://bscscan.com/tx/0xcd6af0573181cebb6ceb8721ab2baa7b602942b83926c5238ed06e20b29da128
2023-03-20 05:53:06,True,2.586e-10,7.767e-13,1111579943.0,0.0086,0xa9...ab9c,https://bscscan.com/tx/0x860ba65f8bd131fa3a287112cdc94ac321ae3fa0f956a951c820bb8ae9431e8c
2023-03-20 05:53:00,False,2.573e-10,7.728e-13,26258593837.0,0.2029,0xad...d065,https://bscscan.com/tx/0x9be8d7388f5ad33aacdc83c362a656a19b3d015b0ce2523b023788673cb708c8
2023-03-20 05:47:30,False,2.572e-10,7.728e-13,41450681717.0,0.3203,0x2c...9696,https://bscscan.com/tx/0xdacdd887746115264fa2b37dd889ba2790fc4c69897882dfc78fc85651fe44d8
2023-03-20 05:46:51,True,2.598e-10,7.767e-13,38361257564.0,0.2979,0x48...7dce,https://bscscan.com/tx/0x8ed0e822a3ff65b11f97ca5fa94f4d37fb7ac68d07d2c5b1830f86bc3e3d6569
2023-03-20 05:44:57,True,2.598e-10,7.767e-13,6436988558.0,0.05,0x20...3d4e,https://bscscan.com/tx/0xb44c8fdaa40e5e94a0ffff8d04fbebacda11e26529d2d3c12018f9e89e9d67b5
2023-03-20 05:43:30,False,2.584e-10,7.729e-13,196144532734.0,1.51603,0xa9...5fe9,https://bscscan.com/tx/0xe21e0f6b2ffd3bf0ad7172f2750d79c47d18cc1fa09291750142b69397caf7c9
2023-03-20 05:42:12,False,2.586e-10,7.729e-13,5000268103.0,0.0386,0x2d...ce9b,https://bscscan.com/tx/0x2584afa127ffc4b5ec570acb796bf3043ccde2b637c59c01dc085c248afc91fc
2023-03-20 05:41:42,True,2.599e-10,7.768e-13,11585500000.0,0.09,0xec...fa1d,https://bscscan.com/tx/0x7ca057f330ab25922d5920fcc06abd5efbb6eea7435d929fdd124aaf1878b2cf
2023-03-20 05:41:06,True,2.586e-10,7.768e-13,386186357.0,0.003,0xa9...140b,https://bscscan.com/tx/0xd03424774124435c3cfc9aaad490738aa5bb8aa232f94a0dd8a7b981e61f5aef
2023-03-20 05:38:42,True,2.6e-10,7.768e-13,3629450001.0,0.0281,0x46...a215,https://bscscan.com/tx/0x8e5315e8c4cab38537a48c4c3f9dee75b6b44f41f34c537d1a77077f24d5f367
2023-03-20 05:37:15,False,2.587e-10,7.73e-13,720000000008.0,5.56613,0x2a...8ec3,https://bscscan.com/tx/0xcc0de38ad68abb80fa35327e8637fc2b1d77bfab67bb109aafaecbe005db45a5
2023-03-20 05:35:48,False,2.587e-10,7.732e-13,4159170000.0,0.0321,0xfb...8bc3,https://bscscan.com/tx/0x6f88a5a1c3e235f5cd9fedf1ffaac38cc3b17d9c79865032570acc3e59d520a4
2023-03-20 05:34:21,True,2.601e-10,7.77e-13,28812829899.0,0.2239,0x6a...1143,https://bscscan.com/tx/0x80f66f4c961e66a150a45d6cd5f4d869e48d5ccbdcc1ec7c4061193118c6594a
2023-03-20 05:33:54,False,2.588e-10,7.732e-13,77112247056.0,0.5962,0xfd...411f,https://bscscan.com/tx/0x85cafcc0e9a408f4f28a77c50e297bca35b0ec36c2cdafefa75b7058e0618161
2023-03-20 05:29:06,True,2.587e-10,7.77e-13,7673830000.0,0.0596,0xde...6a0f,https://bscscan.com/tx/0xa2d24aa0abdfc253ff5a0193895c84e332ca761019f89e7d7a4eb760f49fb056
2023-03-20 05:28:21,True,2.6e-10,7.77e-13,16332768044.0,0.1269,0x0e...9d92,https://bscscan.com/tx/0x1d9bb7213d5fd745682feabf5760cb8a484f870e10d66bfef46780172ce73ce6
2023-03-20 05:24:20,False,2.586e-10,7.732e-13,61099927664.0,0.4724,0xa2...ab71,https://bscscan.com/tx/0x7942510be6f135ce483edbf978715beb2e359f673b1ecf36454a3dfdbbc9e155
2023-03-20 05:22:39,True,2.599e-10,7.771e-13,100000000.0,7.771e-05,0x34...bdc7,https://bscscan.com/tx/0xff2e1c77583eadc0191f6fde674495bca81e919423b27eb67ce844c0b22a78eb
2023-03-20 05:20:33,False,2.573e-10,7.732e-13,363479943460.0,2.81078,0xec...2d53,https://bscscan.com/tx/0x137d05893c002b7d08062116f8c98b9350da80383960c7817fb7bc56f15c7fcd
2023-03-20 05:19:06,False,2.575e-10,7.733e-13,45008536452.0,0.348,0xf4...2211,https://bscscan.com/tx/0x746c5e9fd7160936b91fdaa594fd630ad1bc56466ce622aac66fb275d56bd229
2023-03-20 05:19:03,True,2.587e-10,7.772e-13,4365598525.0,0.0339,0x4c...84b7,https://bscscan.com/tx/0x86213686c551adb594e8c3c2a1d3c0cc539d1876658f56dc28f16544065dad89
2023-03-20 05:18:12,False,2.574e-10,7.733e-13,8085238124.0,0.0625,0xfe...49a7,https://bscscan.com/tx/0xee57e48fdcfe73f270262df0a643ac220918fc266ffd22a1901fb5f35aef80b3
2023-03-20 05:18:06,False,2.574e-10,7.734e-13,121159971366.0,0.937,0xec...2d53,https://bscscan.com/tx/0x382adc4ff74875c73ce494fef0588fb375719cf5ff7cd29c3e6e0735c9239812
2023-03-20 05:17:18,False,2.588e-10,7.734e-13,246590994603.0,1.9073,0x08...073c,https://bscscan.com/tx/0x26cc50e4c6e856b4a980d0c6ea2c040c19e68ea0cbf265dd6201c2cc29f0a285
2023-03-20 05:15:06,True,2.588e-10,7.773e-13,75373874610.0,0.5859,0x83...7949,https://bscscan.com/tx/0x152e39199c0b1d5204592ef7a7fe87bbeb02fb4ca1e6e8af0b59145eb02327a1
2023-03-20 05:12:30,False,2.586e-10,7.734e-13,30378997091.0,0.2349,0xa2...609f,https://bscscan.com/tx/0x7d4d296a922775547f155abeb8fa2fccd3c06b761cd9e2e89becf1476393d8b5
2023-03-20 05:06:45,True,2.58e-10,7.773e-13,8215273141.0,0.0638,0x3f...87f0,https://bscscan.com/tx/0x3afbd5229b3ddcfb069302428194605ad04495cd8c37b80eb3186b1f3f458607
2023-03-20 05:05:57,True,2.592e-10,7.773e-13,1000000000.0,0.0077,0xec...f69d,https://bscscan.com/tx/0x361a9f094daa9f401e16a8563006d0375d3c572038f1617c48860ac2b3669d01
2023-03-20 05:04:42,False,2.566e-10,7.734e-13,3880038418.0,0.03,0xb7...fc07,https://bscscan.com/tx/0xcda11e21908bfb0993dd46e10d467e898d3e9afde72df3549f1756b4a6b1a43e
2023-03-20 05:03:51,False,2.579e-10,7.735e-13,589383356654.0,4.55945,0xb7...865d,https://bscscan.com/tx/0x615b256fc94fc53ec79f33cac6ec9490070594c613e671e1d6b78c5c712bf45e
2023-03-20 05:01:57,True,2.582e-10,7.775e-13,3130412986.0,0.0243,0xba...d2fd,https://bscscan.com/tx/0xd1226e20c8b5689ef1696813703d81e45fb9407f27089321f85949222c5f14ac
2023-03-20 05:01:39,False,2.582e-10,7.737e-13,458755555131.0,3.54977,0x03...e4f9,https://bscscan.com/tx/0x6d3ef6640427aea2eb846b8520f8a1cdba0d1b323ab04c624448c34871d3c36a
2023-03-20 04:59:48,True,2.595e-10,7.777e-13,2542752643.0,0.0197,0x60...856d,https://bscscan.com/tx/0xd7cd8555f0d0b263ac1ed73aa77ec8d5045a6942d560140d8e7eba94cd119f76
2023-03-20 04:58:51,True,2.582e-10,7.777e-13,21518390856.0,0.1673,0x7b...0eff,https://bscscan.com/tx/0x75c81ff52005e0e3fef76be9b6dd6da47da0ed8f9e5eadec1f6ec13cc932845b
2023-03-20 04:57:18,False,2.571e-10,7.738e-13,3866555130.0,0.0299,0xba...d2fd,https://bscscan.com/tx/0x57dcb8a1dd4f49dfc278de61a44c2aff0e177962a0ac7ea40deecf5b52f32556
2023-03-20 04:56:21,True,2.583e-10,7.777e-13,617950200.0,0.0048,0x8d...ab7a,https://bscscan.com/tx/0x9ea949caeb2b9a2a49c09708f492c48db8dcd1ca6bb14d3bc80bd8ed5421524f
2023-03-20 04:56:09,False,2.57e-10,7.738e-13,15001693341.0,0.116,0xcb...17b5,https://bscscan.com/tx/0x4a48779f5822eb6f2de1a489976d33e7cd018ad156345e893a6295213e252ee9
2023-03-20 04:54:21,False,2.584e-10,7.738e-13,5440137605.0,0.0421,0x33...50c2,https://bscscan.com/tx/0x6002a641f1ccec6c89cf55d5eafff9e6288a94c921b4e5b3802190f8e2ca5cc7
2023-03-20 04:52:45,False,2.584e-10,7.74e-13,808647603603.0,6.25899,0x5b...09f0,https://bscscan.com/tx/0xbbe0260a00dca78821b84651686ce21b257c807bbb3f363fada8a44524abfd2b
2023-03-20 04:52:00,True,2.585e-10,7.78e-13,55268123265.0,0.43,0x60...d507,https://bscscan.com/tx/0x606898452ccfd2574af6e787c39a3ae183d34b8959d390213f8d704e23a258fa
2023-03-20 04:50:45,False,2.587e-10,7.741e-13,4167758533.0,0.0322,0x71...210d,https://bscscan.com/tx/0xe0a129cf9461412c99a94b9fde21fe518d9e182daa3010975a80d1053a3a9c62
2023-03-20 04:50:30,True,2.6e-10,7.78e-13,36786046530.0,0.2862,0x2e...9f46,https://bscscan.com/tx/0x686ba0e01cdeeea5fa24044c73047a352b8600684514210a73522248fbf98fd7
2023-03-20 04:43:15,True,2.6e-10,7.78e-13,771204619.0,0.006,0x97...39b8,https://bscscan.com/tx/0x8a73cfc8351782ba41befb8f224dd7b4f62f32b65398b47809443d088870cc0e
2023-03-20 04:41:33,False,2.589e-10,7.741e-13,3175181441.0,0.0245,0x9e...84ae,https://bscscan.com/tx/0x9a4af9ab41f1305beddc30ffa244e38c93ad1438e978e97d708e27f503133e6b
2023-03-20 04:40:15,True,2.589e-10,7.78e-13,7777708574.0,0.0605,0xb9...2273,https://bscscan.com/tx/0xd2910f9326f4f58a036dc6ee1789954b047b4b6d02c6b33bab5e3da2d1e14a19
2023-03-20 04:33:45,False,2.586e-10,7.741e-13,30284961505.0,0.2344,0x7b...3ff8,https://bscscan.com/tx/0xa0ca544972fce674350c6e22c4cc1f73acf4c20fbae6cef6c0b04b18ed3a43bb
2023-03-20 04:33:21,False,2.572e-10,7.741e-13,2081439470.0,0.0161,0xf7...7ac9,https://bscscan.com/tx/0xa36f3646df597be6883e388310e4ce4c2645b0dd18d78ce8c19519503f4cd28e
2023-03-20 04:29:45,False,2.59e-10,7.741e-13,104058613945.0,0.8055,0x06...6a36,https://bscscan.com/tx/0x9084cd2ea77498f2d3d35463d063e1efc14c4329598bbf1b527f12f5cab7712b
2023-03-20 04:28:45,False,2.59e-10,7.741e-13,50581581681.0,0.3915,0x3b...39ad,https://bscscan.com/tx/0x1fdd2d72093c0a0622c7764ee3a3522aa919691248f3e44a350c7a40cc7529c6
2023-03-20 04:25:09,True,2.606e-10,7.78e-13,13776200000.0,0.1071,0x26...368c,https://bscscan.com/tx/0xc13fe89c132d28511fe75f4e242215e5f69e2acdf18903f75d843f333eb2402e
2023-03-20 04:21:09,True,2.603e-10,7.78e-13,25000000000.0,0.1945,0xd9...d3a6,https://bscscan.com/tx/0xec3758f24ab32a6269cdbb586d11bccff96384109c1455012a2f83853b6f543d
2023-03-20 04:14:40,True,2.602e-10,7.78e-13,10298945738.0,0.0801,0x81...3b50,https://bscscan.com/tx/0x98ac20daddb7a155f29f47c31940f6302fa64228182afa9676cac6eb5a490b3a
2023-03-20 04:14:10,True,2.615e-10,7.78e-13,64016500000.0,0.498,0x9c...ffce,https://bscscan.com/tx/0x0b7cd1355de82c9bb2715bc275ddce46441f9e1a41ef43b965ab148316825059
2023-03-20 04:13:16,True,2.602e-10,7.78e-13,47476170594.0,0.3693,0x9b...f641,https://bscscan.com/tx/0x6709e1d87d514cb3ad6df9888358a38f3c9dcd69b52ca05dcb1dd302d372342c
2023-03-20 04:13:04,True,2.602e-10,7.78e-13,7000000000.0,0.0544,0xa9...adf2,https://bscscan.com/tx/0x17fae7ce89503ca3a92638c6363be9992c6c1e48d3f34f22e6e6fe7e3a62c11f
2023-03-20 04:11:52,True,2.603e-10,7.78e-13,7157110000.0,0.0556,0x9c...ffce,https://bscscan.com/tx/0xfaed0536a05b03ea2c90fcbfb2f12ef0393e1300f875a5507c35a1b563a7d4d5
2023-03-20 04:07:10,False,2.59e-10,7.741e-13,25867512325.0,0.2002,0x29...1ae6,https://bscscan.com/tx/0x4631c928e8bac5f33b72021701a7772ca25d356d857265bc585704724f9a8a06
2023-03-20 03:59:19,True,2.603e-10,7.78e-13,3855968655.0,0.03,0x83...05d2,https://bscscan.com/tx/0xadda2226c408c6fd14e97f7a03b3dc357c801e8b71d95e2409274c2954605c4a
2023-03-20 03:56:07,True,2.614e-10,7.78e-13,1295039531.0,0.01,0x3e...bba4,https://bscscan.com/tx/0x27054cec107c3fc250d190ff31f0ca54aa82caea29bd2b51f2edfbc02d3e7291
2023-03-20 03:53:49,True,2.6e-10,7.78e-13,5000000001.0,0.0389,0x68...adcf,https://bscscan.com/tx/0x048d8ffce473bc28b1f6633c252b2b73b3fee82cc54b0e45eb3c7663040e8dcb
2023-03-20 03:53:25,True,2.614e-10,7.78e-13,24421364512.0,0.19,0x12...8cb8,https://bscscan.com/tx/0xb2302e4af7b318231c740cc1585dddd4c958104e1551cba024f7c3cd80d5effe
2023-03-20 03:49:31,True,2.596e-10,7.779e-13,31935200000.0,0.2484,0x29...1ae6,https://bscscan.com/tx/0xd88ced19456b2fe5d8316d40634525a48be09c88d83f57befe6e9b6e98aa408c
2023-03-20 03:49:04,True,2.608e-10,7.779e-13,2123468937.0,0.0165,0xaa...0b97,https://bscscan.com/tx/0x1431d635012863ed38fd78b6e9ec1e204d3da69899cbc9b13a44a155d0f89dca
2023-03-20 03:48:16,False,2.582e-10,7.741e-13,48713709904.0,0.3771,0xde...dfe6,https://bscscan.com/tx/0xe253546c25e7bf3cf9dd83de17793f7e6248a677e49236e81688a9c6ea13f968
2023-03-20 03:47:31,False,2.595e-10,7.741e-13,11779437784.0,0.0911,0xff...2514,https://bscscan.com/tx/0x394b8a83e895b7dc647080790c3ad8386e674f060f86f9a4bcace6f6e729af95
2023-03-20 03:47:19,False,2.582e-10,7.741e-13,2700000000.0,0.0209,0xfa...a814,https://bscscan.com/tx/0x22a427939300de24c9d9757746e15b8ee8a450c924d73c4a027363ec49975b15
2023-03-20 03:46:52,False,2.583e-10,7.741e-13,7650458004.0,0.0592,0xd4...e5f7,https://bscscan.com/tx/0xf29194ca70fbc4519c9df729a0988364e7ae0fec052a4c2c6fe399809bbb317a
2023-03-20 03:43:09,True,2.602e-10,7.78e-13,22000000000.0,0.1711,0x04...a2cc,https://bscscan.com/tx/0x19d43f8040655df4b819357a2a0e3b3c4e0027828727ca113e0e66301cc356cb
2023-03-20 03:43:06,False,2.589e-10,7.741e-13,1316212055.0,0.0101,0x8b...ae8f,https://bscscan.com/tx/0x1e4c47fc2365201211354019dcc7cb013bb747cfad2bf5c51a98e40b098b9b28
2023-03-20 03:40:47,True,2.602e-10,7.78e-13,11583113488.0,0.0901,0xbc...5d92,https://bscscan.com/tx/0x60f9b2e807481f0c979ee43ec02a296029a9a329538a090190ee8b79c7c2ef08
2023-03-20 03:38:46,True,2.621e-10,7.78e-13,20508215563.0,0.1595,0x53...8b3a,https://bscscan.com/tx/0xe741ec9efc469c045c89e41b06d1c380f03777adf30244ab6064545f1feb39e4
2023-03-20 03:34:02,True,2.608e-10,7.779e-13,12853555511.0,0.1,0x8b...6a6c,https://bscscan.com/tx/0x5eab46acb9372b906196804feec21acce19da95fe421e697bee0ba76c9805bed
2023-03-20 03:31:14,False,2.595e-10,7.741e-13,200547501142.0,1.55252,0x87...5a40,https://bscscan.com/tx/0x734856600d2990624c91b4b9ffbe575c1e8eeef8ecd65d5508c77ab434bc25cf
2023-03-20 03:30:26,True,2.606e-10,7.78e-13,1366623980.0,0.0106,0x15...4042,https://bscscan.com/tx/0x6b47a8e35bc9862d7f6a9f7bc998b36653f37b3986e20e1530d01583789ba3a1
2023-03-20 03:28:02,True,2.622e-10,7.78e-13,2000000000.0,0.0155,0xc2...8705,https://bscscan.com/tx/0x7bac973dcf677c481ff84fa980007bc770b4ce4556a658345c3da3704de542e0
2023-03-20 03:25:11,True,2.608e-10,7.78e-13,6189129301.0,0.0481,0x15...4042,https://bscscan.com/tx/0x90dfc506939df85a14356d2634aab590df9d71f6f71062ef41b2a2b200a3e9c2
2023-03-20 03:18:38,False,2.611e-10,7.741e-13,27000000000.0,0.209,0xe0...8f19,https://bscscan.com/tx/0xba9b79a0fe7f6cb72a0117dad05fcd50dd5f2fa6f7b3df767d465a47bf9b7c56
2023-03-20 03:18:05,False,2.598e-10,7.741e-13,5544336742.0,0.0429,0xe9...efee,https://bscscan.com/tx/0xcf3440c936ca69a76a7dbfb80901577c644bfa8c7a3356e4f5fa62fb3e2082d1
2023-03-20 03:17:59,True,2.611e-10,7.78e-13,25259417465.0,0.1965,0xc9...a783,https://bscscan.com/tx/0x091f2f7a90f7c37eb83bc9d48541b26212ace0de8b3b5f27e5d949caa2f87cd0
2023-03-20 03:17:56,False,2.598e-10,7.741e-13,1364789747.0,0.0105,0x77...c90e,https://bscscan.com/tx/0xf45b400adf048e2311c4edf03b5ed89fdb8a0f1e19369c1aaba9358a4d9900d4
2023-03-20 03:17:50,False,2.598e-10,7.741e-13,10905734299.0,0.0844,0xb9...3825,https://bscscan.com/tx/0x50ec19a9f86a80d7b0582bcbc7cdcf49276cb78242d7ae8ae77f0efeae753528
2023-03-20 03:17:26,False,2.598e-10,7.741e-13,4940606521.0,0.0382,0xcd...e1ee,https://bscscan.com/tx/0xfc7229376774225e90161be7efd2251f6aeb1e1b0ddc801d672736ee5a032342
2023-03-20 03:16:59,False,2.599e-10,7.742e-13,138240374897.0,1.07027,0xf7...cc19,https://bscscan.com/tx/0x70d20b48c68f575c4f62136d13f44f464f36abe0c464b461d5650a96cfc4d75c
2023-03-20 03:05:51,False,2.614e-10,7.742e-13,3641270550.0,0.0281,0x70...e479,https://bscscan.com/tx/0x5d4bfacbfd2ee653a29b5b709afcf7fc49a499fa3f7f565d74298e36ceddd5ee
2023-03-20 03:02:06,True,2.626e-10,7.781e-13,3855449314.0,0.03,0x77...6086,https://bscscan.com/tx/0x984a5260836aab7c304fba4792bfca89c6d89a8b21e168fcd3e917092224621c
2023-03-20 02:56:57,True,2.626e-10,7.781e-13,751830549.0,0.0058,0xfe...630d,https://bscscan.com/tx/0x8a71e749eae6df34afe0682d215a013797c37c68d0f1d1c3bba82160c5860444
2023-03-20 02:54:15,True,2.625e-10,7.781e-13,6184220366.0,0.0481,0x15...4042,https://bscscan.com/tx/0x6c13346f3ed90e5596e5197abcb9158860cc49a2c364caa856206af61b05f9c8
2023-03-20 02:53:57,False,2.612e-10,7.742e-13,2108757204.0,0.0163,0x2c...23d5,https://bscscan.com/tx/0xa42f1af9e4aaa5d21716b6b32795c9b4ad70a587347f5edf7c925e80a3ca2e44
2023-03-20 02:51:24,True,2.625e-10,7.781e-13,31771488225.0,0.2472,0x6d...9275,https://bscscan.com/tx/0x28448618f5a5b4e660036411da1668ad49076ff3cdceb71863c5a68da3409fc0
2023-03-20 02:51:09,True,2.612e-10,7.781e-13,3427130882.0,0.0266,0xba...d2fd,https://bscscan.com/tx/0xff76f21f4c58a7b8a581ae4a99db9d8ae07dbd91a00edab9d0fff36b46304a8d
2023-03-20 02:46:27,False,2.609e-10,7.742e-13,13319620573.0,0.1031,0xe6...7bef,https://bscscan.com/tx/0x99b50fde1e878aaf06260feda859267b5950cfe8e5647b5914004d6cdcfb2640
2023-03-20 02:45:06,False,2.609e-10,7.742e-13,10370880000.0,0.0802,0x20...1f18,https://bscscan.com/tx/0xd918b3a452c81dcd3cab1380390ead941dc5b2e33ff4c3f05c775ea6d26af4d9
2023-03-20 02:42:30,True,2.609e-10,7.781e-13,2981350000.0,0.0232,0xea...9beb,https://bscscan.com/tx/0x899815771b0c392e4d492c39dd742b93e254009c2e75b940b808352ddba7afa2
2023-03-20 02:42:03,False,2.596e-10,7.742e-13,23273402556.0,0.1801,0xb3...521f,https://bscscan.com/tx/0xa034312f8c6ae88fd3ac2fbefae087a584693a11a3678cf4e0496530c13c0039
2023-03-20 02:41:33,True,2.609e-10,7.781e-13,1724308483.0,0.0134,0xb0...fa17,https://bscscan.com/tx/0xca95d7fe8f0658549c9db120c4962c738ca0234726f4aba767b11ab952797d8d
2023-03-20 02:38:09,True,2.608e-10,7.781e-13,1519057874.0,0.0118,0x29...081a,https://bscscan.com/tx/0xa6645a5db77a7c954d4a4db1cb1b2e8db33a0183d2f50255bd032df710e15550
2023-03-20 02:34:42,True,2.622e-10,7.781e-13,740758339.0,0.0057,0x1a...9748,https://bscscan.com/tx/0x90c40bd393e8bf1089249b6c3c5b0d377cb755f8b8cdfd9469061e0edae21ccb
2023-03-20 02:29:48,True,2.622e-10,7.781e-13,1285151379.0,0.01,0x68...2988,https://bscscan.com/tx/0x7158d7b8a1337399b4c28372930d2e0359b98861701e4a5f6431386cdf99ffce
2023-03-20 02:25:09,False,2.604e-10,7.742e-13,4407171914.0,0.0341,0x29...8ace,https://bscscan.com/tx/0xc73ea4c79623cf32773cef03e16b8f0606b281dc5fa90795527eb0032e85cd54
2023-03-20 02:24:33,False,2.603e-10,7.742e-13,22221829585.0,0.172,0xd1...488b,https://bscscan.com/tx/0xcd401822ef2b060ecbb4a32261b470b9bb993a2e2dfe3dc24c80eabc180743ee
2023-03-20 02:21:00,False,2.6e-10,7.742e-13,7185777378.0,0.0556,0x73...2b04,https://bscscan.com/tx/0x8952e7b5f31e0e7e1c8181916a4298f3da3efc9ec6197c896154db2c1ca5bb8d
2023-03-20 02:17:42,True,2.599e-10,7.781e-13,154221000099.0,1.2,0x36...a3ad,https://bscscan.com/tx/0xaad88c4994d01bf52fb4c5cd604b32e510d13d18ee420337398d97c89723ce29
2023-03-20 02:15:29,True,2.599e-10,7.78e-13,4343218342.0,0.0337,0xe7...98f6,https://bscscan.com/tx/0xefb550ab616229b9f412d8c1d2f0512e078f35bae8fabf43275ac201b8e5a88c
2023-03-20 02:11:38,True,2.594e-10,7.78e-13,3049907412.0,0.0237,0x85...4a38,https://bscscan.com/tx/0x4618661636c3a304c966d848cd6e2b584b71a22f85b728154d2382dc577d7ed6
2023-03-20 02:11:11,True,2.594e-10,7.78e-13,28262538780.0,0.2199,0x42...4588,https://bscscan.com/tx/0x7245e7faca4ea1bd91b32da6870d30f8557bef58e3ef2a5bb9a489b139056145
2023-03-20 02:11:11,False,2.581e-10,7.741e-13,29700000000.0,0.2299,0xb1...1970,https://bscscan.com/tx/0xead820188888e168920df781f3535a3efb62daf67699f60a5c88e4699046618e
2023-03-20 02:09:29,False,2.582e-10,7.741e-13,23691687430.0,0.1834,0xc7...d0c2,https://bscscan.com/tx/0x4da661e69cb2a2a77be69ba6873802705afe3f31e758ff4c25b76dca2c526ac7
2023-03-20 02:08:14,False,2.593e-10,7.741e-13,11206069147.0,0.0867,0xd3...6176,https://bscscan.com/tx/0x6665051b13c973c6ca78cd7588051a03d282be910e734deea5a2aa8a18e31805
2023-03-20 02:04:20,True,2.593e-10,7.78e-13,8932079773.0,0.0695,0x52...52fa,https://bscscan.com/tx/0xbaa03a479b7c5eb5580916c2107e903371f50a9987bd9a116b453bf09dcdd70f
2023-03-20 02:01:56,False,2.588e-10,7.741e-13,14545807285.0,0.1126,0xa9...1692,https://bscscan.com/tx/0x190e932b62ecf66aa7f5a732a4dd845eb2e038bb2666f10f28fcafeb40014572
2023-03-20 02:01:44,True,2.614e-10,7.78e-13,6932506154.0,0.0539,0x6d...9275,https://bscscan.com/tx/0xa10364f49d40b6277e2f2efd3e2864b26c3b0a55a8785b2ef9395391fc19db95
2023-03-20 02:00:41,False,2.588e-10,7.742e-13,99844625377.0,0.773,0xa1...0980,https://bscscan.com/tx/0x8bb2d57f6588eff387fb99c796ccf3df099f83e4b2126f5504825be3ca2b54d7
2023-03-20 01:54:05,True,2.603e-10,7.781e-13,4883567504.0,0.038,0x30...0016,https://bscscan.com/tx/0x9b75aa2fd4802ef4286738d916bf38cf0aa8a0e48ca9d60a9d291e9bb29d13cd
2023-03-20 01:53:11,True,2.603e-10,7.781e-13,26192880417.0,0.2038,0x3a...08ab,https://bscscan.com/tx/0xd9b5e1f1c132fd9fc5a506f50fe45138f887e4064e824354c5f531cd4aa9e078
2023-03-20 01:52:11,True,2.605e-10,7.781e-13,16392102888.0,0.1275,0x49...4915,https://bscscan.com/tx/0x380e7e3238285b75ca3bc437081d2cde3b0ba98077f63382decd1b73c13be9fc
2023-03-20 01:51:41,True,2.604e-10,7.781e-13,7936576254.0,0.0617,0x16...0efb,https://bscscan.com/tx/0x91c11db402277a3b2d4e0323cef1a5b6359b63acf583fc596ea016635eb7e686
2023-03-20 01:49:02,False,2.592e-10,7.742e-13,5040000000.0,0.039,0x64...b58a,https://bscscan.com/tx/0xfb59632d8e4225e8e7b8e1f73056e6507010d3cff10c2f978f436d14dc6b4878
2023-03-20 01:47:59,False,2.591e-10,7.742e-13,5393805842.0,0.0417,0x5d...708d,https://bscscan.com/tx/0xff6bdfb45e9eae19bf92d60e3ef33a3317be07fa07faea5bdb5fb973c1a89330
2023-03-20 01:44:26,True,2.607e-10,7.78e-13,35607323894.0,0.277,0xf8...2a60,https://bscscan.com/tx/0x48fb23486ebd31690527a57fea72496539b76f135f3d74d8dcc54b9eab95e951
2023-03-20 01:44:05,True,2.62e-10,7.78e-13,9990572119.0,0.0777,0x71...3e87,https://bscscan.com/tx/0xd11744da7890b8a815b1f52b40fa4a7b947b30817d49bf44e47965d55a541239
2023-03-20 01:43:29,True,2.619e-10,7.78e-13,7989500001.0,0.0621,0xc2...76da,https://bscscan.com/tx/0x34b8d8a0cfe3916d399a6e6d39bb02a66113e6ea37086fcf41ba337c5af14fbb
2023-03-20 01:40:50,True,2.619e-10,7.78e-13,8996461932.0,0.07,0x71...9c78,https://bscscan.com/tx/0x5e561d83f550bbfee90805fcd55c023a47b5b23b476b006ebdd07a7aee3cacbd
2023-03-20 01:38:20,True,2.607e-10,7.78e-13,102129962507.0,0.7946,0xc2...bad0,https://bscscan.com/tx/0xe6ec9bbef990176ec7baabc8bd9ba37c3e50c63285fcbbfd530a8b6918ef5050
2023-03-20 01:37:26,True,2.607e-10,7.78e-13,2045697047.0,0.0159,0x07...9e5e,https://bscscan.com/tx/0x72c91670c7856b1048fa4fd56d946823c6cf2ac48aac506059a095466e30545b
2023-03-20 01:36:51,True,2.606e-10,7.78e-13,2736626087.0,0.0212,0xd3...5cba,https://bscscan.com/tx/0xa4cbd453712fefa184f32562cfc45fde42aadc6c8bb0032f8b40a2e61d89f605
2023-03-20 01:36:24,False,2.593e-10,7.741e-13,19631526749.0,0.1519,0x95...a474,https://bscscan.com/tx/0x293c81e2dfa388d5ced060a3dbf1f5b04ec6f858241991376cebe1bcdbbb05b4
2023-03-20 01:35:45,False,2.593e-10,7.741e-13,9118942884.0,0.0706,0xcf...3725,https://bscscan.com/tx/0xcb347399dffc277cbb2139443bc046b02dbd8eab0427ba39c6f940dc3e2eca32
2023-03-20 01:34:03,False,2.605e-10,7.742e-13,248724301832.0,1.92566,0x7d...93c6,https://bscscan.com/tx/0x55b6c0c47169b0f426d08713a038f97ee86faaae4f48c17816a81b3c50df96bb
2023-03-20 01:33:27,False,2.592e-10,7.742e-13,37450455481.0,0.2899,0xb5...0cf0,https://bscscan.com/tx/0x6f0cf7f2ac492e659bc70316a1e466f27138f32294ef20c5f5b15d84a890096f
2023-03-20 01:33:18,False,2.592e-10,7.742e-13,20527557784.0,0.1589,0x8b...1005,https://bscscan.com/tx/0x728f289cb18d207838b0289e833f181b6377c3dd8e64b7f976875104b6f4ec98
2023-03-20 01:24:30,False,2.603e-10,7.742e-13,17226630810.0,0.1333,0x41...8713,https://bscscan.com/tx/0xeca9a3a202ca03c69d271af482689e59d35f44684f338ca345a81ba8839b6814
2023-03-20 01:23:36,False,2.591e-10,7.742e-13,54000000000.0,0.4181,0x08...3451,https://bscscan.com/tx/0xe2970cd42d423ac6ae912ce3c40aaff652a351c9c1f4ff5d81c9f53b24ffb72c
2023-03-20 01:16:54,False,2.6e-10,7.743e-13,12447611472.0,0.0963,0x35...831d,https://bscscan.com/tx/0x6b31f467fd61518574bed951d1c57ede479f9718775364128809d31dcdb1f362
2023-03-20 01:15:06,True,2.613e-10,7.781e-13,35582704055.0,0.2769,0x64...b58a,https://bscscan.com/tx/0x13985065278d0ac6c3bf84f966d80332ede77c9b283b218ee44f06a6029ce0e2
2023-03-20 01:13:39,True,2.613e-10,7.781e-13,6888770945.0,0.0536,0xd3...5cba,https://bscscan.com/tx/0x516c4ca46a747ba5bebfc6b92bea7af1b1f37b34109f405728f8c750c5482d75
2023-03-20 01:12:30,False,2.587e-10,7.742e-13,3555320893.0,0.0275,0xba...89ed,https://bscscan.com/tx/0x8fdfef16e1101c8003bd99cc7e4bc14ca2ac8644af5bccf348e7ab71265c9630
2023-03-20 01:11:09,True,2.616e-10,7.781e-13,10000000000.0,0.0778,0x35...e673,https://bscscan.com/tx/0x1526958f10618515992be8018f35fc13b26d5ed252758d324630e0f90dee12cc
2023-03-20 01:09:15,True,2.617e-10,7.781e-13,21000000000.0,0.1634,0x00...2ce4,https://bscscan.com/tx/0xe6895b18e00502dd0fb73b0e1c218bb96edbcfc7632b6f0b3c6578bf41d47c26
2023-03-20 01:08:27,False,2.603e-10,7.742e-13,7458078773.0,0.0577,0x8f...49ea,https://bscscan.com/tx/0x2280e014288640156fc3109b856f291e25b76e29ad4bdcdc5aaf0915ca9ab383
2023-03-20 01:08:18,True,2.616e-10,7.781e-13,12449227605.0,0.0968,0x95...4b9b,https://bscscan.com/tx/0x0d82b4c672702e0a96c9e628371d16221e7e6dc02596dbfdd46b67858a830bb6
2023-03-20 01:04:51,False,2.598e-10,7.742e-13,7989824185.0,0.0618,0x06...3fbd,https://bscscan.com/tx/0xf48ba4fdeec6a90d968ec70005742074c449fcaa2ae4a383fb1cd98dbb66992a
2023-03-20 01:02:51,True,2.625e-10,7.781e-13,1995900000.0,0.0155,0xb2...0b40,https://bscscan.com/tx/0xa438c2eac7d73669ce3236f615fc8f70ecba2c60d8963aef62c23585587eb57f
2023-03-20 01:02:27,True,2.612e-10,7.781e-13,14122651042.0,0.1099,0xb4...8756,https://bscscan.com/tx/0x23797efc22fc008b6af2f98e92a79c068331d7ebc216d91de251200fa440c0df
2023-03-20 01:01:18,True,2.61e-10,7.781e-13,1502107157.0,0.0116,0x4a...78b0,https://bscscan.com/tx/0x2e34a036300fcb036afcc4e7e157abb5d10d246f30bf73e81154cb536672ccd0
2023-03-20 00:58:30,True,2.622e-10,7.781e-13,5140316256.0,0.04,0xf0...7c72,https://bscscan.com/tx/0xcfb6eca9d2808b41f04011b263d0355fc231017a3d6561962638c305f186d92d
2023-03-20 00:56:39,False,2.596e-10,7.742e-13,45033606567.0,0.3486,0x97...ba73,https://bscscan.com/tx/0x764fe8b8e3f7575255ba7ed7c19671668f48acaa039bc9c603f3d5143068c7c6
2023-03-20 00:55:48,False,2.609e-10,7.742e-13,15464928510.0,0.1197,0x38...8181,https://bscscan.com/tx/0xfd7f4ba568e5435405604c4a5c3b2969e222af6e7f89b32ae841dc6ad0f5ebda
2023-03-20 00:55:33,False,2.595e-10,7.742e-13,8100000000.0,0.0627,0x1b...ca1b,https://bscscan.com/tx/0x3f62b0e26b49d5b63aa8b0f9168d3346ee35fbbfcb230058c9aacdbe67fce9c9
2023-03-20 00:51:45,False,2.608e-10,7.743e-13,10255544899.0,0.0794,0x5e...4f49,https://bscscan.com/tx/0x278e4921bb5d23b5ed72a1e8d2d1ab357b6b9db2c5be2a2c3a328320c838b4e7
2023-03-20 00:50:27,True,2.634e-10,7.781e-13,7710218165.0,0.06,0x6e...c674,https://bscscan.com/tx/0xcff453749e47c31eccdc1d2b41b4755e41217b2f426f67bf269f7fde903ffc24
2023-03-20 00:49:33,True,2.635e-10,7.781e-13,7000000000.0,0.0544,0xda...cfad,https://bscscan.com/tx/0x33d08b52c91b44d6349f0c03cd37d20c18eaab958f543aba94919013e894ba76
2023-03-20 00:46:21,False,2.612e-10,7.742e-13,6555554656.0,0.0507,0xeb...a9f3,https://bscscan.com/tx/0xdabb15d6a1645ba4ecd4ac2c0015fdb015dfad5066bbcb4a4c05eaaa4a029a9e
2023-03-20 00:46:15,False,2.612e-10,7.743e-13,17572254830.0,0.136,0xc4...efd1,https://bscscan.com/tx/0xb2f2adc136e27d82af0907adeff92431d0f436eee0a93c63c9a733eb6b8fc57f
2023-03-20 00:46:12,True,2.625e-10,7.781e-13,10553510207.0,0.0821,0xe8...2b1d,https://bscscan.com/tx/0x0a149d9ca0785210d6baca31dfd9b0ef33745f7cbc4afd35a22113f17ef029d8
2023-03-20 00:43:33,False,2.626e-10,7.743e-13,900888924.0,0.0069,0xfe...630d,https://bscscan.com/tx/0x8228ca34f22f9bd264c36c0fea30f7d089df7d15242f2580cb1bd655018dd962
2023-03-20 00:42:39,False,2.627e-10,7.743e-13,107604747945.0,0.8332,0x2f...144e,https://bscscan.com/tx/0xde8bf3cc10bb2f10719353ab4d6547c5e14ef97b90b33ee8037c80577ee6b31c
2023-03-20 00:41:57,True,2.641e-10,7.782e-13,17745904751.0,0.1381,0x95...cfc3,https://bscscan.com/tx/0xfbeabb1c5f6f138dac5234f0572f76efe5b057dc932f1a627242773c88ef5615
2023-03-20 00:40:45,True,2.628e-10,7.782e-13,49428229784.0,0.3846,0xbb...4a6f,https://bscscan.com/tx/0xb10bb5908a1a66278b4d4c57c74a373733201fdc4489d1a71bdf45499b733712
2023-03-20 00:40:18,False,2.629e-10,7.743e-13,10019160000.0,0.0775,0xa6...0494,https://bscscan.com/tx/0x938cd4f71302756a48e6e2752d4ed1febfe7216e22cb62fefe59f41182bcde0b
2023-03-20 00:36:30,True,2.628e-10,7.782e-13,2955231503.0,0.023,0x08...4f0e,https://bscscan.com/tx/0x7880871134286618bee17451aa15c413a431e957b104538784198207d3bed5df
2023-03-20 00:35:51,True,2.628e-10,7.782e-13,3800070000.0,0.0295,0xb2...0b40,https://bscscan.com/tx/0xf9cd2c43fd4254ac140a36a519024b8f887009445956c71d13d722d4f90b584a
2023-03-20 00:35:12,False,2.616e-10,7.743e-13,20812507975.0,0.1611,0xc1...ac86,https://bscscan.com/tx/0xbcad92dbd53d5140675cd18749b13713eca2fe275d975db54c4500f44816be46
2023-03-20 00:34:39,False,2.629e-10,7.743e-13,7719419016.0,0.0597,0xa5...19f9,https://bscscan.com/tx/0xbc6e2bfd12eaf71d7a73cbfc474b4e5ccfc30bfb94ff8bf5a95105a48ebe0fc3
2023-03-20 00:31:30,True,2.629e-10,7.782e-13,2320140978.0,0.018,0x05...db14,https://bscscan.com/tx/0x87ab8d218b827ce004fee7df11dc7e2828de2e7fc461c09e08bfe288a2eb27cc
2023-03-20 00:30:51,True,2.63e-10,7.782e-13,42161243490.0,0.3281,0xa6...4cb0,https://bscscan.com/tx/0xd76e259efeaabf28ba987c719a592df77e2fb22ef76dfb3006e11b84903865f1
2023-03-20 00:28:45,False,2.627e-10,7.743e-13,72538712398.0,0.5616,0x76...9af4,https://bscscan.com/tx/0x3c9325943e7b17abbe558717fbfda1624b8a69bca8b2bf097393ea1bb9812a18
2023-03-20 00:28:02,False,2.627e-10,7.743e-13,13529808344.0,0.1047,0xa7...27f2,https://bscscan.com/tx/0x8679bbfb49d422f81a3dbae1614daf05a50e58890909944cbcd6f57eb553c84f
2023-03-20 00:25:13,True,2.627e-10,7.782e-13,12849711151.0,0.1,0x8b...6a6c,https://bscscan.com/tx/0xf9c91b27923665ae18a54a7f5396639b964201b218c077ed80120fb03e03bb1a
2023-03-20 00:24:13,False,2.614e-10,7.743e-13,2906616966.0,0.0225,0x05...a9cb,https://bscscan.com/tx/0x92eaf0e0f8dc6404ae07897bc8ffde2184aa92b2cbd503b5f2650c044b4f6325
2023-03-20 00:23:52,False,2.627e-10,7.743e-13,13500000000.0,0.1045,0x89...c6ca,https://bscscan.com/tx/0x738ed663442f8b18b4a6cfc9b735a31b9c9d8bb65cf0a33300718ec8c19f4275
2023-03-20 00:23:52,True,2.64e-10,7.782e-13,4000000000.0,0.0311,0xef...3108,https://bscscan.com/tx/0x13fbebb6ec1b0a3f146da2fe7466e6b9da4eea47af205ee6c218ab7a95261d12
2023-03-20 00:23:01,True,2.627e-10,7.782e-13,6300000000.0,0.049,0x9c...7d2c,https://bscscan.com/tx/0x2730f85cb6128780c292c114e25b2ae83ec00719084b2a45745f38448a4d66ed
2023-03-20 00:22:04,True,2.627e-10,7.782e-13,34925712841.0,0.2718,0x4a...9950,https://bscscan.com/tx/0x4155ec8b9da22230810ba8edab2a8abd1b6ae2a4b2c96653a6ea1cf50486a3d8
2023-03-20 00:20:19,True,2.641e-10,7.782e-13,3340981694.0,0.026,0x14...a2c7,https://bscscan.com/tx/0x90d63fd78c532d963ecdb9facab6a779f260cb68dba6a0180e121ad2c03e2195
2023-03-20 00:20:04,False,2.615e-10,7.743e-13,22231152942.0,0.1721,0x21...90d6,https://bscscan.com/tx/0x7f6c07d61c651837eae14afc191b84d02018fed1d85c50dfd731d13b297701ef
2023-03-20 00:19:43,False,2.615e-10,7.743e-13,18000006997.0,0.1393,0x8f...c4ca,https://bscscan.com/tx/0x711a7bca7e1b12e9cc55706e443d1b049ba66ad79f7af56065f3ff34ffbbb0f0
2023-03-20 00:18:19,True,2.642e-10,7.782e-13,481863886.0,0.0037,0x03...c099,https://bscscan.com/tx/0x47d04b5fc12dce6cb2fc48efc151f8aafde341439c41a461e5df03a345b4e04d
2023-03-20 00:16:04,False,2.629e-10,7.743e-13,30336155534.0,0.2349,0xde...8f8e,https://bscscan.com/tx/0x97d2a74ca5dc03dde04c4df6ce70fd2447c71e3649d6d7c650eb489392f143b2
2023-03-20 00:15:19,True,2.643e-10,7.782e-13,470968000.0,0.0036,0x77...c439,https://bscscan.com/tx/0x433ebd93665be1fbfca7c3373245a6addd0d7b20ef59fbdb718835790212e125
2023-03-20 00:13:07,False,2.629e-10,7.743e-13,25697148639.0,0.1989,0xfd...2cc3,https://bscscan.com/tx/0x81ba219fb744d43bce84874ec5c69b8e211a74bac360f4f240c8ba488b65e1c7
2023-03-20 00:08:58,False,2.627e-10,7.743e-13,11551281774.0,0.0894,0xb7...9905,https://bscscan.com/tx/0x0f32f7f4fb5941de91323c6924b22dd05dab5f17bc79b2041d45bc472ecadb64
2023-03-20 00:05:49,True,2.64e-10,7.782e-13,276309702743.0,2.15025,0x1d...0dd8,https://bscscan.com/tx/0x906e3f67c2a5081092b16e2b526639cf82d317b9a92092148ccb6f1f36c9014f
2023-03-20 00:04:51,False,2.614e-10,7.742e-13,77118779490.0,0.5971,0xba...cd5b,https://bscscan.com/tx/0x2880841688cb5c631629eec8d5505c232d3cc0388d72c89418fc64344838e2dc
2023-03-20 00:04:42,False,2.627e-10,7.743e-13,41360840643.0,0.3202,0x8f...c4ca,https://bscscan.com/tx/0xdbd4124ad3f415558a8050dcc695d35298f59038b33f75eccde9ef33266f5f5c
2023-03-20 00:01:09,False,2.626e-10,7.743e-13,2091599659.0,0.0162,0x4e...8309,https://bscscan.com/tx/0x6e6ab988d6b26f088c818d75446b06ed0b91d0d2d9796ca1040fd8a4b4dc8814
2023-03-19 23:59:54,False,2.626e-10,7.743e-13,9186111431.0,0.0711,0xc7...028c,https://bscscan.com/tx/0xf191a4306e9e914c5ccae25bad2a3d8ebe5bcf0a8d9710927d4c560f740a523d
2023-03-19 23:58:48,False,2.626e-10,7.743e-13,6298112053.0,0.0487,0x91...4c7c,https://bscscan.com/tx/0x6b204942ea5425503641fb8c97dfe60f2e6e16e2ee140d06ae28bced8a7aff25
2023-03-19 23:57:57,True,2.639e-10,7.781e-13,14446336610.0,0.1124,0xab...1fb5,https://bscscan.com/tx/0xbd2f52809edbe8e50bba526556805e4ea7a1a1df121b87aaf43d70e8dbb8a75a
2023-03-19 23:57:45,False,2.626e-10,7.743e-13,26835678613.0,0.2077,0x83...af78,https://bscscan.com/tx/0x51ce233f2a66dd7ef5ed607b6d8402de7519e4972d9792aa711e84cdd0cec573
2023-03-19 23:57:33,True,2.639e-10,7.782e-13,4314269285.0,0.0335,0x8f...6844,https://bscscan.com/tx/0xc1598b7e7c81bcebc09faa5f5fdfa6244d0f8919fefacbb64c378b4499dd6464
2023-03-19 23:56:57,True,2.639e-10,7.782e-13,6146434681.0,0.0478,0x15...4042,https://bscscan.com/tx/0x11bd35aa0c293d6ec4712dc16d7175df75386893a393b1a39b527f66a80448fa
2023-03-19 23:51:08,False,2.625e-10,7.743e-13,216787072749.0,1.6787,0x4e...8271,https://bscscan.com/tx/0x6f2a25c25bf7b940e216d998ab50e11aaff94ba0fd9efcc256ee1d9132242b60
2023-03-19 23:48:05,False,2.624e-10,7.743e-13,24878255352.0,0.1926,0x5e...96c2,https://bscscan.com/tx/0xef68cf02f1ed20c0c682c32f73c79b11c9c167dcd322aa66a81195cd888e3cae
2023-03-19 23:46:13,False,2.61e-10,7.744e-13,3635482307.0,0.0281,0xae...47dd,https://bscscan.com/tx/0x8c2ca720bdcc423b86130d7cf3553ed8cce36e1ebeb8341c966d050a0ccee3e7
2023-03-19 23:45:59,True,2.623e-10,7.782e-13,9990602478.0,0.0777,0x77...b2a4,https://bscscan.com/tx/0x4e5fbb7ebf93dbd5aedb310575f7dbfa6f27d25b398fd4bbc1f2aa14644ebc78
2023-03-19 23:44:47,True,2.636e-10,7.782e-13,50000000.0,3.891e-05,0x8f...dc68,https://bscscan.com/tx/0x1cb9fbd10c720a61b7923f2f4c637d0814f0e025a25be3f0cc73851662b909e7
2023-03-19 23:43:53,True,2.635e-10,7.782e-13,7316279232.0,0.0569,0xa5...50c1,https://bscscan.com/tx/0xda01cab0f05e9afee32a5cdad56feaf70a6d12ace85fd44033d2eea642522f14
2023-03-19 23:42:35,True,2.635e-10,7.782e-13,500000000.0,0.0038,0x8f...dc68,https://bscscan.com/tx/0x89e5cac216358a70cba2b3c31b937c9ada28f42772d579b7374d928ef937d8b1
2023-03-19 23:42:32,True,2.635e-10,7.782e-13,26982623505.0,0.21,0xb3...5af7,https://bscscan.com/tx/0x068a9c3718d538127646332bc235fe1931c68ed05effea99d46a03277a729d4f
2023-03-19 23:40:53,True,2.621e-10,7.782e-13,3000000000.0,0.0233,0xbe...a1a6,https://bscscan.com/tx/0xc9d68d56df744019db66fa85023b01f85848b682b0c4d0dfdb2ea49d5c8410d4
2023-03-19 23:40:29,True,2.621e-10,7.782e-13,100000000.0,7.782e-05,0x8f...dc68,https://bscscan.com/tx/0x32838bb36fbf79d51923b328260c42df7c311ac21aa26403a97271168722c2f5
2023-03-19 23:40:05,False,2.621e-10,7.743e-13,11920733525.0,0.0923,0xca...90c3,https://bscscan.com/tx/0x3d45a1b94e97c95d72e60b12bf9d1d67714fc8e307130c1cedc0967dbe8b3c4e
2023-03-19 23:39:59,True,2.634e-10,7.782e-13,11047655391.0,0.0859,0xfe...24b5,https://bscscan.com/tx/0x337da7b1c1f296b05837ef2ceb3dac7da18f6f345514f47d6bfbf77e33604927
2023-03-19 23:39:26,True,2.621e-10,7.782e-13,500000000.0,0.0038,0x8f...dc68,https://bscscan.com/tx/0x1550ecf2cb4f4c67a68d79fd8505db551f801372f22856a3d48e2d9dc51a0490
2023-03-19 23:38:32,True,2.634e-10,7.782e-13,50000000.0,3.891e-05,0x8f...dc68,https://bscscan.com/tx/0x82602418fddca125c7c47db4da151460f4dbb119712954077aef30e6b007ad58
2023-03-19 23:37:41,True,2.633e-10,7.782e-13,50000000.0,3.891e-05,0x8f...dc68,https://bscscan.com/tx/0x5238ad525d0b001609a394e4a503d4f1ebbad35de32a2749c31d9ce93bd44152
2023-03-19 23:37:20,True,2.633e-10,7.782e-13,543156420.0,0.0042,0x8b...d22e,https://bscscan.com/tx/0x44fea4f2f55274f08026276f8c24a6af80b05e484370348aa19eb862061e5413
2023-03-19 23:36:14,False,2.606e-10,7.743e-13,22636193016.0,0.1752,0xf3...a605,https://bscscan.com/tx/0xc73453e0dd4ff0ccc77b71d488e0db984245bbaa694a18e3562e009df1316868
2023-03-19 23:35:50,False,2.619e-10,7.743e-13,4548646841.0,0.0352,0x13...7226,https://bscscan.com/tx/0xc4a89bfd61b39af145b5ad11d532fc8b401509f8dbe2c8254e9daf4bc1cd206d
2023-03-19 23:35:41,True,2.618e-10,7.782e-13,3854645758.0,0.03,0x17...a198,https://bscscan.com/tx/0x50d7031922cbd42ec7267705cd372ce4a10ca08971777d727953737f238c6baf
2023-03-19 23:34:59,True,2.631e-10,7.782e-13,50000000.0,3.891e-05,0x8f...dc68,https://bscscan.com/tx/0x08d13a31d7db48dcc779dd4f3a2151b4d0b2247e6e40dec3b7ad24b7e201f5b4
2023-03-19 23:32:05,False,2.618e-10,7.743e-13,1273363408.0,0.0098,0xbd...a90f,https://bscscan.com/tx/0xcabe1503b865637c9f94e92bd755d1f4c0b7f64366972708542c3f7b4a0cde10
2023-03-19 23:31:59,False,2.618e-10,7.744e-13,33333874570.0,0.2581,0x98...373a,https://bscscan.com/tx/0xb65833be98b7eee2d5005834cd05f01ed3842d5669b80e7ba28660b2f98109b9
2023-03-19 23:29:29,True,2.635e-10,7.782e-13,38819400000.0,0.3021,0x1f...4f4f,https://bscscan.com/tx/0x44ba70ed5e1294e40b50f8cefb3bbf492b8941318395bcd7ab2563c8b9a61be4
2023-03-19 23:25:20,False,2.609e-10,7.743e-13,1414824967.0,0.0109,0xc4...182f,https://bscscan.com/tx/0x96f66b4de01cfd23d9ac92cd0e7db9729933907d8716e53bf54694f70eeab92f
2023-03-19 23:25:20,True,2.622e-10,7.782e-13,6744807622.0,0.0524,0xaa...0b97,https://bscscan.com/tx/0x63cccec9d41bf82faf4d04be11f775c400290fe073325bf7b072f23142d78f69
2023-03-19 23:24:35,True,2.622e-10,7.782e-13,1027911268.0,0.008,0x33...cd2b,https://bscscan.com/tx/0x2c3a00c3f189af068fb93100b22636f15e9c4f330967e15898081492ab22f41d
2023-03-19 23:24:08,False,2.622e-10,7.743e-13,2981431445.0,0.023,0x46...4b03,https://bscscan.com/tx/0x4c013fa5dafc38337a4d6d7b744ea1c40f0d574857680ce3045fc33199c4495f
2023-03-19 23:20:41,True,2.622e-10,7.782e-13,102149827509.0,0.7949,0xb9...5670,https://bscscan.com/tx/0x2b9368d962ea9e597a0e3f51b11526852e6dba2adfca2c57a83d0b92cfd261ae
2023-03-19 23:20:23,False,2.622e-10,7.743e-13,622099241.0,0.0048,0xac...63c7,https://bscscan.com/tx/0x7b40abf847a6a0de560187e157d4b0dcb82ddfe9e2f13ab147dab88f2ba2fda2
2023-03-19 23:20:20,True,2.635e-10,7.782e-13,2541350352.0,0.0197,0x6c...9b23,https://bscscan.com/tx/0x8cfa25baf607ab0d95959d836b0a85265adddbb259a18adeb0f3b079b20a8bf4
2023-03-19 23:16:29,True,2.635e-10,7.782e-13,5712730840.0,0.0444,0xdd...bc5f,https://bscscan.com/tx/0xe98fc604cc4864a5c72e059e04ee78e6485ca7ef715e85ed6490c00fecb9d3dc
2023-03-19 23:15:56,True,2.634e-10,7.782e-13,9683516781.0,0.0753,0x00...5d4e,https://bscscan.com/tx/0xa5e3ccb403bd41c8848e5c0166f023b4548d04cf45911bebbe6a76aa0b7786b8
2023-03-19 23:14:44,True,2.633e-10,7.782e-13,2928902458.0,0.0227,0xec...fda5,https://bscscan.com/tx/0x313a6feff862b71d5e5e65c2fa4105f43c0b6bdc274f3a27534e720f588ddb68
2023-03-19 23:14:41,False,2.62e-10,7.743e-13,3668104438.0,0.0284,0x82...ce85,https://bscscan.com/tx/0x96e8df43c95733c433784bd0271bd874928de56da65aab2a7260d5371d86b2c0
2023-03-19 23:14:23,False,2.62e-10,7.743e-13,35941835961.0,0.2783,0x08...b070,https://bscscan.com/tx/0x6486f4ce18e9b321e7be7489f3cbbaa41ff972beb1ed387b755eccdeca4bfb66
2023-03-19 23:13:35,False,2.619e-10,7.743e-13,35941835756.0,0.2783,0x08...b070,https://bscscan.com/tx/0x4444c8214ed3340d3ca870ebda84e7bfa8ce460d60ae9c377fd91cdca19357fb
2023-03-19 23:13:08,True,2.619e-10,7.782e-13,1223184064.0,0.0095,0x15...4042,https://bscscan.com/tx/0xd0bfdcd4a053bbab08d408533cabb0415dea944932d3efca717cc7a9b1892fca
2023-03-19 23:11:29,False,2.606e-10,7.743e-13,31948297979.0,0.2474,0x08...b070,https://bscscan.com/tx/0xe5279b032494c53968f52cc2fea9c5e95544dacf14b59957baf25d14bfdc78c0
2023-03-19 23:10:02,True,2.616e-10,7.782e-13,313672630.0,0.0024,0xd0...81a1,https://bscscan.com/tx/0x58a911f6b03be8808fb1c9b37420c72c04e503e34d4a06deeeeb518e68ef3e05
2023-03-19 23:08:35,False,2.616e-10,7.743e-13,23281940786.0,0.1802,0x40...cf07,https://bscscan.com/tx/0x23c6473cde0c1e6573e26834325137febe5e54e593ae8793fdd518ed6537dcd1
2023-03-19 23:08:02,True,2.616e-10,7.782e-13,642441982.0,0.005,0x9a...80aa,https://bscscan.com/tx/0x431afd182809dde98543e3b4046b7374c2249e8e3c48144410de58a6124df180
2023-03-19 23:07:14,True,2.616e-10,7.782e-13,2000000000.0,0.0155,0x57...c9de,https://bscscan.com/tx/0x70a7bfcb8059ec629857f5376673f79a7e4a235d5d896443ba4562deb936de01
2023-03-19 23:07:02,False,2.616e-10,7.743e-13,4405714737.0,0.0341,0x78...3c44,https://bscscan.com/tx/0x0419ec72806e86b5e28204d0cd11ab6378a799da14729a1696647da6bd2d56f2
2023-03-19 23:06:44,True,2.629e-10,7.782e-13,4800000000.0,0.0373,0x7c...a927,https://bscscan.com/tx/0x427ae0696cf6aff2a643e19ea2f763b07a21a68638bc64e78af3aacb1c55ad05
2023-03-19 23:05:44,True,2.616e-10,7.782e-13,10563211363.0,0.0822,0xb6...1e08,https://bscscan.com/tx/0x0f60bcc6d375c77272bce1778c119084f8b4de35291bba11a7b95b1e0ace6796
2023-03-19 23:02:56,False,2.616e-10,7.743e-13,9822798881.0,0.076,0xf0...2e82,https://bscscan.com/tx/0x4110f866f11b623c5fcd7a5ac2f32b58765a269e3bddf1591299539e2a66eb1b
2023-03-19 23:00:53,True,2.631e-10,7.782e-13,16103200001.0,0.1253,0xb2...386a,https://bscscan.com/tx/0xa4bf8fcfc5724e9c1de861101592fae748e3cddc09aa2329ec9f159741560927
2023-03-19 22:57:05,False,2.621e-10,7.743e-13,41337356257.0,0.3201,0x4a...55fd,https://bscscan.com/tx/0x54c397b02f594c102699b658ad463ad931d1246a1949c6b585a81cd881ad7eb4
2023-03-19 22:55:29,True,2.635e-10,7.782e-13,31594607517.0,0.2459,0x68...5e48,https://bscscan.com/tx/0x50b9db4526b8c025fbd0133228e67e88f1270dc7663e9382041414c6ee58f447
2023-03-19 22:54:02,True,2.623e-10,7.782e-13,9700000000.0,0.0754,0xc8...657d,https://bscscan.com/tx/0xeb72bba7fb67fc714c62646215229f43ed97850c16b3853e40f3b94200157d4f
2023-03-19 22:50:20,True,2.638e-10,7.782e-13,6424487428.0,0.05,0x46...d6b5,https://bscscan.com/tx/0xf1ae38449900001deebac7d27fa823132aaf29c1ade95664499d7e7a5b9f581a
2023-03-19 22:50:05,True,2.625e-10,7.782e-13,12000000000.0,0.0933,0x8f...f03a,https://bscscan.com/tx/0x2041c8b2e55c87169362e11974150277aaf251843e267d7898efb4af32f0f4d8
2023-03-19 22:47:53,True,2.639e-10,7.782e-13,2569814474.0,0.02,0x29...355c,https://bscscan.com/tx/0xc39cf7d2c03b9bac03e14e8ca8cf16b4c5f35b048a272add95072f62aba543bc
2023-03-19 22:41:59,True,2.626e-10,7.782e-13,42528615739.0,0.3309,0x79...62ea,https://bscscan.com/tx/0x904adcbd62185065e4e5e1e5a2de9471e1b9769fc92512be9b8d0df15e572da1
2023-03-19 22:41:44,True,2.626e-10,7.782e-13,14414692320.0,0.1121,0x6b...f437,https://bscscan.com/tx/0xbed844f5320ff90b372b380d2395289f7a7cab5f0238698a35659ba82c4c0241
2023-03-19 22:39:08,False,2.626e-10,7.743e-13,20190513043.0,0.1563,0xc9...65af,https://bscscan.com/tx/0x611f82f1ac412ee681426e2d78589076bb6bc0770c0c48f6bf7626f971a948a6
2023-03-19 22:37:56,True,2.626e-10,7.782e-13,10000000000.0,0.0778,0x46...3615,https://bscscan.com/tx/0xbce412f06685b5dc49fa259cd88e1a03f90f6ee0a96acda9ea9ed60526415c2b
2023-03-19 22:37:38,True,2.639e-10,7.782e-13,71682000000.0,0.5578,0xe9...12b1,https://bscscan.com/tx/0xa4cf8a67be6727490afcdf43fc004b83907309371ee68f568f3e0b1821299bbf
2023-03-19 22:32:59,True,2.64e-10,7.782e-13,70023200000.0,0.5449,0x0b...23a7,https://bscscan.com/tx/0x9ccb3bf054b18710c00e6b3da971d5a14b1a0decdbc7e5997762cd8ac350391c
2023-03-19 22:31:44,True,2.628e-10,7.785e-13,385312630.0,0.003,0x13...75ce,https://bscscan.com/tx/0x0b962116361997e94f5932e44ec0e0a4a89fa4414f65bdc6112f29aa3e4ebda7
2023-03-19 22:30:26,False,2.627e-10,7.743e-13,44361548217.0,0.3435,0xc1...11f0,https://bscscan.com/tx/0x777a83d07279c47cdc5ed938e7bbb22dc9e9d2b2176b4b4a20a74d1d50a6f384
2023-03-19 22:26:35,False,2.629e-10,7.743e-13,18562601650.0,0.1437,0x87...eddd,https://bscscan.com/tx/0x9c5029ba5c706a3a1885bc27c1ef77f44aeba927d34ca88f251e878a472d3526
2023-03-19 22:26:14,False,2.614e-10,7.743e-13,56411296655.0,0.4368,0xb9...e763,https://bscscan.com/tx/0x2ea21ad74bf1ad88be9855dded32192a3fabe080845e50e0df5d28378d8c51c8
2023-03-19 22:25:04,True,2.627e-10,7.782e-13,38142456509.0,0.2968,0x1a...2289,https://bscscan.com/tx/0xcc76eb817455b2470204d1d37bfc530ad917c9f5e4c21eeadb2137b8787f3ef7
2023-03-19 22:24:58,False,2.614e-10,7.743e-13,23546741948.0,0.1823,0x9d...4613,https://bscscan.com/tx/0x4a1fc4e10031c1ee4d0f941fcfcf8d044da908f7b19feed71c2f7bbb112a2b33
2023-03-19 22:24:31,False,2.614e-10,7.743e-13,44028535132.0,0.3409,0x2f...1aa8,https://bscscan.com/tx/0xb80b04da586cff19a885d37afc87a46499ba32806ccf1627da8b84e4714d7c2d
2023-03-19 22:23:25,True,2.627e-10,7.782e-13,23771372027.0,0.185,0x0b...7ffa,https://bscscan.com/tx/0x0db320fd8eb11358526f0cc075ede573d78b69205487bf2fca5c3b50f3f8ef27
2023-03-19 22:18:28,False,2.614e-10,7.743e-13,8851919909.0,0.0685,0xd7...2d02,https://bscscan.com/tx/0x37ebbb90eee8d454eae51c0602ca87239322e3f086ee5f7ed99467ffd7e7f5b9
2023-03-19 22:16:52,True,2.627e-10,7.782e-13,1751059972.0,0.0136,0xf0...1560,https://bscscan.com/tx/0x115800fc98cfbffdfc8ee8a0e11dde459424dbd1fd24a366f3fc9a24e6c66319
2023-03-19 22:12:58,False,2.626e-10,7.744e-13,519451333996.0,4.0229,0x78...c7e5,https://bscscan.com/tx/0xe9a425305ce5a6ccfe2b666e84b4d6d9de52344e6f4c2ec91d98f0777d88fb4c
2023-03-19 22:12:16,False,2.613e-10,7.745e-13,9675562807.0,0.0749,0xe2...f537,https://bscscan.com/tx/0xb9817a04e3c23c0bd07984d7a65a3212a51d768ccd2d3960ea20caae7e810f13
2023-03-19 22:11:28,False,2.613e-10,7.745e-13,13100541420.0,0.1014,0xa4...89e8,https://bscscan.com/tx/0x31d03e6764f885f5d4081acce503641acfadb62bf1c729a29cc4355ccbbab159
2023-03-19 22:11:04,True,2.639e-10,7.784e-13,12057841995.0,0.0938,0xd5...7db1,https://bscscan.com/tx/0x848167112cb840125071fb7492102da83a08af729f2d2a7835c297a4ddb4fe98
2023-03-19 22:08:37,True,2.623e-10,7.784e-13,7707789216.0,0.06,0xd1...daf9,https://bscscan.com/tx/0x4cffa64f82b62c343455e13447fdbbf3a28003e4b2f0b347cb937c00e0e25e3e
2023-03-19 22:08:19,False,2.609e-10,7.745e-13,103690877736.0,0.8031,0x5f...3151,https://bscscan.com/tx/0x17a084eb8ab1856ccfb3f6e649b647f91311d547667f2998882d58f5aa4e47f7
2023-03-19 22:06:31,True,2.621e-10,7.784e-13,4235444480.0,0.0329,0x5c...4dd9,https://bscscan.com/tx/0xef01b25a923949e49edd068dc3c1262cfff3fbe12adbc2428456390f6fa21f8d
2023-03-19 22:04:01,True,2.616e-10,7.784e-13,106691396757.0,0.8305,0x7d...e405,https://bscscan.com/tx/0x80915482b46236105112eab9b538272f3fae253765ac2ad7c3f287aa9ee59717
2023-03-19 22:02:13,False,2.616e-10,7.745e-13,11700000000.0,0.0906,0x07...1b9a,https://bscscan.com/tx/0x7a74a37a9a39dd9061835049f703f7f108db54a38d12d9b0387ab97b82ad950d
2023-03-19 22:01:55,False,2.616e-10,7.745e-13,82489925283.0,0.6389,0xd5...939a,https://bscscan.com/tx/0xdbf1c0d8157596b4e01786ef3173f50d17958891e2ef898be0b28789f2f7c727
2023-03-19 22:01:52,True,2.629e-10,7.784e-13,2620550300.0,0.0204,0x7d...5e1e,https://bscscan.com/tx/0x80334a29336c2b8f4ee241e0963f4d447a2721749978d42e059261f5c203e3d4
2023-03-19 21:59:40,False,2.616e-10,7.745e-13,20493158533.0,0.1587,0x71...ac75,https://bscscan.com/tx/0x415d9d2f67f91f7ba7fa659116a73e608a330d947e5f5e486260523e140d3ced
2023-03-19 21:58:52,False,2.603e-10,7.745e-13,60465169350.0,0.4683,0xa3...e683,https://bscscan.com/tx/0xb2695a73264d242579936535077073975502dde3795b7c7b6a6a5d0be35f5202
2023-03-19 21:57:34,True,2.616e-10,7.784e-13,1000000000.0,0.0077,0x71...542e,https://bscscan.com/tx/0x654bf28bccab52ad067f9f20ea332669b81fe5f0ad6300c8257293ec645874b2
2023-03-19 21:56:43,True,2.616e-10,7.784e-13,3700000000.0,0.0288,0xa3...718e,https://bscscan.com/tx/0xbadb7a8c6892f87835cffd7ff111c846c9bafc0eeecec84ae768dd4e837236f3
2023-03-19 21:55:55,True,2.616e-10,7.784e-13,1001940883.0,0.0078,0x71...542e,https://bscscan.com/tx/0xcb86cf4a18301646d709b42c879bd31178e2174d5169b45db87656b736065af2
2023-03-19 21:55:46,True,2.616e-10,7.784e-13,17245173237.0,0.1342,0x00...525b,https://bscscan.com/tx/0x4d878947d076e705061b6277e564a455f3f62ddac68e3d9f6a08edfc22772940
2023-03-19 21:53:04,True,2.616e-10,7.784e-13,782074003.0,0.006,0xf0...b0ac,https://bscscan.com/tx/0x25f5bade570a1f5a6c445d8e7110bfb46a12843f42a3127e6d6559b23f19cd80
2023-03-19 21:51:58,True,2.615e-10,7.784e-13,86738914074.0,0.6752,0x98...2c8a,https://bscscan.com/tx/0xba98a1306160a8fb4313a9f7af83ab7970a2c2942b98707521f20047977129d8
2023-03-19 21:51:49,False,2.602e-10,7.745e-13,708321777.0,0.0054,0xa6...ca60,https://bscscan.com/tx/0x7ff5a2950b62392fd51367723ad0793dd28a37d6ecad3f54d63e7e81c779d7a7
2023-03-19 21:49:49,True,2.628e-10,7.784e-13,22480640901.0,0.175,0x50...4005,https://bscscan.com/tx/0xf8a81032e3d79850715eab80eddf616cb4dc7b70b360f095fafeedafe758ef7a
2023-03-19 21:49:25,True,2.628e-10,7.784e-13,37387002475.0,0.291,0x57...da25,https://bscscan.com/tx/0x52c15977ef327361b12ed0643b5ee6c086bc1c328e1375e6cba0b84a4a08a173
2023-03-19 21:46:31,True,2.613e-10,7.783e-13,182881009095.0,1.42354,0x76...9637,https://bscscan.com/tx/0x1ffe3b8ad04ebc43f16bbe075f8fd3c0157360945e4d19dd4896fb2541039c35
2023-03-19 21:46:13,True,2.612e-10,7.783e-13,1500000000.0,0.0116,0xbd...4d62,https://bscscan.com/tx/0xd037b46a5f51cbe84b768e5fcb7b01ade6a7977e1b31563c3031db0612a4229a
2023-03-19 21:46:03,True,2.612e-10,7.783e-13,393761100.0,0.003,0x3c...9653,https://bscscan.com/tx/0xb039ddb895f5e4f9fe154f726074d0496e2d5798be486dbf61b0de900ea0a764
2023-03-19 21:44:36,True,2.626e-10,7.783e-13,47536122957.0,0.37,0x82...a120,https://bscscan.com/tx/0x3dd06d48fa5dd9bbc47e51fd8375681f05aacabba3f6056c8ef6c0e050c714fb
2023-03-19 21:43:30,True,2.625e-10,7.783e-13,225903431830.0,1.75822,0xa9...c328,https://bscscan.com/tx/0x048683ba1e9af6ebdf878bddb04cef0d7ff05792676179acc9c1c030ba4369e9
2023-03-19 21:43:15,True,2.612e-10,7.782e-13,2775370001.0,0.0216,0xbc...a916,https://bscscan.com/tx/0x26f7aa3075c7c77068756a71e7921dbbd6cfa880815a735c3a5a5f9e167bfa99
2023-03-19 21:42:21,False,2.599e-10,7.744e-13,248487046019.0,1.92434,0xe7...cd9d,https://bscscan.com/tx/0x11856d5597ec15685e605a11cfd62be7c460e9bc5948654bbcb99de89df1df99
2023-03-19 21:41:39,True,2.612e-10,7.783e-13,268073373.0,0.002,0xd7...ab10,https://bscscan.com/tx/0xc2dc67b276959769d7113c23eed0ed5ac7d7f20fae546619f245de3183c940ed
2023-03-19 21:41:06,True,2.625e-10,7.783e-13,5625781292.0,0.0437,0x9b...b164,https://bscscan.com/tx/0x70e45a1c2b4ee63d1d828af75378114dfcd2c639f1dc86728054b28af8139c4a
2023-03-19 21:38:09,True,2.63e-10,7.783e-13,3854302185.0,0.03,0x8f...dba2,https://bscscan.com/tx/0x0048a6618616840b427bd4aa5f661e0469dc8793398db4a49ff2cfde6005bfac
2023-03-19 21:36:48,False,2.633e-10,7.744e-13,2425611451.0,0.0187,0xc9...eeed,https://bscscan.com/tx/0x2514508901e2b28dc485228f8367ca3c5450baca1ccd73c4f77da10bd951e04b
2023-03-19 21:36:15,True,2.633e-10,7.783e-13,642383646.0,0.005,0x9b...6bbd,https://bscscan.com/tx/0xbf33054341331512525d33610c25aae5df52109d7333f63c208522e586d433ea
2023-03-19 21:35:45,True,2.646e-10,7.783e-13,2700000000.0,0.021,0xa3...718e,https://bscscan.com/tx/0xb656dd896d63db2d8eb40ecb7250080b45da287f257606acd41293179dce43c8
2023-03-19 21:35:42,False,2.633e-10,7.744e-13,41983022217.0,0.3251,0xa6...b428,https://bscscan.com/tx/0x6a3637c59d7d9be29f423dd9ff169f2257ead967f9ce150190a1a4b9b8a74027
2023-03-19 21:34:15,True,2.633e-10,7.783e-13,30167161847.0,0.2348,0x7f...4c57,https://bscscan.com/tx/0xaec63a6087b19699dce52f90531f63da66769f9900405ede326ac991535d22f8
2023-03-19 21:33:18,False,2.633e-10,7.744e-13,18000000000.0,0.1394,0x1c...59a0,https://bscscan.com/tx/0x966aa121bfd1eabd49a398d23bfd564c7ab9935e4cf46dbf77d8c7ea820f9cde
2023-03-19 21:33:15,True,2.646e-10,7.783e-13,11535815195.0,0.0897,0x00...3bd7,https://bscscan.com/tx/0xaae9bf0cf062b4bcd85d8e1a456194e50a8f8d3aa8a8a5856af29a21ef15fb69
2023-03-19 21:32:00,True,2.646e-10,7.783e-13,70000000000.0,0.5448,0x00...525b,https://bscscan.com/tx/0x47310172b8af56668861a18ede8d2e61edc71937c6a464a6c11f727fa8523a77
2023-03-19 21:31:45,False,2.619e-10,7.744e-13,21579972033.0,0.1671,0x70...90ac,https://bscscan.com/tx/0x6a7a844551dcd82e3a3433ae94af686c55399ab63501217c97cf26f18dfa8509
2023-03-19 21:29:57,True,2.646e-10,7.783e-13,1757964508.0,0.0136,0x9b...6bbd,https://bscscan.com/tx/0xd0dac22142b3e5cebacd8e9a552286805eea76b2fcbcb073c801e48a8002cda4
2023-03-19 21:29:21,False,2.62e-10,7.744e-13,43646375192.0,0.338,0x7f...8886,https://bscscan.com/tx/0x9c02ebf1623f7e8d2dbef6c68fbd56cd99a0abb0213d9ba9f859ced72d303a97
2023-03-19 21:28:48,False,2.634e-10,7.744e-13,104585500000.0,0.81,0x9c...e6c2,https://bscscan.com/tx/0x555b74acc53370b3e9e7b399814f5ec057b7b7cee0f242183850308a4c386330
2023-03-19 21:25:41,True,2.648e-10,7.783e-13,100000000.0,7.783e-05,0xfb...c0f0,https://bscscan.com/tx/0x475f6770cc086057d4e0d60316f01d6849e5ade1b037b449409925a993a2532a
2023-03-19 21:25:38,False,2.635e-10,7.745e-13,70476458297.0,0.5458,0x2b...7e21,https://bscscan.com/tx/0x7aa73f0430f4fea9b6d87f9f060a714707903fbfba264bcf99c55a7d82432c6a
2023-03-19 21:23:29,False,2.622e-10,7.745e-13,45900000000.0,0.3555,0xd9...46c0,https://bscscan.com/tx/0x016fce03976651abdbc154d288fa3292b8a1731ef0eee2fc445117432eef4224
2023-03-19 21:23:20,True,2.635e-10,7.784e-13,128467010443.0,1.0,0x06...6a36,https://bscscan.com/tx/0x89568d1821df8378ec9ca83f2617f7575b905f17d4dd8b47c59921deb5982ba6
2023-03-19 21:22:35,False,2.635e-10,7.745e-13,31508569566.0,0.244,0x3e...4f20,https://bscscan.com/tx/0xfc0b845e7d54025039bde884d29e7492d6cfe4ca6e6f0c8c49457012bcad8946
2023-03-19 21:22:23,True,2.635e-10,7.783e-13,35851954602.0,0.279,0x15...d75b,https://bscscan.com/tx/0x193e46b0d0924b78efa9c3525577aa38ee35aa6f041c1a9c3e492bcc52c4cdc4
2023-03-19 21:20:50,False,2.635e-10,7.745e-13,13910022033.0,0.1077,0xdc...a6ae,https://bscscan.com/tx/0x4a4e64a41bb55ed399627d3303d220dc02626bf7b4d7f7cdd5bf4e530c167db7
2023-03-19 21:20:35,True,2.635e-10,7.783e-13,40200000000.0,0.3129,0x08...69cc,https://bscscan.com/tx/0x315f399a09f1303143fe6a90fb88b8b1d47e5af47b4e7f976a80330b26067f9e
2023-03-19 21:20:32,False,2.622e-10,7.744e-13,22500000000.0,0.1742,0xea...08a7,https://bscscan.com/tx/0x61a0166220b425bb1b121c2406dc127cd71f2c2c5f8662ea521dbef715f84c09
2023-03-19 21:18:59,False,2.635e-10,7.744e-13,793152125.0,0.0061,0xd6...9d7b,https://bscscan.com/tx/0x86439ddf70a70b7aa442b0cb76c5a481a1dc1b24bad9f3d4611b3c5f5bc70791
2023-03-19 21:15:59,True,2.65e-10,7.783e-13,25694401432.0,0.2,0xc1...ac86,https://bscscan.com/tx/0xc337fd094095fcb70d93d260d29d7fd0af4cc802e6c055c652166a2666e13681
2023-03-19 21:15:20,False,2.624e-10,7.744e-13,18093594788.0,0.1401,0xd8...409f,https://bscscan.com/tx/0x2e954e0d69329425a7ae5cf46b011d1c13c1cf190798a71c3e6ef61c929bd7b4
2023-03-19 21:15:17,True,2.638e-10,7.783e-13,1158579882.0,0.009,0xda...bd1e,https://bscscan.com/tx/0x9547a8be6731cb510654d3ac189b85c69b5a904232b0abffaeed2beff7db0190
2023-03-19 21:12:11,True,2.653e-10,7.783e-13,39975843995.0,0.3111,0xae...93da,https://bscscan.com/tx/0xba2f0473a7c3898f63b626897c336399e1427d4ae3e6a75c6dd2be3628110a0f
2023-03-19 21:10:26,True,2.652e-10,7.783e-13,23018756806.0,0.1791,0x6b...f437,https://bscscan.com/tx/0x99917a5d62ae3a8e4276104c91863bc9a98dc02f34409dc7e65e51a9d7c178df
2023-03-19 21:09:50,False,2.639e-10,7.744e-13,60603563558.0,0.4693,0xa3...bf65,https://bscscan.com/tx/0xee6e8e85698688102ee494a30f9992b84ce00985cb541b7d49ecfebf3379b713
2023-03-19 21:06:29,False,2.639e-10,7.745e-13,213678067833.0,1.655,0x55...9f7a,https://bscscan.com/tx/0x0d1c8a96a6d0c44446bd16d93bf6ce35249b22465aad44748f24d9870a026c97
2023-03-19 21:04:08,True,2.639e-10,7.784e-13,3757273241.0,0.0292,0xc0...5d44,https://bscscan.com/tx/0x0adf2fa7189999d6cf48ddd9280800a0b987c97ddda3816c5c38343458651308
2023-03-19 21:01:32,True,2.637e-10,7.784e-13,39000000000.0,0.3035,0x35...1ad7,https://bscscan.com/tx/0x8668206ca9f9e724ed0246884e20b14b36af0dbd6a682eb51c117b976bfb10f6
2023-03-19 21:00:47,False,2.637e-10,7.745e-13,67500000000.0,0.5228,0x1c...3c2a,https://bscscan.com/tx/0x06495368363ed5550c05816a246702ec93f16931442fea49b57708e46213b218
2023-03-19 20:59:53,True,2.637e-10,7.784e-13,5679538295.0,0.0442,0xb0...1747,https://bscscan.com/tx/0x243577c9ed04045211d0ab2ed4632783c3463a28ff2f60041b47e1ad4749480b
2023-03-19 20:59:20,True,2.637e-10,7.784e-13,5966665775.0,0.0464,0xd7...ef14,https://bscscan.com/tx/0x51a8153ace668f2b2b6c1290e40286ff136ae37025dff44b8ff62d4a84a765a1
2023-03-19 20:58:32,False,2.623e-10,7.745e-13,43583699177.0,0.3375,0xc4...c84f,https://bscscan.com/tx/0xfcc87d1fd1c3893e32312684804032f25201f6d97e1d7708de0552d83d13c9b0
2023-03-19 20:57:44,True,2.649e-10,7.784e-13,24500000000.0,0.1907,0xde...68ff,https://bscscan.com/tx/0x6630986f0efd45214490ee63acfdd4854ed1f44918274be3280fd868bcf70cc7
2023-03-19 20:54:38,False,2.636e-10,7.745e-13,3751357178.0,0.029,0xf7...2fa4,https://bscscan.com/tx/0xa31c04c18111a850b965a5851e1eb7629313f97540fb3844a6b524ead4018690
2023-03-19 20:52:44,False,2.636e-10,7.745e-13,19638964051.0,0.1521,0x67...9d70,https://bscscan.com/tx/0x6218348f06545de82a8416defb796e10354fbdd5d06cf31f51c08404ae9272fb
2023-03-19 20:52:32,False,2.623e-10,7.745e-13,51568877721.0,0.3994,0x49...fcab,https://bscscan.com/tx/0xf467c68f90ad7a7cc55729aff4e546087c00f2e4e640c4c79f3ee0f1fd4d9f53
2023-03-19 20:51:50,False,2.634e-10,7.746e-13,1627412845.0,0.0126,0x44...6e9b,https://bscscan.com/tx/0xfdfbb69bc05a473c8a31ab68a03e3d4570d1fc52856f8171de8971d38ff7546f
2023-03-19 20:51:38,True,2.648e-10,7.784e-13,15350000000.0,0.1195,0xd3...4041,https://bscscan.com/tx/0x2b5cdb08bd3c9a30322d43b1785f42ba39a59bcd800281ae86c31ffe84927a99
2023-03-19 20:46:53,True,2.647e-10,7.784e-13,2529150494.0,0.0196,0xd9...5981,https://bscscan.com/tx/0x4c78246df76ee5e53878c66c7f10cd490fe40fe0b1dda78039423a34299628a2
2023-03-19 20:38:35,True,2.635e-10,7.784e-13,25831004695.0,0.201,0x9b...cecf,https://bscscan.com/tx/0xd102b887fb572b01f8b8d15ec697629972dd44a26ee9277e3811ae635c08bd9a
2023-03-19 20:38:14,True,2.649e-10,7.784e-13,8610403086.0,0.067,0x9b...cecf,https://bscscan.com/tx/0xaee09791b960a0b1e307e53039126d030ecc9081ea56032fc71bd05bbfe3c356
2023-03-19 20:37:32,False,2.627e-10,7.745e-13,8497320998.0,0.0658,0x47...fff8,https://bscscan.com/tx/0x2fae02738042f53ed1cb88e57a13d840fe10bc9b1883eb1469b3abc151e80806
2023-03-19 20:35:47,True,2.64e-10,7.784e-13,1657946978.0,0.0129,0x08...4f0e,https://bscscan.com/tx/0x9df73655057b0cb22c9bba7226a91e1412ccd79fb6e76e5d64225395b8328865
2023-03-19 20:35:20,False,2.64e-10,7.745e-13,8100000000.0,0.0627,0x15...94ae,https://bscscan.com/tx/0xc8841502798f5de6e8a2f004d0471030c5c41eb122aaefb0f053b58945c15287
2023-03-19 20:34:56,False,2.627e-10,7.746e-13,57210037469.0,0.4431,0xce...6c00,https://bscscan.com/tx/0xaa33b88c74c9370851f9e9fb021481936d0a9705baf0e8a3ce97b588c8f3d682
2023-03-19 20:34:14,True,2.64e-10,7.785e-13,8734736962.0,0.068,0x8f...8dd7,https://bscscan.com/tx/0x0fb3ee9d120ca055ad001bb260d8c905f6be82b1bd8fa8ea1b4aead5356af51f
2023-03-19 20:34:08,True,2.64e-10,7.784e-13,26134221031.0,0.2034,0x92...23d6,https://bscscan.com/tx/0x08e089dd54cd48b3f888849d3ef1e36be265bb9b1407b6336a53c5c00e2a4324
2023-03-19 20:34:02,False,2.627e-10,7.746e-13,18044786147.0,0.1397,0x7e...b26d,https://bscscan.com/tx/0xcf6c6512505c28c04cf70d06625c9ebda131f56750429285041378efe88d1ac5
2023-03-19 20:32:59,False,2.64e-10,7.746e-13,34233190195.0,0.2651,0xbd...3eed,https://bscscan.com/tx/0x2abb5f4ce76cad5bbe6c160de8ad81fb4447df6a8634c9931c5092cec460a5d3
2023-03-19 20:32:26,True,2.64e-10,7.785e-13,17822113820.0,0.1387,0x46...9261,https://bscscan.com/tx/0xb1569a12a91dea1fda5e7e0a3443baf5e4b6b2f7e2f0c6952dfc6d88dd9f0e3e
2023-03-19 20:31:08,True,2.653e-10,7.785e-13,5834176374.0,0.0454,0x38...9ff1,https://bscscan.com/tx/0x258b10d052505233fdbeb04479d56d717d3b6292d70ee549ac5dca01215d3f9a
2023-03-19 20:30:44,True,2.654e-10,7.784e-13,23577600000.0,0.1835,0xae...ee7e,https://bscscan.com/tx/0x50d403eaf2f3c0ab42acaeba3a18a07664c0f7755e6a8040d7266f825579c1d8
2023-03-19 20:29:35,False,2.644e-10,7.753e-13,4147491046765.0,32.1573,0x15...0013,https://bscscan.com/tx/0x20b0a25c6965e66a98955f90e63cab187af46673b520e89381b0c80ed6fbfbac
2023-03-19 20:28:38,False,2.634e-10,7.76e-13,29030751171.0,0.2253,0xe5...8b4b,https://bscscan.com/tx/0xf93dc92fd1444111f15721b15b45c48aa8b8b54a04b8eb7e0167cb2969fddd03
2023-03-19 20:28:32,True,2.647e-10,7.799e-13,2312410000.0,0.018,0xd2...27e8,https://bscscan.com/tx/0xf21afd0c42721b90604fba22d577412995ad9761da4d852553038511ee3b37b5
2023-03-19 20:27:11,True,2.661e-10,7.799e-13,10621867154.0,0.0828,0x84...e27e,https://bscscan.com/tx/0x8fc979163322137fd0d8287facdb5bf4267bc91de862e8fe7785c01238a5ce39
2023-03-19 20:27:05,True,2.661e-10,7.799e-13,2321011300.0,0.0181,0xbe...9db1,https://bscscan.com/tx/0x0857d0dd5fc0eed4cf14f8cd14c5054c3cb2dfa97be68ffedaf073b4af87d689
2023-03-19 20:26:35,True,2.648e-10,7.799e-13,500000000.0,0.0039,0x02...1353,https://bscscan.com/tx/0x7c621084bd928958544866135204c1bcfcf9006819f0afa3a11a0ee23a29b4f5
2023-03-19 20:25:44,False,2.635e-10,7.76e-13,11822104507.0,0.0917,0xae...62f4,https://bscscan.com/tx/0x6f325b1e3a2c153694d02cb4d1033c7a7d50ef746206f198b6983d0f0bfe940c
2023-03-19 20:22:05,True,2.662e-10,7.799e-13,5041283547.0,0.0393,0x51...f6a8,https://bscscan.com/tx/0x5d6b2dc8df55a90becf6915c952b97819270d1732fb990256c9114fe5359fb2e
2023-03-19 20:19:05,False,2.636e-10,7.76e-13,21675438825.0,0.1682,0xcf...fdf4,https://bscscan.com/tx/0x1a2eb3e6f3768c6f09faed6fb49cc2717e4cf8145503d362ddb6911ed48e7725
2023-03-19 20:18:56,True,2.649e-10,7.799e-13,5372767602.0,0.0419,0x94...2dc4,https://bscscan.com/tx/0xbbbdbb6168f5d36765016ec2c45cd99c8b050590c1b5a7e3105b6e3d88ba6da4
2023-03-19 20:18:32,True,2.65e-10,7.799e-13,7692431471.0,0.06,0xf5...4d86,https://bscscan.com/tx/0x5b518ef3b832760def42af8421479af3fe7de4154e189cab0164087ad0821bf1
2023-03-19 20:16:38,True,2.644e-10,7.799e-13,2059498353.0,0.016,0x0b...cebc,https://bscscan.com/tx/0x1f4ba5420ff582288e11f1788c1e71d6402fa51e78128fc58be7e11267bfbb21
2023-03-19 20:15:38,False,2.631e-10,7.76e-13,7667019937.0,0.0595,0xd5...299e,https://bscscan.com/tx/0xbacffed35ba886375f32a58ac296420ae35b90144ca71ee57396ea02d6ca82c9
2023-03-19 20:15:14,False,2.631e-10,7.761e-13,189193328825.0,1.46838,0x47...9616,https://bscscan.com/tx/0x0090a4f267ee9f8f7754b7cdcdcf0868842eb86cd02dabd24712434101459c4b
2023-03-19 20:14:53,False,2.631e-10,7.761e-13,171000000000.0,1.32729,0xe8...3747,https://bscscan.com/tx/0x9e6af60a2a0ebd5fb0135d59f6c61ae4fcdce360bb40e24a4e55ecaaab573cf0
2023-03-19 20:13:05,False,2.645e-10,7.762e-13,1434132733.0,0.0111,0x72...ead2,https://bscscan.com/tx/0x5f56d0e5080cc9fa680a3e91c8184551b653eb49c3f5a093ca095da23e10260e
2023-03-19 20:12:32,False,2.644e-10,7.762e-13,10539740749.0,0.0818,0x52...f64d,https://bscscan.com/tx/0xe7b4adf9484d0c5098aaf2daaa0edc701c4097ec55f02d4e72188b3b44f57cf0
2023-03-19 20:11:44,True,2.657e-10,7.801e-13,13012025575.0,0.1015,0x52...f64d,https://bscscan.com/tx/0x599348a31952827ebe8285fd1000f159036cb42ecaf382ee17f48db654267688
2023-03-19 20:11:26,False,2.631e-10,7.762e-13,14254860096.0,0.1106,0x52...f64d,https://bscscan.com/tx/0x54dd571082bb74861158e91e5d43e4a9b397a4d9a4f11ce44decb2be119de0bb
2023-03-19 20:09:19,False,2.643e-10,7.762e-13,246779812048.0,1.91568,0xdf...43fe,https://bscscan.com/tx/0x8fc3157b8b35a386e20207197b483e47925ee4bbe5c594bca2e7e83c2675ee3e
2023-03-19 20:09:15,False,2.644e-10,7.763e-13,4218352997.0,0.0327,0xc4...43d4,https://bscscan.com/tx/0x3da452a915312dcbeea03483b6c91f8b1496188b04b94a90f01dcc020581db9c
2023-03-19 20:06:20,False,2.628e-10,7.763e-13,16644727116.0,0.1292,0xcd...d663,https://bscscan.com/tx/0x9a75a16e86e08308746568177f6ef5d67be495b076351dda04275a3226c85bcf
2023-03-19 20:05:04,False,2.627e-10,7.763e-13,10892754101.0,0.0845,0x1d...ff48,https://bscscan.com/tx/0x1710fd0afc091e6dec875e98df1265e222b99e0016cffc6a03b279d98f7588d4
2023-03-19 20:04:18,True,2.639e-10,7.8e-13,713422587607.0,5.56536,0xf5...ac7b,https://bscscan.com/tx/0x6e181482456f4fff515224c2ab15da24d80ef9c3c5d16f599ae637b26c209ea6
2023-03-19 20:03:03,True,2.637e-10,7.799e-13,73944229394.0,0.5767,0x1e...aa89,https://bscscan.com/tx/0x3b86fa6c6e201b7368995f10dc6bf26bfe03ce9db66a25dc931950b4218fa4c5
2023-03-19 19:58:49,False,2.634e-10,7.76e-13,3670893002.0,0.0284,0x37...1aef,https://bscscan.com/tx/0x87120dbdbdc1aeb4a8f98007447d4971664d570cfa1024ff2aca327d14c6d475
2023-03-19 19:57:46,True,2.647e-10,7.799e-13,188841883089.0,1.47279,0x26...27db,https://bscscan.com/tx/0xe6c8a7df5b91190f7f19557d8668c764432b4adf3f9eccc77045f0cd9ce00b85
2023-03-19 19:57:43,True,2.647e-10,7.798e-13,4113841761.0,0.032,0xee...2d5e,https://bscscan.com/tx/0x3daec727c700788f23cd0000eb7d037dabac08eda5a9e7203c7967d2f4511b8f
2023-03-19 19:55:00,False,2.635e-10,7.759e-13,7349841483.0,0.057,0x49...cfff,https://bscscan.com/tx/0xa284e6c9ce2c844b6fe27849b6c7003ac3f398a00efc908f3636be54f8bbbfac
2023-03-19 19:54:09,True,2.636e-10,7.798e-13,74921708436.0,0.5842,0xb5...7889,https://bscscan.com/tx/0x43b4fbbe25ad0a08a7b29a5416f97613a42c5fa53c5aa7dcc0b84f32a64eba34
2023-03-19 19:53:42,True,2.636e-10,7.798e-13,8976143341.0,0.07,0x5b...2f2c,https://bscscan.com/tx/0x7fb90260762d3a7bdd250d0be535a3ef1a29a42b8ac3b1d8734448ea870bdcb8
2023-03-19 19:53:39,True,2.636e-10,7.798e-13,10148158192.0,0.0791,0xb2...3c6f,https://bscscan.com/tx/0xa2752d067eec8b9662a905cdb80064e833082b72f4130e97527a1dca73ea87a6
2023-03-19 19:53:09,True,2.634e-10,7.798e-13,3044830001.0,0.0237,0x2a...00a6,https://bscscan.com/tx/0x0bdf37ed3c587c35aaf549faf01a7ec078afa9aea8ac5fb9f304ce8282cbf289
2023-03-19 19:53:06,False,2.636e-10,7.759e-13,3789471646.0,0.0294,0xda...f5e2,https://bscscan.com/tx/0x35945cbdfae9fb84250d47e06161e7b3b49b700c61fc4343f8e3b10cd1d6b908
2023-03-19 19:53:03,False,2.636e-10,7.759e-13,7615148889.0,0.059,0xd4...b66d,https://bscscan.com/tx/0xebe3f1790c57ec896a015850e896c3dbb7caf576f60fb234a2ddfb0242d93c62
2023-03-19 19:52:00,True,2.635e-10,7.798e-13,10196075818.0,0.0795,0xa5...5153,https://bscscan.com/tx/0x42d09aa40bddfdce765684bfb4da9b17aaea98feb9787bf3a22ed43175074f38
2023-03-19 19:50:30,True,2.648e-10,7.798e-13,29635620543.0,0.2311,0x63...01a8,https://bscscan.com/tx/0x00bca458662ff2cb416efd7079928df260e6d53a49f1b16261fda53dad347995
2023-03-19 19:49:06,False,2.635e-10,7.759e-13,23188140000.0,0.1799,0x97...7ae8,https://bscscan.com/tx/0x3d84a10b37fd65a8d43abb7321288cd96642e3d70be62b1d6892345c487ae31e
2023-03-19 19:48:45,False,2.621e-10,7.759e-13,8846118300.0,0.0686,0xbd...7cc4,https://bscscan.com/tx/0xa0e36729e9a84776ff7751548b740d4e05df9b60e59af544e40280a6d8009929
2023-03-19 19:48:15,False,2.634e-10,7.759e-13,3613395886.0,0.028,0xbb...f978,https://bscscan.com/tx/0x8e2ae98f9757049daf3266b4edd340ce380b62f289cc53cc398ef853ea965417
2023-03-19 19:47:30,True,2.647e-10,7.798e-13,1368612480.0,0.0106,0xfb...bab7,https://bscscan.com/tx/0x988716bdfd0f4d0a9203f45df6973f96308907dc4e5ed424d010b582029a3410
2023-03-19 19:45:48,True,2.634e-10,7.798e-13,3846943143.0,0.03,0xd1...01ef,https://bscscan.com/tx/0xa3beed3f9e32a4dc1573d9e3802532e2df034c3498dbedc973327c62d818cf6c
2023-03-19 19:43:33,False,2.633e-10,7.759e-13,36000000000.0,0.2793,0xea...08a7,https://bscscan.com/tx/0x04e6075b7e2fcbfb139ff15414bbedcae585b0d1891d14cc7aecfdc211461b0a
2023-03-19 19:43:30,False,2.633e-10,7.76e-13,405665851055.0,3.14809,0x16...014d,https://bscscan.com/tx/0xd8d4cb1e802101cc6b937305f4fd85bd4fb7b7f25f372df0bc300ff9840dadb5
2023-03-19 19:41:30,True,2.643e-10,7.799e-13,6132474785.0,0.0478,0x15...4042,https://bscscan.com/tx/0x3f8cdccead316f21a9f0dce4c459f12317841801d7f0e689102c10d37d2cf5c0
2023-03-19 19:40:27,True,2.644e-10,7.799e-13,23516942554.0,0.1834,0x57...7f88,https://bscscan.com/tx/0xe7d9d9be5cb582388f1ad01bc0a7924560d5373c9bbe4f90d41a46f4ae1e050e
2023-03-19 19:38:27,False,2.617e-10,7.761e-13,108914801872.0,0.8453,0x6d...6408,https://bscscan.com/tx/0xe1ee6afe2d26490112850e4da6b86c1cf737a00bff22bedd8f01db6a821964d5
2023-03-19 19:38:06,True,2.631e-10,7.8e-13,4000000000.0,0.0312,0xa0...c7b6,https://bscscan.com/tx/0x0ef19995094c4ca9e5598725cb8ac5630c41f4d55b996e5662649d815d9e7d40
2023-03-19 19:37:33,True,2.643e-10,7.8e-13,3143000000.0,0.0245,0x5f...d093,https://bscscan.com/tx/0xe6abea717076fea51bfe1bee152d925919e4b2229269f59ee9ee8a8a169b3f1f
2023-03-19 19:37:21,False,2.63e-10,7.761e-13,57987162455.0,0.45,0x17...f92a,https://bscscan.com/tx/0x29f2b1e9756dab91a38ea954ae532eaf537747be0f8ebdceed982473dfdbddce
2023-03-19 19:37:18,False,2.63e-10,7.762e-13,304067195544.0,2.36018,0xc2...6880,https://bscscan.com/tx/0x2efdca5f24e806690e3e79f5b616a0fead2fabe92c7f50c0e438c21dd22210c4
2023-03-19 19:37:00,False,2.63e-10,7.762e-13,18286776693.0,0.1419,0x02...944c,https://bscscan.com/tx/0xd2db344bf117bce92e730e53918d67b6ef8df3abb63adde9a0a84c7053ed2ed8
2023-03-19 19:34:03,True,2.629e-10,7.801e-13,8354416398.0,0.0651,0x7f...d6fa,https://bscscan.com/tx/0x9e0d887babe8ee022b97df2c741cc03559c7a56f76bfb7092a8aa7cdbadc9d73
2023-03-19 19:29:45,True,2.641e-10,7.801e-13,6500000000.0,0.0507,0x0f...858c,https://bscscan.com/tx/0x85f6735013982e2149b22fc6e8be1d554ff16ea1ab1f734d7701b1f09c6ce0c6
2023-03-19 19:27:02,True,2.64e-10,7.801e-13,10000000.0,7.801e-06,0xd1...c276,https://bscscan.com/tx/0x09a5300e667e64565ae52758ef186c0146ce3639b4e4fbc28e377e44b7e06790
2023-03-19 19:26:50,False,2.612e-10,7.762e-13,29786528798.0,0.2312,0x63...f370,https://bscscan.com/tx/0xa924c97b6d638da73ba7c34a6b509616fbef556964c0ee1746b08259580bfa55
2023-03-19 19:26:38,False,2.624e-10,7.762e-13,6686750460.0,0.0519,0xf9...44ab,https://bscscan.com/tx/0xd150b742dd8fc5e1cb18c9b711918bde9a33eaf72eb647d30609f4554a8eb547
2023-03-19 19:22:05,False,2.626e-10,7.762e-13,4500000000.0,0.0349,0x02...3b24,https://bscscan.com/tx/0x36b193c61c295bc80d6f77bec536ffcbef4b5fe223f1bfb17c20b8898fd79543
2023-03-19 19:21:47,True,2.626e-10,7.801e-13,7000000000.0,0.0546,0xa0...c7b6,https://bscscan.com/tx/0x2b3640e4edd654b81cb9a09fa18a15131bcf336b293ee10f94f437eddc081800
2023-03-19 19:21:28,True,2.639e-10,7.801e-13,812795234.0,0.0063,0x2e...b789,https://bscscan.com/tx/0xadfbe7f6d05211ac9dd5d64f2aa99c534674c7f6dba4e5c02c50811c4f868162
2023-03-19 19:20:46,True,2.626e-10,7.801e-13,2569662591.0,0.02,0xf7...7ac9,https://bscscan.com/tx/0x7bcf44870ae8b8e6b063dd932dfa644a6c6faddcf4ddba61e0f85cd5099fccac
2023-03-19 19:20:16,True,2.626e-10,7.801e-13,3093702401.0,0.0241,0x64...258c,https://bscscan.com/tx/0x4ffb302d878f04b51ac250758f1ab728fc8a08d1a74957b2457ba76b656db146
2023-03-19 19:19:26,True,2.64e-10,7.801e-13,2307207912.0,0.018,0x43...1f1b,https://bscscan.com/tx/0xe7ac483dc4da08727ae8ae6168f486214c2bc5277fc51bc94819880e1ad98fee
2023-03-19 19:19:23,True,2.64e-10,7.801e-13,1180000000.0,0.0092,0x10...4b4b,https://bscscan.com/tx/0xb9f6fca775711b2e660a86c4db9c86069623672b2984fd0e7fc15ec21c234fc3
2023-03-19 19:18:37,True,2.627e-10,7.801e-13,2563568616.0,0.02,0x5f...d772,https://bscscan.com/tx/0xe77bf92b87efd3d0ffd57729eba23ec53b7f0584640274b1d2d1b1c88fe8d4e1
2023-03-19 19:18:28,True,2.64e-10,7.801e-13,846501038.0,0.0066,0x51...7d75,https://bscscan.com/tx/0xa7423063e55a111c03841ab83c7ded38869a75ac2b50191712e81c8aa89f421b
2023-03-19 19:17:35,True,2.627e-10,7.801e-13,6000000000.0,0.0468,0x6b...f437,https://bscscan.com/tx/0xc33c52c922582dedcb87df446eab3e204be11b0f661b0de5575981aa5e106c47
2023-03-19 19:16:38,False,2.629e-10,7.762e-13,1211962485.0,0.0094,0x37...5db6,https://bscscan.com/tx/0x9352d49eec625c078dd615f105efdd8e8c43a9d968ef32fc411cbb5fede7cac3
2023-03-19 19:15:27,True,2.641e-10,7.801e-13,384536552.0,0.003,0xfb...8fe5,https://bscscan.com/tx/0x1d96480c9e4fe46578c89627f3ddd393f5b32fc7f22ea11b589855553ae0491e
2023-03-19 19:14:49,False,2.628e-10,7.762e-13,36942863139.0,0.2867,0xfe...db59,https://bscscan.com/tx/0x1f11837d78e42ea9e88a0d32de4496b01b61c6ab4b168d690826049979ad056b
2023-03-19 19:14:05,True,2.641e-10,7.801e-13,50000000.0,3.9e-05,0xd1...c276,https://bscscan.com/tx/0x6127007a4db23f2bb3b87f2f04b169956b26c57de44878aa76056b3069f561ae
2023-03-19 19:12:22,True,2.628e-10,7.801e-13,1876777624.0,0.0146,0x37...6f14,https://bscscan.com/tx/0x3b94907865613bc12afe5264bfb020a7d1656dd29a5b7f411b39bf1246c73c36
2023-03-19 19:10:43,True,2.627e-10,7.801e-13,8539007747.0,0.0666,0x6b...f437,https://bscscan.com/tx/0x891a83e8e928b0dabde0b8652bd20c10ff5f20ef91ee6b4e597b086d86d920a4
2023-03-19 19:09:47,True,2.627e-10,7.801e-13,3204434970.0,0.025,0xba...953f,https://bscscan.com/tx/0x661a4b6a6bcc26c48cd3f5d18ea9b4bb17dc2e8dacfee4fc47a9aadbe13a9c31
2023-03-19 19:09:24,True,2.627e-10,7.801e-13,47426191222.0,0.37,0x5f...d772,https://bscscan.com/tx/0xf13e3770de782e3590da41aac807400c44a98db930ec4ed131d64144d459125c
2023-03-19 19:08:22,True,2.64e-10,7.801e-13,2936904767.0,0.0229,0xf6...e907,https://bscscan.com/tx/0x620aa46dbbef0addee4be2ac7cfb48b8089a521399efc5cb0e533186471aaef4
2023-03-19 19:07:22,False,2.614e-10,7.762e-13,50893845205.0,0.395,0x4f...6ca4,https://bscscan.com/tx/0xa33f0fe3c2421f4ab98d46368e708f16d76f42e3bdfa1723778a0e8a3c50dc9b
2023-03-19 19:07:22,True,2.627e-10,7.801e-13,8453112873.0,0.0659,0xc5...b960,https://bscscan.com/tx/0x8639934837efbb69ff9b9c3bf9bce9324f46b3f3dad98a891a8afbda7a9fe177
2023-03-19 19:07:06,True,2.627e-10,7.801e-13,120918298001.0,0.9433,0x90...e188,https://bscscan.com/tx/0x0f8917af022fed60be97a9015982d8d4828a3629ec61bdd4b7364b5ce6693377
2023-03-19 19:05:30,True,2.64e-10,7.801e-13,5046330000.0,0.0393,0xf8...77d7,https://bscscan.com/tx/0xc323c879f5301a976382868ab86c0b42a87719cbe82342b95a3b7adc443cdf12
2023-03-19 19:05:15,False,2.627e-10,7.762e-13,31629730599.0,0.2455,0x60...b8fa,https://bscscan.com/tx/0x4898661527b46dfa1ba8a6fbe74497bb79394f0cceaa81fc890ede098d367876
2023-03-19 19:04:30,False,2.627e-10,7.762e-13,31629730599.0,0.2455,0x60...b8fa,https://bscscan.com/tx/0x512b0e1bec25108301b6678ab6c16c1522a54a92aea093b395e23e62f8b6ac81
2023-03-19 19:03:54,False,2.613e-10,7.762e-13,4104000000.0,0.0318,0x64...1cd9,https://bscscan.com/tx/0x705c6268adf2758b4a834e92e911b8b9aa091ecae3b86346082fec875b7b210a
2023-03-19 19:03:09,False,2.612e-10,7.762e-13,21662622532.0,0.1681,0x57...7dca,https://bscscan.com/tx/0xdde8f55f7806e17e2e7a808fa8deb9e73ede046c0d6c3694663ce47783a7c044
2023-03-19 19:02:21,False,2.625e-10,7.762e-13,9819353482.0,0.0762,0xfb...4ded,https://bscscan.com/tx/0xc134b2e59ae2c050ef58baa49aacc8600c5211dd94eb01085398f84768ac11df
2023-03-19 19:01:06,True,2.638e-10,7.801e-13,1800000000.0,0.014,0x5c...44ac,https://bscscan.com/tx/0x2ba3643c821b7afc631a4594dd225c089488c0afbe303febb2e92d809e69007f
2023-03-19 18:56:21,True,2.642e-10,7.801e-13,3845394132.0,0.03,0x0a...b929,https://bscscan.com/tx/0xd40a2f25f061867d5133c10aee4501716d4357f73e9b723dfeaf16eca1f8339d
2023-03-19 18:55:30,False,2.631e-10,7.762e-13,10251923345.0,0.0795,0x1f...0f8a,https://bscscan.com/tx/0x849487cccaa7d4868467641e6ab98e20582facb4d6465aaad873a17e1b7868ce
2023-03-19 18:49:27,True,2.634e-10,7.801e-13,1512516432.0,0.0118,0x98...4466,https://bscscan.com/tx/0x0be14c36a2e978660b5b6d4844aa7902d1c706d3647e03b7562bf8ae87c3530b
2023-03-19 18:49:24,False,2.621e-10,7.762e-13,14400000000.0,0.1117,0xce...1637,https://bscscan.com/tx/0xfac608331f07b204f6ec4392f64a1b554e6d7db4cd42a03b39dffeac66d06a5c
2023-03-19 18:48:54,True,2.634e-10,7.801e-13,512714281.0,0.004,0xb0...5af8,https://bscscan.com/tx/0xbb970b653c1b8aa6d7a57a5c908b13f238c4b712e5624eec7232f1b71f3576fa
2023-03-19 18:47:30,False,2.632e-10,7.762e-13,11494477328.0,0.0892,0xd2...ae2f,https://bscscan.com/tx/0xf49eb945cc6efdb321e45f87abdae275f6a76ed648add4d22f8585bcc3ca8f62
2023-03-19 18:45:24,True,2.628e-10,7.801e-13,17966602669.0,0.1401,0x6d...6408,https://bscscan.com/tx/0xf7baa75f52db91badfe967f32729d0d80253e50a9140816ad21f725177156940
2023-03-19 18:44:48,True,2.641e-10,7.801e-13,1922685391.0,0.015,0xf6...4a35,https://bscscan.com/tx/0xc733184a330e74c25a0d88f52c8ad0f2d3521aff8a99ea605a1f17c2365e4d74
2023-03-19 18:44:24,True,2.628e-10,7.801e-13,2563583171.0,0.02,0x4d...3661,https://bscscan.com/tx/0x1016da900bf1b4702065ffe1b0c504b73c862a27095a0e2b894bd84ebadfa364
2023-03-19 18:44:12,True,2.627e-10,7.801e-13,37748734742.0,0.2945,0x01...1085,https://bscscan.com/tx/0xa7f15219a75a830bb59167dbbeee62d3c28b0bedd9f6e9098cd363b173c45bf0
2023-03-19 18:40:29,False,2.611e-10,7.762e-13,1582095825.0,0.0122,0x91...e941,https://bscscan.com/tx/0x62f62dbe40a33379b6a7f4993302592108a7a7c929dc8702f9fdd3f345fca1ab
2023-03-19 18:37:44,True,2.638e-10,7.801e-13,92998497371.0,0.7255,0x1c...05b0,https://bscscan.com/tx/0x33f64b7dff66b05eceaeddefde41d81f624afad437a0c838f9b2be1f0e351f41
2023-03-19 18:37:41,False,2.624e-10,7.762e-13,4134859483.0,0.0321,0xb1...de5c,https://bscscan.com/tx/0xbfe7c026551dd2ab310e00af633de5aae951bc48f7d446aeae748c3a54ab2168
2023-03-19 18:36:47,True,2.637e-10,7.801e-13,9621574913.0,0.075,0x41...c0b0,https://bscscan.com/tx/0xd2ba5ffde37ada43db5e3c31decd5842de893ca98e9c9f85ed23804e70fadf3c
2023-03-19 18:36:47,False,2.624e-10,7.762e-13,7319603575.0,0.0568,0xa0...1560,https://bscscan.com/tx/0xf56b608d8e763f3d052a139d6da61e550d5b391b9854946a6419de790b936344
2023-03-19 18:34:09,False,2.623e-10,7.762e-13,292642304786.0,2.27169,0x8b...200d,https://bscscan.com/tx/0x6c3d20fb7876e3a3947e933fd68a947098528fe241c2ff7e1c9c63849c1ff9bd
2023-03-19 18:30:35,False,2.613e-10,7.763e-13,6952841100.0,0.0539,0xc7...83c2,https://bscscan.com/tx/0x71a926178841b3753edc7698e30b9b92c6032334f366875bcc4d77d12d70b7ea
2023-03-19 18:29:52,True,2.639e-10,7.802e-13,3402072742.0,0.0265,0xbb...e1a9,https://bscscan.com/tx/0x45f4fd69fbb694a28bc2f7bf0daefbee7e44cf4f515a31485bfa64ecb0cd3522
2023-03-19 18:27:27,True,2.627e-10,7.802e-13,1218168626.0,0.0095,0x63...bd20,https://bscscan.com/tx/0x2453af4bb9ec034a1c3b651eb6a6a3b05fbddbac73a77ae139ba0953842a928f
2023-03-19 18:26:54,False,2.627e-10,7.763e-13,32783204303.0,0.2545,0x0a...475f,https://bscscan.com/tx/0xca20690eef1de2d278e2c47571f11eb535fcf7481a53563a42bb21092b66a3c7
2023-03-19 18:24:16,True,2.631e-10,7.802e-13,1110000000.0,0.0086,0xfa...dad7,https://bscscan.com/tx/0x99dfdba971d65b76ffbc7ec2d35df9eec7383a0183b579836e3a377397ad97d8
2023-03-19 18:23:40,True,2.644e-10,7.802e-13,41013993261.0,0.32,0x0c...90a1,https://bscscan.com/tx/0x55b297303497489f88cc253fc9221b7d1aaa31e234b4e6b0013af9107a52894b
2023-03-19 18:23:16,False,2.631e-10,7.763e-13,5703944599.0,0.0442,0x07...bfd8,https://bscscan.com/tx/0x43ecb97bd2eec392a0dd747beb7f9d6484741e940ed6b1faf833eed4eed8674e
2023-03-19 18:19:43,True,2.632e-10,7.802e-13,2703959488.0,0.0211,0x13...a761,https://bscscan.com/tx/0x51ceba9f9e66a8648c96b69f14d2e13a46e0f8090ff7e2a2a42c8c0c955e4db3
2023-03-19 18:17:31,True,2.632e-10,7.802e-13,51267905.0,4e-05,0x3b...7262,https://bscscan.com/tx/0x3554d08744251628b280edd3093ce768c1ce399fd9553f15aa6bf1eefb9e9010
2023-03-19 18:16:40,False,2.632e-10,7.763e-13,3371584971.0,0.0261,0x82...2685,https://bscscan.com/tx/0xcea07154630866d8669b25e5f1ddfb806e25f51cdeab8f010926a630243bfe2b
2023-03-19 18:16:37,True,2.645e-10,7.802e-13,23630347488.0,0.1843,0xf7...3d03,https://bscscan.com/tx/0x19dbd4bb9f31a57da3abf23b742121ac390212cfcb0aa55c25ac14eb9eb15296
2023-03-19 18:15:58,False,2.632e-10,7.763e-13,5217113934.0,0.0405,0xed...8856,https://bscscan.com/tx/0x759cbd0123bc8e4bb43cd8635dbef2b69555b56a9275db17c351634425f7ee24
2023-03-19 18:15:46,False,2.619e-10,7.763e-13,11083346644.0,0.086,0x77...10d9,https://bscscan.com/tx/0x5e2f2defbc1444542eda17b98d85c9fa48c2446de3b2d5eeb7f2e63167af0d53
2023-03-19 18:15:25,True,2.645e-10,7.801e-13,116192367379.0,0.9065,0xf6...7748,https://bscscan.com/tx/0x1054dd90b56bcd408357e3e8ac3b86c3be90413d701cc00108993ddacfab6cd8
2023-03-19 18:10:37,False,2.632e-10,7.762e-13,112228238320.0,0.8712,0xf7...cc19,https://bscscan.com/tx/0xa46333b646577fd63cdef36d3af2e35a8e998133aec835002206ef9a77a46d8f
2023-03-19 18:09:13,True,2.645e-10,7.802e-13,6052055234.0,0.0472,0x86...3fee,https://bscscan.com/tx/0x7d165992dfe8bd80912bde04e2c299b1eb26630e2eed91d9acfe498ca4ad53ab
2023-03-19 18:08:13,False,2.628e-10,7.763e-13,8959445476.0,0.0695,0x47...ee34,https://bscscan.com/tx/0x44d3711059ab5c345ef44f77cb7524b734b4c737c210eb9af92bd1c68340f402
2023-03-19 18:07:58,True,2.641e-10,7.802e-13,384510280.0,0.003,0x65...f0bd,https://bscscan.com/tx/0xc77ef43fd35b1300b2c3a1f30ebaa4e43cfcbdac49fa6f2a317997f1a1d5ade8
2023-03-19 18:07:28,False,2.628e-10,7.763e-13,32592330361.0,0.253,0xb4...39c0,https://bscscan.com/tx/0xbfff11824c242fbb767de0e20e407415ca6812e89085aff3c10a5a9a4b10cb96
2023-03-19 18:05:46,True,2.64e-10,7.802e-13,14098546193.0,0.11,0x3d...1d3a,https://bscscan.com/tx/0xe43f4976fd2af246c978fe95c982a80ff9a1fba03e157f9552bffe5c9fb4ea73
2023-03-19 18:03:55,True,2.64e-10,7.802e-13,5000000000.0,0.039,0x47...2096,https://bscscan.com/tx/0x1394b42c502146ff14fbb725edd628906871df74916b79fe21cd5457df7e8308
2023-03-19 18:03:16,False,2.615e-10,7.763e-13,34438667095.0,0.2673,0x8f...429e,https://bscscan.com/tx/0x68c592cf7352382dc46758572d6fab354f234cdefd07bf2bae68bc6509b69278
2023-03-19 18:03:01,True,2.641e-10,7.802e-13,3845021941.0,0.03,0x7d...911f,https://bscscan.com/tx/0xc4026efe4bbcee8796c6ede1900eb250863f8582246e5912cdc9d662eb0972d1
2023-03-19 18:01:31,False,2.623e-10,7.763e-13,9591185208.0,0.0744,0x93...cc0a,https://bscscan.com/tx/0xef362f1e89c0849b0ba8ed3cbdc62c0d5fabbadcc32b7671fa412b054c220709
2023-03-19 18:01:01,False,2.63e-10,7.763e-13,43200935775.0,0.3353,0x9d...cab4,https://bscscan.com/tx/0x93281060e210ca6dd46c40be2578ac1b65545c60c7d542536a81ec26ee66826d
2023-03-19 17:59:07,True,2.657e-10,7.802e-13,17947630.0,1.4e-05,0xf2...f963,https://bscscan.com/tx/0x3a0657d9e4bcd5b61e15cd05e74544967403e85dcad52edd0e42f1e49f2ea047
2023-03-19 17:59:07,True,2.657e-10,7.802e-13,5715184944.0,0.0445,0xc5...efca,https://bscscan.com/tx/0x7334a360949632d24daf0cdc1cf180609d3c5e22aa6c8640ef76eb69d5e8941d
2023-03-19 17:57:55,False,2.63e-10,7.763e-13,6534180751.0,0.0507,0xa5...50c1,https://bscscan.com/tx/0x4ec6ddabbc582c6e5f965962ed9d2e85e9413ac8da04cd1a560f992ffe8456c1
2023-03-19 17:55:19,True,2.64e-10,7.802e-13,26056427236.0,0.2033,0x5d...1387,https://bscscan.com/tx/0xd80d0ce5fbaff1019ca90255dae990b573c4c88807924d9a0141880cb7ba402c
