datetime,buy_order,price_USD,price_native,amount_token,total_native,maker,etherscan_url
2023-03-22 09:14:50,True,2.54e-10,7.56e-13,13226118856.0,0.1,0xbc...2f25,https://bscscan.com/tx/0xead2099855cddb967be873dc877fe432ca3054c5ed46ca12b99dae3137d8d3d6
2023-03-22 09:14:38,False,2.527e-10,7.523e-13,184085961862.0,1.38494,0x12...130f,https://bscscan.com/tx/0x877de1869b6d62e03a4aae69561aea0464eaeb3ea28786af549f0496c9998d80
2023-03-22 09:14:20,False,2.527e-10,7.523e-13,3476517599.0,0.0261,0x44...af9c,https://bscscan.com/tx/0x95cebed7ee9c57279c23ab410a8a731b6ef3c3a66126742a9a08d34300f7b533
2023-03-22 09:10:22,False,2.538e-10,7.523e-13,76763379989.0,0.5775,0xeb...ed18,https://bscscan.com/tx/0xb370398d546d71c4ea440a3c0dd75ec1a3058433b3a00ef89cdc202110eb87df
2023-03-22 09:06:48,False,2.524e-10,7.523e-13,3600000000.0,0.027,0xcf...ef72,https://bscscan.com/tx/0x0a7568013527f5eb51dc1d02be0f2f29446ea9f815946fc41811ea637bf0d51b
2023-03-22 09:05:48,False,2.524e-10,7.524e-13,184975613077.0,1.3918,0xf5...f898,https://bscscan.com/tx/0x1306b01978eb29422535e7cc37991ae53013516f5692875e7657e490d41c4bc0
2023-03-22 09:02:18,True,2.54e-10,7.562e-13,68935.0,5.213e-08,0x73...7a1c,https://bscscan.com/tx/0x3b1455e9288b44b1ee0c2d7cf27144016e0f9287576226694d57066a9aba291a
2023-03-22 09:01:15,True,2.541e-10,7.562e-13,13383244885.0,0.1012,0x37...efcc,https://bscscan.com/tx/0x16ef4194a5ed4d19b9cf49097502097b789aacd93f3f1733d459047ebca6d24c
2023-03-22 08:59:57,False,2.542e-10,7.524e-13,36000000000.0,0.2708,0x3f...9a70,https://bscscan.com/tx/0x59c3f1288e18bafde61709684a33123bef51469440845a17fcc1b63b634cae32
2023-03-22 08:55:42,False,2.529e-10,7.524e-13,63128508556.0,0.475,0x2b...827b,https://bscscan.com/tx/0x937a9e8cd784e3099b9dd45b7f711afd63a0e23200c417efa20918aab11d3a66
2023-03-22 08:52:18,True,2.544e-10,7.562e-13,21032378462.0,0.159,0x93...7a75,https://bscscan.com/tx/0x8d85c55a088dc3a7775bbd79e73e8316ffc740c349b3715c28eba459c3cb6b88
2023-03-22 08:50:48,True,2.557e-10,7.562e-13,21032579081.0,0.159,0x93...7a75,https://bscscan.com/tx/0xc6d356d23f01ec595ecdfad6a497c733a473d6bf6053356d3b84fffc06b087a3
2023-03-22 08:49:18,False,2.544e-10,7.524e-13,43582173993.0,0.3279,0xef...ba3c,https://bscscan.com/tx/0x73fef8e84ab9135e3e51c0772185a114dfc4b849a5b615905fe1df323ab33bef
2023-03-22 08:49:15,True,2.556e-10,7.562e-13,217615160597.0,1.64566,0x57...a7f3,https://bscscan.com/tx/0x18eab5d835657c8622e5e93faf859210afe3f38852d6208169d0044c45b985f8
2023-03-22 08:46:57,False,2.534e-10,7.524e-13,69040314241.0,0.5194,0x7a...7129,https://bscscan.com/tx/0x2355e1bdf9597edd94a82acb10d71881d695e13af6e280dd63f7abc6bb6a9a79
2023-03-22 08:46:00,True,2.56e-10,7.562e-13,15868641113.0,0.12,0x6f...de19,https://bscscan.com/tx/0x1be95b27964f5f3f7251e2a99cda4fdfb12ef99e617b79e2937245874a0b425d
2023-03-22 08:44:30,True,2.561e-10,7.562e-13,5102747179.0,0.0385,0x0c...756d,https://bscscan.com/tx/0x990ba98bc370b01b6bb97c99a16a5958ad66417507831734383c39d322e8afde
2023-03-22 08:41:54,True,2.547e-10,7.562e-13,1000000000.0,0.0075,0xec...f69d,https://bscscan.com/tx/0x83eb73d62268f17da9aa729fba85377537342bfa0610c753d7a2b02b5833e82e
2023-03-22 08:41:39,True,2.547e-10,7.562e-13,9256785655.0,0.07,0xfa...63e1,https://bscscan.com/tx/0xee71d647a7defee89e8d69b370e4a671fc6071124ddbcb57b251b300b69e2304
2023-03-22 08:39:21,True,2.559e-10,7.561e-13,78118341558.0,0.5907,0x92...7fef,https://bscscan.com/tx/0xa962c404b9369063b2159b1cb77bdc9541741bcc1019c0907619f6a4430c57da
2023-03-22 08:37:12,True,2.546e-10,7.561e-13,3967380000.0,0.03,0xbc...a003,https://bscscan.com/tx/0xda3d056a77407aad0c8672bf007f9b64782410d2988ef4f39dfe2d0b856e62bf
2023-03-22 08:37:09,True,2.558e-10,7.561e-13,1322450000.0,0.01,0xce...828d,https://bscscan.com/tx/0x3a812da60c971ff38d887a9af83f996d36ac0ca8786c9d2cf1338c032fc9ed7e
2023-03-22 08:36:42,True,2.546e-10,7.561e-13,3967350000.0,0.03,0xce...828d,https://bscscan.com/tx/0x5c77002074e4f78b3eb63a692fffc837dbb3b13081adf96fe02dc9e8149ed9e0
2023-03-22 08:36:06,True,2.546e-10,7.561e-13,16081263255.0,0.1216,0x54...c241,https://bscscan.com/tx/0x8b82b1b8e89078ad38c21d7637953e8be166b5b0420ebd54243a34a2b4d52200
2023-03-22 08:34:06,True,2.55e-10,7.561e-13,3698556912.0,0.0279,0x13...33a9,https://bscscan.com/tx/0xe2376734088f0f321d9847a8f96a6972f03999bde3c39650706ee01511dea067
2023-03-22 08:34:00,False,2.537e-10,7.523e-13,67635096439.0,0.5088,0xd7...f38b,https://bscscan.com/tx/0x961818c285191bd417a3e86f28c8ec5819db5ac53bb34005f14b6d86fc2d0d79
2023-03-22 08:33:45,True,2.55e-10,7.561e-13,528969000.0,0.004,0xce...828d,https://bscscan.com/tx/0x9da5d24368f51c98ca30789f6cbb55292c74e5edc38f49891b602ef02ef9f22b
2023-03-22 08:20:00,False,2.544e-10,7.524e-13,36716057411.0,0.2762,0x4e...57f8,https://bscscan.com/tx/0x2cd7dcfd35b506cf2ee2eae8adc7f45705c40a579e0d4c2b193fea1523061223
2023-03-22 08:18:54,True,2.57e-10,7.561e-13,9410620491.0,0.0711,0x6f...de19,https://bscscan.com/tx/0xe7c8c67d3b27336a93e6bc51226f023293dbcf8b2095817b853113768df60e32
2023-03-22 08:16:54,False,2.543e-10,7.524e-13,236723300557.0,1.78125,0x05...7066,https://bscscan.com/tx/0x9550db1d125af50ad5444e2a3673126b798b5650228f2cbbcc023d34100a9e88
2023-03-22 08:15:03,False,2.543e-10,7.525e-13,95235411690.0,0.7166,0xb9...3907,https://bscscan.com/tx/0xaa3bc0a0f2e969cadee6b7ed4e73eea1d1f4e7390e3e7ae370ed0037de5d6713
2023-03-22 08:15:03,False,2.543e-10,7.525e-13,230191039015.0,1.73235,0xb9...3907,https://bscscan.com/tx/0x07a6c32ff79a2104f55189ab50dae3414a513c0e5907821dd5ac00a99a4fd546
2023-03-22 08:14:42,False,2.543e-10,7.526e-13,80066395888.0,0.6026,0x6b...57d5,https://bscscan.com/tx/0x390f73b20f8502a81c12693c5c6d98f7e1859bdea366907406fe99feb7a4ed7b
2023-03-22 08:10:42,True,2.569e-10,7.564e-13,13220283373.0,0.1,0xed...8b43,https://bscscan.com/tx/0x2ba917b35a8672cf5be35835a47a6728a5d30904c8b1fa07a5f73af5a4e93152
2023-03-22 08:09:03,False,2.544e-10,7.526e-13,277413018506.0,2.08804,0xb9...3907,https://bscscan.com/tx/0x2531c78a70679a398598f2cd184c66df4278463fa8405fe4676daf8d63e79c33
2023-03-22 08:08:30,True,2.57e-10,7.565e-13,25511644242.0,0.193,0x6a...41d1,https://bscscan.com/tx/0x6453c24609d4ab1cd524605ae8865adfe16768be1505b5df51cd1dadcba535ed
2023-03-22 08:07:24,False,2.544e-10,7.527e-13,307194267683.0,2.31247,0xb9...3907,https://bscscan.com/tx/0x601fd447731bc6b26989fdae4c3e6bc5a144ee8c34fdaea246493cd4eabc2402
2023-03-22 08:06:15,False,2.544e-10,7.528e-13,313558147038.0,2.36071,0xb9...3907,https://bscscan.com/tx/0x76c765977ef63011a61ab58ea54a7ef887d1a92c845dbd855cc636e3feef2b24
2023-03-22 08:06:09,False,2.544e-10,7.529e-13,26060031046.0,0.1962,0xb9...3907,https://bscscan.com/tx/0xbc590c7f884a68bc04424862f40a4b9839e3dd599318f65d8de9419dfbd253c3
2023-03-22 08:06:09,False,2.545e-10,7.53e-13,354943439156.0,2.67273,0xb9...3907,https://bscscan.com/tx/0x0cab5c5c1fbbefe90aa02dcc07c5108cb6418dade0b585966a4c6511ee22ae0a
2023-03-22 08:05:18,True,2.557e-10,7.568e-13,23507605880.0,0.1779,0x84...87ff,https://bscscan.com/tx/0xb9c2778d1243e15894509b433c2710e2551970ccb8b3e497d3f2a1e37aed77f4
2023-03-22 08:05:12,False,2.544e-10,7.531e-13,312730367851.0,2.35519,0xb9...3907,https://bscscan.com/tx/0x30398105652b1df9d2fba3023c48626addae648a9b1dfe98f3acaa3bb74a006e
2023-03-22 08:05:12,False,2.545e-10,7.532e-13,280122066509.0,2.1099,0xb9...3907,https://bscscan.com/tx/0xa841500fded349748717cb72963950acb13d348e7287809af1ed40ca9aefb027
2023-03-22 08:02:57,True,2.568e-10,7.57e-13,41080300000.0,0.3109,0x20...b893,https://bscscan.com/tx/0x3f52b74df6d19a78a73368061459fef5c7e4645ad268bcf1b0bfec17db99e3cb
2023-03-22 08:02:42,False,2.541e-10,7.532e-13,22482689477.0,0.1693,0x6f...dd6d,https://bscscan.com/tx/0x1fade2842b2cae1c55aaa001fba4e27f4907bc7c254d243502454fdd962c5607
2023-03-22 08:01:36,True,2.566e-10,7.57e-13,4033231048.0,0.0305,0xf9...a3ad,https://bscscan.com/tx/0xc38d5dbf54a30acaea9646343e93dbdbf6731cff49078ffdde9d0b1b233326c7
2023-03-22 07:59:45,True,2.552e-10,7.57e-13,10979765812.0,0.0831,0x0b...5f6a,https://bscscan.com/tx/0xb0274fb77418c5290f63945c5cda43ea71eabae6b9738227b9d1f0a06ba920d8
2023-03-22 07:58:42,False,2.554e-10,7.533e-13,352196669074.0,2.65311,0x1e...09aa,https://bscscan.com/tx/0x2eb76b0f5497e407e4234c997ad6f41326e738c4690aa0eefe6adc780835b4d5
2023-03-22 07:58:39,True,2.567e-10,7.571e-13,13343248715.0,0.101,0x9e...444c,https://bscscan.com/tx/0xb58954f729e8e9bc8060430fe43acc165eada361b5c629c13a7e8ca8cbc9d73c
2023-03-22 07:57:21,True,2.566e-10,7.571e-13,6083680000.0,0.046,0xa4...efab,https://bscscan.com/tx/0xd43fe73316e377df320b28f5cd76ae765585fd31a1b752f7f65cda89c04f2167
2023-03-22 07:56:30,False,2.54e-10,7.533e-13,74364617882.0,0.5602,0x3b...5676,https://bscscan.com/tx/0x07ac58c6eed275fef0574f34762da99cd98016de106d22f76da80f8b2cbd19f3
2023-03-22 07:55:48,True,2.553e-10,7.571e-13,3037655815.0,0.023,0x16...25cd,https://bscscan.com/tx/0xe1cc615273eb6b0a1ab486850d8100c394324b238d58cca010876cce84386b57
2023-03-22 07:55:21,False,2.54e-10,7.534e-13,192169282908.0,1.44783,0xa9...1487,https://bscscan.com/tx/0x3c998e0f4d4198cfd2f97675b32e4376eecb5ed3fafbadc3deb8ec8e3ae06267
2023-03-22 07:53:48,True,2.553e-10,7.572e-13,9243640001.0,0.07,0x1d...b6b9,https://bscscan.com/tx/0x778314a45918c0ff72605491e746a6e432cd9bcb30bb6b9a2a8af4f41f461bc8
2023-03-22 07:53:45,False,2.541e-10,7.534e-13,82637688698.0,0.6226,0x74...3063,https://bscscan.com/tx/0x042d7d97fbe4012d7d292837a3e85c0eb941aa061070b20c531b03669d2c8cd2
2023-03-22 07:53:45,False,2.541e-10,7.534e-13,64056420813.0,0.4826,0xa9...1487,https://bscscan.com/tx/0x2baa4490d1e3610d327c28cbcba4b9971187676833564057c742f573ca8d0c28
2023-03-22 07:51:57,False,2.54e-10,7.535e-13,70348842967.0,0.53,0x4d...f04a,https://bscscan.com/tx/0xd228be03a206937f3bb829545779a64684b71a433fcd8948a90d43905858a526
2023-03-22 07:51:27,True,2.566e-10,7.572e-13,23925322693.0,0.1811,0xbb...cad0,https://bscscan.com/tx/0x584a7b2b565b92299473f247f753eaa45098257acb18a82d303aa4c3c30efcd5
2023-03-22 07:49:42,False,2.551e-10,7.535e-13,80977067959.0,0.6101,0x4e...8f38,https://bscscan.com/tx/0xe90fdc8c36e3dedf5e67711a6fe8cc860dfe683d116e882db7786234cce7a95b
2023-03-22 07:42:42,True,2.556e-10,7.573e-13,1980672399.0,0.015,0x80...25bd,https://bscscan.com/tx/0xc9fa642246f20466022b054732890b77814c778d5b000adfefd8135d67f83ac4
2023-03-22 07:42:15,False,2.531e-10,7.535e-13,15653820110.0,0.1179,0xbb...2b61,https://bscscan.com/tx/0x03e4015298c7678142f9deaa1166e61fa60d31220cdd2e37a17b2b153442447f
2023-03-22 07:41:21,True,2.556e-10,7.573e-13,21477043386.0,0.1626,0xf9...54c5,https://bscscan.com/tx/0x9353cbd65e019f5153f0c2e38ab935fa475b70547dc904e03b6c839a3f38ed1b
2023-03-22 07:40:12,True,2.543e-10,7.573e-13,5281810000.0,0.04,0x94...b353,https://bscscan.com/tx/0xeced5e4b907356d4a9422a81c47d28519c30956b3f7b607598ce3e1fdf1f9ecc
2023-03-22 07:39:33,True,2.543e-10,7.573e-13,35516190551.0,0.2689,0xfe...e690,https://bscscan.com/tx/0xcccaa9e62761b4b3ef6673635ab93dffd869fafc3792aefc0cc790f0b3be710e
2023-03-22 07:38:42,False,2.53e-10,7.535e-13,97968358785.0,0.7382,0xe0...b07b,https://bscscan.com/tx/0xeede7374d7070e597db0de4035ef3a193fc7c187b85e571e4ecb84b658b6afd5
2023-03-22 07:35:45,True,2.554e-10,7.573e-13,26408523623.0,0.2,0xfa...63e1,https://bscscan.com/tx/0x8954c5142c95e80e9bd52ef1da1848c19d3c28ce57ab2d79d2c1443637e026d7
2023-03-22 07:35:12,False,2.528e-10,7.535e-13,17099357106.0,0.1288,0x59...749c,https://bscscan.com/tx/0xd3056f3a906be2ed23aa483779eb350d548617ca591cf47d201eab8078e583b0
2023-03-22 07:34:30,True,2.541e-10,7.573e-13,33948556730.0,0.2571,0xf9...9d5a,https://bscscan.com/tx/0xb7970e0025c2dd84589be24dd653ac4e184f188ef3d4fae274d95a81067c65f1
2023-03-22 07:33:24,True,2.541e-10,7.573e-13,18616924119.0,0.1409,0x35...8845,https://bscscan.com/tx/0xcf894f1835c92ddaa2e5ad734bc45565578659f7c93ce20fb96e1615d81da101
2023-03-22 07:33:24,True,2.541e-10,7.573e-13,28385516500.0,0.2149,0x16...426c,https://bscscan.com/tx/0xc4c688ad21e0621753469453867cf826bbb5ebd56f3b386b6dbc9f214bd9b567
2023-03-22 07:31:45,True,2.542e-10,7.572e-13,31645894807.0,0.2396,0xe7...50f9,https://bscscan.com/tx/0x9b5e079419c0e3267fbfa592f458616d6d9984d9c49fe903f33574a92d727c29
2023-03-22 07:30:00,True,2.555e-10,7.572e-13,15845896.0,1.2e-05,0x1a...244b,https://bscscan.com/tx/0x6596a78ab4eebed6f17e2505a2d1aa28d2e0818419184d709ad55e94366935d9
2023-03-22 07:28:36,True,2.542e-10,7.572e-13,13000000000.0,0.0984,0xf9...e611,https://bscscan.com/tx/0xf4ed89845ef9e130bef21bc3ef42f1b23ed8eecce6560a727104e56d6f346e51
2023-03-22 07:28:21,False,2.542e-10,7.535e-13,7915179077.0,0.0596,0x84...b8db,https://bscscan.com/tx/0x31c95556dab296c8544de85af86e1121fd11400f7cd18c8231741681cc4cd217
2023-03-22 07:25:36,True,2.542e-10,7.572e-13,52661947031.0,0.3988,0x3b...110a,https://bscscan.com/tx/0xb02c5449dae6700ee8c5cb79d96a7791a5febae94e6586b3eecf58889fb966c5
2023-03-22 07:25:21,True,2.554e-10,7.572e-13,13205299282.0,0.1,0xf1...fcbf,https://bscscan.com/tx/0xbfddc4b098e03fbe7aeb0a4256f39d07bca35065c586ccc85ecc5a4fae4a0e5d
2023-03-22 07:23:15,False,2.541e-10,7.535e-13,125951400817.0,0.949,0x34...5657,https://bscscan.com/tx/0x9c4a4d803b50fe731243416119c44e12d20cefd0d13c838747d927f5452b6b74
2023-03-22 07:22:48,False,2.529e-10,7.535e-13,7752343609.0,0.0584,0xef...8bf6,https://bscscan.com/tx/0x5dfa517aad175c09a4f1a79f4b38d2c7ec1947415906d734ed814cdc7b751ee9
2023-03-22 07:18:06,True,2.539e-10,7.573e-13,805859992.0,0.0061,0x52...a7d5,https://bscscan.com/tx/0x91054089c7a238a3d107e2297d94d5f011b7fa1f07b0e3d0515a2972e9e0c446
2023-03-22 07:13:30,False,2.526e-10,7.535e-13,1392855201.0,0.0105,0x92...3e99,https://bscscan.com/tx/0x5428ff5659fc4187cab5f086c54c684be26b912e9ff5043b02408350d06fe338
2023-03-22 07:12:39,True,2.539e-10,7.573e-13,548281452.0,0.0041,0xef...498a,https://bscscan.com/tx/0xf92d0d984a97a49ab7fad67437c08519e32af35d79666164f682b1afd9452a5e
2023-03-22 07:11:30,True,2.552e-10,7.573e-13,36410708888.0,0.2757,0xe3...d40c,https://bscscan.com/tx/0xd9db436c8b1d28a7c2dad90a8068f7ba3096dcc7de672ac446bec90877bf1f43
2023-03-22 07:06:21,False,2.53e-10,7.535e-13,431770351075.0,3.2538,0x75...239d,https://bscscan.com/tx/0x333935b66a8e0b2509f141d3732ba84a20fb256f1fef610f432ea89206be387c
2023-03-22 07:03:21,False,2.547e-10,7.536e-13,28548664519.0,0.2151,0x68...f0ef,https://bscscan.com/tx/0x5b4f2f2f5edc85ff2aafa18d91f6ced9458c9ef61c15d44dcae8c72fefd729c7
2023-03-22 07:00:48,False,2.536e-10,7.536e-13,6944072758.0,0.0523,0x3b...bb17,https://bscscan.com/tx/0xf38b13d2eb0c5b0a4ca1f5a6b4d2a45af4014c390f7d0b9bc99c75466d6e974a
2023-03-22 06:52:09,False,2.535e-10,7.537e-13,226553589011.0,1.70758,0x26...7c9a,https://bscscan.com/tx/0x4303fa63de79ef489f67b1054470c9a512d21fa4345686e08a4fb1af92bf500f
2023-03-22 06:51:12,False,2.535e-10,7.537e-13,19212746479.0,0.1448,0x05...8936,https://bscscan.com/tx/0x2761044962349e2f9fc6ae8a71fe10ee9b5ac3d8cd7dc50a9dffa869f2d1d9fc
2023-03-22 06:49:24,False,2.548e-10,7.537e-13,4500000000.0,0.0339,0xed...f5af,https://bscscan.com/tx/0x04c048760ab64466c653455db492af1d9d5f36a0ec7e9803443b96ecbe337909
2023-03-22 06:40:31,True,2.561e-10,7.575e-13,1209507465.0,0.0091,0x5e...2bb6,https://bscscan.com/tx/0xdccaf9c6c8d78ef5da3648063c3ea9ff7b6dbfaeaf2811c3deab8bdae199623b
2023-03-22 06:40:06,False,2.536e-10,7.537e-13,127408612647.0,0.9603,0x39...4812,https://bscscan.com/tx/0xfbae55707039a32a9815b7a52b6a61ee8a6991ab3325f25fafd9994f049535af
2023-03-22 06:38:09,True,2.561e-10,7.575e-13,6731864661.0,0.051,0xc2...6dbc,https://bscscan.com/tx/0x849f569ca16433c7814b26fb153c8d814202cc745f19b3e862d8a03c9500bbba
2023-03-22 06:27:39,True,2.549e-10,7.575e-13,4346885477.0,0.0329,0x65...a912,https://bscscan.com/tx/0xf6cd887a6a5dd8f880384186a71e8683e28c1a7d40ea0b3b772518565bd39555
2023-03-22 06:26:30,False,2.535e-10,7.538e-13,6641266921.0,0.05,0x01...ca1f,https://bscscan.com/tx/0x2a32cef70e2fa1abb0c4216c5191ef096de64bb6699cd9065284ba38dc4e9a87
2023-03-22 06:16:42,False,2.545e-10,7.538e-13,5400000000.0,0.0407,0x0b...b7c7,https://bscscan.com/tx/0x3d99a465e96957932c48bedf2aafae6b249b836720fbbbdfd6bda078e982f444
2023-03-22 06:14:57,False,2.545e-10,7.539e-13,795344458685.0,5.99646,0x64...ab36,https://bscscan.com/tx/0xbdc447621c71092e7d6ea379ba5fb1bf4b21d03830612ff4eaf64b4905c7665c
2023-03-22 06:14:45,False,2.546e-10,7.54e-13,90000000000.0,0.6786,0xcf...ff81,https://bscscan.com/tx/0xd39a13628275ec50ef505fe5fd6dd6bca852e27e2ab9fd7995fbd514df76bda7
2023-03-22 05:52:44,False,2.532e-10,7.541e-13,33647661885.0,0.2537,0xe3...562c,https://bscscan.com/tx/0xc22fc2fe645f670eaf61b4e50375f29c657da3ff2abcce2423f2115c84e2ef45
2023-03-22 05:48:02,True,2.554e-10,7.579e-13,4000000000.0,0.0303,0x72...7115,https://bscscan.com/tx/0x04775488ef355a7a6698d4c2ab410b3aa432c16ef6e94e76940baab2ff224ad4
2023-03-22 05:47:41,True,2.541e-10,7.579e-13,2752400000.0,0.0208,0x1a...5e8c,https://bscscan.com/tx/0x19c424a29c77713ab0ab4dc7542f733ce3c9abc34058c342398a891effe558e4
2023-03-22 05:47:38,True,2.541e-10,7.579e-13,798438593.0,0.006,0xf1...3700,https://bscscan.com/tx/0xcbdb1ba96465c6e7e02d51b622a1122c644494d1860ea030ddd47af914d194c8
2023-03-22 05:47:11,False,2.541e-10,7.541e-13,281719745227.0,2.12464,0x0c...fa3c,https://bscscan.com/tx/0xaae249b0a141286683439992781ef600f41386af1613cfd9b7e9a07e66842195
2023-03-22 05:44:11,True,2.551e-10,7.58e-13,10625516019.0,0.0805,0xb8...c69e,https://bscscan.com/tx/0xf429caa961a854fad6aab42449dc9f6c88ed89403123f3a69b3633b5c45d2974
2023-03-22 05:43:50,False,2.539e-10,7.542e-13,40226495181.0,0.3034,0x18...cd88,https://bscscan.com/tx/0x4ad52315a485848ceca5fea28beaa067f0a7ffd0e5953f92fb09c102c0490f46
2023-03-22 05:37:56,False,2.527e-10,7.542e-13,11498993001.0,0.0867,0xeb...96f0,https://bscscan.com/tx/0x6fba06f92b0be67fd1986baadeeb60529467032064980036e64c1259a17b730b
2023-03-22 05:37:47,False,2.527e-10,7.542e-13,99425124939.0,0.7499,0xa2...caba,https://bscscan.com/tx/0x3d3f4711699548dc021d1d1d5ccbf4656dcccd2da2f182e0e45c459a0328051e
2023-03-22 05:35:59,False,2.528e-10,7.542e-13,33065767882.0,0.2494,0x0e...0317,https://bscscan.com/tx/0x7394359d44d5d8542ad6751b8c897c9dcc73a53ede43113e92a3d156a92bbda5
2023-03-22 05:33:11,False,2.54e-10,7.542e-13,9000000000.0,0.0678,0x4d...7194,https://bscscan.com/tx/0xfc93d8d8cefdb9c8c3e834f4eae767dfe44e837b5af01ab2ff3be74b5ec85ee4
2023-03-22 05:32:59,False,2.527e-10,7.542e-13,17208982315.0,0.1298,0xfd...3943,https://bscscan.com/tx/0xd36f652ccb0a55e351ade5071423262fd24b33582e4bd9fb9aa86c5e0888bf1a
2023-03-22 05:29:41,False,2.526e-10,7.543e-13,98937281690.0,0.7462,0x5d...abd4,https://bscscan.com/tx/0x4ab498586ef3c6b6094f0a72fbe1955413f9f58451c3bd4b8bd32a65cbed32b8
2023-03-22 05:28:44,True,2.54e-10,7.581e-13,5570882963.0,0.0422,0x6a...dd77,https://bscscan.com/tx/0x6d8b5c41251716f158611b2594c5ae98b2083ef7c783046f0f18682988b15e03
2023-03-22 05:25:08,True,2.54e-10,7.581e-13,3290000000.0,0.0249,0xf2...884c,https://bscscan.com/tx/0x821216b9001a1fb9bad3f357fa954be72f754074b13814fc408a9ce0d979abf0
2023-03-22 05:24:29,True,2.54e-10,7.58e-13,100252723429.0,0.76,0x21...42cb,https://bscscan.com/tx/0x6900fe9e72feb3246eca631af87f6dc334075416af461c79cb0444cee2fa3e17
2023-03-22 05:24:14,True,2.553e-10,7.58e-13,1319145164.0,0.01,0xdd...4b08,https://bscscan.com/tx/0xc15a5e42fe2b4da137f038af28d3ec36ee0a12fc677b811c1adfc76ab473ed16
2023-03-22 05:22:47,True,2.553e-10,7.58e-13,3218156881.0,0.0244,0xe5...ed28,https://bscscan.com/tx/0xfa09659e5eea103b271f168627df8b0ca36395d9339c611db0c06517f69784c0
2023-03-22 05:19:14,False,2.526e-10,7.543e-13,506107897908.0,3.81791,0xb9...3907,https://bscscan.com/tx/0xfb206fcbf68d1eb6029555444368d7c9ee88cdb80329c43168d945c708a6cc5b
2023-03-22 05:19:08,False,2.528e-10,7.544e-13,108211984691.0,0.8164,0xb9...3907,https://bscscan.com/tx/0x2608403b452e6abccda513bb3550564027624f4d4d028844bd961fbe52af6142
2023-03-22 05:18:44,False,2.537e-10,7.544e-13,17362441325.0,0.131,0x07...64a3,https://bscscan.com/tx/0xddfdb25125c6149a06b69325c11b463e82a48dcbe9ee4f12e1bfdb42a99947fb
2023-03-22 05:13:11,True,2.549e-10,7.582e-13,9235381561.0,0.07,0xf3...c2aa,https://bscscan.com/tx/0xf17af8663164eac5fdb377634f238c3b87ba081dcbb4baf8396ce4ccf613a6e6
2023-03-22 05:09:14,False,2.52e-10,7.544e-13,3956505475.0,0.0298,0x9f...772d,https://bscscan.com/tx/0xa14478788cc8a008a2b9db62ea2cadbd804a766d1600b4d8f2688c2d4f40e12e
2023-03-22 05:01:50,False,2.52e-10,7.544e-13,5397241185.0,0.0407,0x44...0b6b,https://bscscan.com/tx/0x62c56a8b2ceeef1620ecabdb2a9da962a41f4e07f4e2a823af9028e76985f305
2023-03-22 05:00:44,False,2.534e-10,7.544e-13,1308040303.0,0.0098,0xa2...7f7b,https://bscscan.com/tx/0x9f40171a14ffd6ef285979aab5a8c3cf1d77543f37e441105cff6b5121037ee8
2023-03-22 04:59:26,True,2.547e-10,7.582e-13,72533505422.0,0.55,0xc1...ef45,https://bscscan.com/tx/0x12410e9a5aebf1d61412f0f7ab68219b347b3b7e02d72d376b67bda059cdd19d
2023-03-22 04:58:04,False,2.521e-10,7.544e-13,13499116732.0,0.1018,0xc8...99b6,https://bscscan.com/tx/0xf8584b1803d1f77626b9b6e7808a52674472cf292a40efca067bc7fcfe3888c6
2023-03-22 04:56:31,False,2.522e-10,7.544e-13,11622273623.0,0.0876,0x48...52f8,https://bscscan.com/tx/0xc11e3f34ebdfec659570108b6c2e746ce20fc1f385b2e44dd5915a67db8e996b
2023-03-22 04:53:28,True,2.535e-10,7.582e-13,32819867431.0,0.2488,0xa5...591e,https://bscscan.com/tx/0xabc62797c89728971d3873b1d9a2a709732e298884f1f67aadcaedf51f9b5ced
2023-03-22 04:52:55,False,2.523e-10,7.544e-13,9066664829.0,0.0684,0x9e...885b,https://bscscan.com/tx/0x1e483a7c529116346c58fa98e3d47dfe63cb9c50ef34ea3f5fcc4da6f331143b
2023-03-22 04:50:31,False,2.536e-10,7.544e-13,55306915782.0,0.4172,0x46...b442,https://bscscan.com/tx/0xd16540fedb866d3fdcdcfbabb1a57a84caac755e796d3f33442583b8172086e7
2023-03-22 04:49:25,False,2.523e-10,7.544e-13,1327693423.0,0.01,0x77...1b79,https://bscscan.com/tx/0xa08e862d4b0fab663271350adbb809751d30c4a821bbf2c325f2edef1d685a2a
2023-03-22 04:48:22,True,2.548e-10,7.582e-13,1186900609.0,0.009,0x84...5ef2,https://bscscan.com/tx/0xa653cb894fcac8a8773becb357271f4031d81716d5300762591007e0fbd30dc9
2023-03-22 04:47:58,False,2.536e-10,7.545e-13,61714199597.0,0.4656,0x72...b22e,https://bscscan.com/tx/0xa57c2c4141721a80664bfed8a5a6afba4de5237617234345df21e40b011146f5
2023-03-22 04:43:26,False,2.523e-10,7.545e-13,21681147465.0,0.1635,0x0d...6202,https://bscscan.com/tx/0x04a699dfe901ac36b410cdae467917ec09c96a425abdff7389547b7b630714bf
2023-03-22 04:43:18,False,2.523e-10,7.545e-13,4951237666.0,0.0373,0xc0...0e07,https://bscscan.com/tx/0xf1d56b540db3f1372723419361cb077a383e719922146df33c04cf1d12f4f47a
2023-03-22 04:40:58,False,2.536e-10,7.545e-13,4770149034.0,0.0359,0x8a...e0a2,https://bscscan.com/tx/0x9aee641e283d1663acaf28a7d8e12bb1fd31856f7a62b7683b1f012f5290c218
2023-03-22 04:39:05,False,2.524e-10,7.545e-13,14400000000.0,0.1086,0x41...f96a,https://bscscan.com/tx/0x91ec76ff5b665c3a69df196fd073dd664b3ed15577ecb1cc78c2f684017f62aa
2023-03-22 04:37:38,False,2.537e-10,7.545e-13,4500000000.0,0.0339,0x36...a0ee,https://bscscan.com/tx/0x1dea88bd9d8e103229254bcd53a93fc6d38e7bdfa59771d116957f6c88350e4a
2023-03-22 04:34:44,True,2.551e-10,7.583e-13,11000000000.0,0.0834,0x59...f7d7,https://bscscan.com/tx/0x946e05f7ee88e59d6a68bfb01f38ea5c7dc6538c25c987ab7c46145a11bd0562
2023-03-22 04:33:29,False,2.538e-10,7.547e-13,1038532494511.0,7.83783,0x4e...671d,https://bscscan.com/tx/0x4e68953b1bf456076fdc6afc7ed7ce415c833fc2d1991a78c2bb21e0252cb552
2023-03-22 04:32:05,False,2.537e-10,7.548e-13,1405915698.0,0.0106,0x24...a179,https://bscscan.com/tx/0x5705415d6113d77baaae74b6daa688bc94f818b312c2227616ce41aad9ea5cdf
2023-03-22 04:31:20,False,2.525e-10,7.548e-13,17405547156.0,0.1313,0xa6...9420,https://bscscan.com/tx/0x3a5637f0cce9d346fc4285eff2fc3f3633df9462950ebeeeb48e28a53d31f64d
2023-03-22 04:31:14,False,2.525e-10,7.548e-13,68046863417.0,0.5136,0xc3...0e0a,https://bscscan.com/tx/0x4a8dbe395e33f540e7d4dda2b506e03e7ee3df3f215cf06fb35d88f28fdfc112
2023-03-22 04:30:26,False,2.525e-10,7.549e-13,275317622484.0,2.07853,0xd8...975f,https://bscscan.com/tx/0x6c576a35656590442635340951091ae890851dab42f4b65ea36c2f01d9079bd1
2023-03-22 04:30:08,True,2.55e-10,7.587e-13,5841410001.0,0.0443,0xb0...5e8a,https://bscscan.com/tx/0x57038732f24f3b953c2bb2a10eae088e24872165f005b8e9370f050041252fe5
2023-03-22 04:29:17,False,2.537e-10,7.55e-13,6641981278.0,0.0501,0x1b...eb82,https://bscscan.com/tx/0x57328298ed5072680d6951d53144777bf2f15e8c2c1803a9e94ecdb463e1bf8d
2023-03-22 04:22:41,False,2.528e-10,7.55e-13,27940299494.0,0.2109,0xd5...f1e4,https://bscscan.com/tx/0xaab25dbc107625b051882d1d80d81b833e4238be23b6e9d94c424057ed395dde
2023-03-22 04:17:47,False,2.539e-10,7.55e-13,11568594134.0,0.0873,0x94...e975,https://bscscan.com/tx/0x014c81f77f55469378ff5c8583c61254e8a3b97c43fa461baab286c8d90d63c2
2023-03-22 04:14:38,True,2.55e-10,7.587e-13,84062281142.0,0.6378,0xc5...f75c,https://bscscan.com/tx/0x49e7de5d997cee29bcd60d608973106822bc8984b7d835cb9d41b598d6a06b9a
2023-03-22 04:14:02,False,2.537e-10,7.549e-13,25028107835.0,0.1889,0x3b...37ce,https://bscscan.com/tx/0x047bc00241071e277f92d9a2cf6c359e03db9e6590ae89d58f89b5a1e23d7b04
2023-03-22 04:12:47,False,2.525e-10,7.549e-13,6440362095.0,0.0486,0x27...98da,https://bscscan.com/tx/0x502cc787c22dd36af31c02fef5414259421b870f8205413a192144e45b60b4c4
2023-03-22 04:10:08,False,2.538e-10,7.55e-13,9796926802.0,0.0739,0x1f...4f44,https://bscscan.com/tx/0xa475bcfb1e741db8bc3fea7cda23a15b60de4709a6742785056ffbfd6a894407
2023-03-22 04:10:02,False,2.538e-10,7.55e-13,9557752049.0,0.0721,0xac...d490,https://bscscan.com/tx/0x1580ca6bf2cd03a4eda689fcdf852d076cd79d0a2e531992096c531f87f7173d
2023-03-22 04:00:56,True,2.549e-10,7.587e-13,935543.0,7.098e-07,0x57...3211,https://bscscan.com/tx/0x0b0a90ddac58986b2a8e71b4fac24af1e0e1b6d3205c4f77255ff9bb30c86789
2023-03-22 03:59:35,False,2.522e-10,7.55e-13,413664043264.0,3.12348,0xb1...f7f9,https://bscscan.com/tx/0xeff15f054ebfe8c58ecfd81af8f650c1dcaf3312d2bfc0ff93429c565b876dd4
2023-03-22 03:59:17,False,2.523e-10,7.551e-13,185112790384.0,1.39793,0xe0...ab27,https://bscscan.com/tx/0x1ead36280a87580ef014e0b0f42a415e056471b59b348d750fa88fba1c9f915a
2023-03-22 03:58:50,False,2.523e-10,7.552e-13,69672346278.0,0.5261,0x05...7066,https://bscscan.com/tx/0x91c6bb5fcb5f0a5b2459f5c36aad7af8e4a8e1ab6094d5a77e557f06f0e8bd36
2023-03-22 03:56:38,True,2.536e-10,7.59e-13,1000000000.0,0.0075,0x29...588d,https://bscscan.com/tx/0x03b9a21bee7c6bff641e123f17ee34e12a60c7c9f4f3821360582eb621332b55
2023-03-22 03:53:53,False,2.535e-10,7.552e-13,77692620740.0,0.5867,0x6c...17cc,https://bscscan.com/tx/0xd3542f07ce24656e9f6b10ed18d69fd8dab469c5cf568fff13da6c158d8ff978
2023-03-22 03:53:50,False,2.535e-10,7.552e-13,9131049172.0,0.0689,0x9a...99fa,https://bscscan.com/tx/0xfad17782d3f9284bd5eb78cdaf8de81ee3a9a6cfdff98f96ebf724f84b57dfbb
2023-03-22 03:53:26,False,2.522e-10,7.552e-13,167709419967.0,1.2667,0x52...3c35,https://bscscan.com/tx/0xb5531dd0fc0daea999ef7a69f45b5b1a8e027c690253d751c530a4ac8764728a
2023-03-22 03:52:59,False,2.522e-10,7.553e-13,18022899323.0,0.1361,0x1b...e219,https://bscscan.com/tx/0xc63100b93cd7cb0dde22084fd53b1dfa13ab43369b0624f43e066b30b7103710
2023-03-22 03:50:50,False,2.522e-10,7.553e-13,1014432024.0,0.0076,0xf2...99ce,https://bscscan.com/tx/0x8a5f501ba8a23cc8fdc639a19a829e5c5e0f0749d0e0cf83ebad98326ef3b184
2023-03-22 03:48:35,True,2.547e-10,7.591e-13,7227156667.0,0.0548,0x7c...55ae,https://bscscan.com/tx/0x8f8859ce401aa3a1077bfd33dcab70256df18b142abbf8ab10286fef4a8f0438
2023-03-22 03:45:23,True,2.546e-10,7.591e-13,3072890000.0,0.0233,0xe3...303b,https://bscscan.com/tx/0x1ed865242e57f687c96cdd013bbdad8a16dec24b6ffa77753582fb19f6709708
2023-03-22 03:40:56,False,2.534e-10,7.553e-13,4500000000.0,0.0339,0x49...e2e4,https://bscscan.com/tx/0x0f23c5cc8a8731ca04fddcfcb0f1dd1f697f70a5ab0b90ea08d1d3bfa100ccff
2023-03-22 03:39:56,False,2.521e-10,7.553e-13,66491147714.0,0.5022,0xd6...0540,https://bscscan.com/tx/0x717515c0dabb98bd8fae319c0488ad8c5be7e7794922f62de92c02c37e41a15a
2023-03-22 03:38:53,False,2.533e-10,7.553e-13,4226255513.0,0.0319,0x32...5908,https://bscscan.com/tx/0x0af880a07e329ae30e99374c03c0423072d01b3c31b4781da725a41d352ccd5f
2023-03-22 03:24:14,False,2.52e-10,7.553e-13,45000125415.0,0.3399,0x14...3de5,https://bscscan.com/tx/0x85aa0e59d288d375cc845dd3caa35d11b5e1d982084aca54f09644c3c0ff2038
2023-03-22 03:23:23,True,2.545e-10,7.591e-13,9556513333.0,0.0725,0x87...ea58,https://bscscan.com/tx/0xb923989188a08a7a3ec88f2d3cf2069b74a178c495e92de1200f8da8ac710db0
2023-03-22 03:22:38,False,2.518e-10,7.553e-13,4597373630.0,0.0347,0x45...aca4,https://bscscan.com/tx/0x6856096d78181f5f53a5785c71b6f696a7b7460953a9a5ebd283fd2642105186
2023-03-22 03:16:06,False,2.53e-10,7.553e-13,89313663396.0,0.6746,0x5d...6850,https://bscscan.com/tx/0xa3cc156b3de7b585df8b8ac8751380aed8242e987defb778134fbe44f72a5f5c
2023-03-22 03:14:15,True,2.531e-10,7.591e-13,2468903637.0,0.0187,0x38...e79b,https://bscscan.com/tx/0x84885146dfa78dcdaede20acb5384473715cada26c5928ebcc75b69b4e915853
2023-03-22 03:12:39,True,2.543e-10,7.591e-13,5722623950.0,0.0434,0xbe...9b24,https://bscscan.com/tx/0x1156ac7737dd23e9a6e4c572e21d9fe2c6020ea0b5ecd06a85c6145b395c455f
2023-03-22 03:09:27,False,2.531e-10,7.553e-13,9813298319.0,0.0741,0x20...2766,https://bscscan.com/tx/0xfd001f017fe828e06b6fd096e6ecc113d31fd2e0a2f66d963be81d15f09a8234
2023-03-22 03:07:45,False,2.518e-10,7.553e-13,19060572559.0,0.1439,0x8a...9fac,https://bscscan.com/tx/0xfde15b43235ccbb4244008986a29660da78feae9b41360a6d39963f59596f296
2023-03-22 03:06:51,False,2.53e-10,7.554e-13,45000008954.0,0.3399,0x14...3de5,https://bscscan.com/tx/0x83721ad93d56203f2674eea26a5f7b93ee6b0ad9a0b207eaafe0b4b37dcffb22
2023-03-22 03:03:18,False,2.516e-10,7.554e-13,81000063230.0,0.6119,0x14...3de5,https://bscscan.com/tx/0xf30b99bded9d91a0c1d028f581ceb16bfe3edf4924850b85b7235a1843e964c3
2023-03-22 02:58:24,True,2.529e-10,7.592e-13,5015705732.0,0.038,0xbb...bd19,https://bscscan.com/tx/0x07146baec9864979896214b00a8711636b43dab4cc6779b1c7c84d17a457e506
2023-03-22 02:57:24,False,2.516e-10,7.555e-13,357300000000.0,2.69942,0x21...0b01,https://bscscan.com/tx/0xf4604f8205f5f44d5bf35aa2f3b8eb4658afc2f0b00ee2634c7678e7073db35c
2023-03-22 02:57:18,False,2.516e-10,7.555e-13,180900000000.0,1.36687,0xb5...19c8,https://bscscan.com/tx/0xf950745d311f3a9937777c77d8637b36ff70934e0424f5ba6129fd5baabc02ce
2023-03-22 02:57:15,False,2.516e-10,7.556e-13,2359191399.0,0.0178,0x14...3de5,https://bscscan.com/tx/0x9505e081d4df03940ea445e9f8663949b4229635e3d5e161f58a5a9588fce751
2023-03-22 02:57:06,True,2.542e-10,7.594e-13,4100000000.0,0.0311,0x26...14a6,https://bscscan.com/tx/0x8553bf82f0597f46bd446c50987a5ccd32d802b9aaf1aa0f9c531151a160b661
2023-03-22 02:54:45,True,2.542e-10,7.594e-13,460000000.0,0.0034,0x26...14a6,https://bscscan.com/tx/0xda62a45cc2113f67335704f4eafe561383bd400da20de2e993e9a27ee0502ec3
2023-03-22 02:53:03,True,2.542e-10,7.594e-13,20448444088.0,0.1552,0xbb...bd19,https://bscscan.com/tx/0x6d0084a4bc7a90c9f2f529e7eaf07033e12bb53c66b7b272662e60d1bae0e453
2023-03-22 02:47:30,False,2.511e-10,7.556e-13,18000082145.0,0.136,0x6f...9621,https://bscscan.com/tx/0x089e8facce7ff76b0580f964e522538e5ad2a17e9e4674633135b7dfb2b76aea
2023-03-22 02:45:42,False,2.508e-10,7.556e-13,24342396969.0,0.1839,0xbb...bd19,https://bscscan.com/tx/0xc82cffc5c506d2ae2809946113a2213ba264af806298fa83e22667b464e288a5
2023-03-22 02:43:48,True,2.532e-10,7.594e-13,9771750646.0,0.0742,0x84...b8db,https://bscscan.com/tx/0x47931f219acadc18ea1d557204e33407f6b1e616fa46b59f749326e37f39409f
2023-03-22 02:42:06,True,2.52e-10,7.594e-13,10644032539.0,0.0808,0x05...2971,https://bscscan.com/tx/0x8708af79fb9430d109f1b40bb09a7f4582f1c3f9022a9d2e53cf91f42791fa55
2023-03-22 02:40:48,True,2.519e-10,7.594e-13,500000000.0,0.0038,0x0c...18ad,https://bscscan.com/tx/0xbcd47852aef253cd1d5784120ae8f2dac719a33d0cbb1365dc2cc76073b00b86
2023-03-22 02:37:09,True,2.519e-10,7.594e-13,4381080001.0,0.0332,0x81...1193,https://bscscan.com/tx/0x04fa6aee91cffd0d4a0c7b160c3753e855b314bdf92f0893bbbce366d52933a9
2023-03-22 02:32:51,False,2.519e-10,7.556e-13,9064008227.0,0.0684,0x6d...7966,https://bscscan.com/tx/0xd3f423aca35a79b55a77821e96779aa0f1f15cca8a2d7552f5f64537d7c15266
2023-03-22 02:30:57,True,2.531e-10,7.594e-13,5814387998.0,0.0441,0x59...c421,https://bscscan.com/tx/0x7a091a1d2a175a6f9ec73fe0967da53e143fd6ca867da93e018056df95b7235f
2023-03-22 02:22:56,True,2.517e-10,7.594e-13,2474387550.0,0.0187,0x6e...629e,https://bscscan.com/tx/0x4826610e822e028d00b10e907e4f4ed2809da607b5a3d2a23e2b29b8f343ee3d
2023-03-22 02:22:47,False,2.504e-10,7.556e-13,31140907138.0,0.2353,0x60...504b,https://bscscan.com/tx/0xa69dcf7c7a06f8e73ca48c4e69cb8c16980998ffb35bebdfd180adc2221357ef
2023-03-22 02:20:41,False,2.517e-10,7.556e-13,62056389240.0,0.4689,0x21...7793,https://bscscan.com/tx/0xf4abcd5af49600bb54d0c2a293a6e9839c53d4c74556470adbc0979b377f8fb0
2023-03-22 02:16:56,True,2.53e-10,7.594e-13,796138860.0,0.006,0x73...e0a1,https://bscscan.com/tx/0x5c3af7511ed94e6b683e9132210b5a86be5f689cb32cd88f82287cd1f9ba395b
2023-03-22 02:11:38,False,2.519e-10,7.556e-13,29216375053.0,0.2207,0x4b...39a0,https://bscscan.com/tx/0x62bb01912346a63c8266478827907b0295be86ae0e689c0625b4c98780e23333
2023-03-22 02:08:59,True,2.531e-10,7.594e-13,7883000000.0,0.0598,0xa7...86e2,https://bscscan.com/tx/0x740bdf820ff6985e7158f8424bffedafb94d6f6b6e5546d29b82f73c22e7d130
2023-03-22 02:07:26,True,2.531e-10,7.594e-13,5069926594.0,0.0385,0xc0...4d52,https://bscscan.com/tx/0x9bfc47fb459caab7562552a5944bd9b5e59013b66216847868eccb84348f498a
2023-03-22 02:03:17,False,2.506e-10,7.556e-13,1668254596.0,0.0126,0xca...8a9a,https://bscscan.com/tx/0xa3a198e44109ec0fa6c5623544b5d6a4f81c523afc9b45cc10a43e79f0bd5c86
2023-03-22 02:02:32,True,2.518e-10,7.594e-13,2418452160.0,0.0183,0xbb...2b61,https://bscscan.com/tx/0x465bc8e677cf3d0eb6015d2eae38ddcaab5570dd04418bfd8f59fc542c5c1437
2023-03-22 02:02:08,True,2.531e-10,7.594e-13,10064195552.0,0.0764,0xbb...2b61,https://bscscan.com/tx/0x2342b4c4821d5eaf32372f66ae76a477ffd1c530f0c326e17a40b7779a44e69b
2023-03-22 02:01:02,True,2.532e-10,7.594e-13,6842901641.0,0.0519,0xbb...2b61,https://bscscan.com/tx/0x06cc72a270721fe03b26437705316af7f7f63cd2d52294279cf34cfd06870b35
2023-03-22 02:00:17,False,2.517e-10,7.556e-13,37269713735.0,0.2816,0xaa...c9aa,https://bscscan.com/tx/0x8e74918340b4e2378b0eeb5b817f4f43852ef5a58b351be50f2518df32549e9f
2023-03-22 02:00:05,True,2.517e-10,7.594e-13,427902055.0,0.0032,0xc9...676f,https://bscscan.com/tx/0x5a0f29d76905dee0bb1723fb45244943aa02e7394986734979b9c15243315f0d
2023-03-22 01:59:59,False,2.505e-10,7.556e-13,7320836195.0,0.0553,0xf3...ed23,https://bscscan.com/tx/0xa9ba8170c59827abdb6d3b614d90a48dfb299d7aed5542f0b820c6b3e4450c25
2023-03-22 01:59:20,True,2.53e-10,7.594e-13,26259866966.0,0.1994,0x14...5136,https://bscscan.com/tx/0xb789211ec17b04df852d8223608ce740704919511474e9a246f37cc5bdc265c5
2023-03-22 01:58:26,True,2.517e-10,7.594e-13,7900400001.0,0.06,0xb3...42ac,https://bscscan.com/tx/0xbd47870bbe986991b8acda1fcc8709e15f227bf3f2e58deed07f34dd93906829
2023-03-22 01:57:32,True,2.529e-10,7.594e-13,3950214048.0,0.03,0x33...cd2b,https://bscscan.com/tx/0x9d75df31eea02f556af8aeba8358aaee26b59ac99db669c3c5ce8d7ab3c41019
2023-03-22 01:55:29,True,2.529e-10,7.594e-13,8936258354.0,0.0678,0x72...4994,https://bscscan.com/tx/0x5a8955ab04a24549a27b3a5ee12eb5cecadc6e03c2513511b050f62b19c1c5fe
2023-03-22 01:52:44,False,2.52e-10,7.556e-13,5291959104.0,0.0399,0xe2...962e,https://bscscan.com/tx/0x17d4375dc3504598548b208e9b414befe07bb2a00e675a27da370f5da244fd52
2023-03-22 01:49:02,False,2.519e-10,7.556e-13,5341646652.0,0.0403,0x8f...dde4,https://bscscan.com/tx/0x23ffbca5747a168568bfaaf24b1b47c6bfc032e6f8235272d8591db9bacd38de
2023-03-22 01:48:02,True,2.519e-10,7.594e-13,1991433041.0,0.0151,0x25...37b6,https://bscscan.com/tx/0x93382bf6e0f1aef2b00dce571215b8f83de5f090c9d55edd3446d7165ef27c62
2023-03-22 01:47:32,True,2.531e-10,7.594e-13,12439559022.0,0.0944,0x0f...02d6,https://bscscan.com/tx/0x95c7960a8823c590f699813eb158ef3229c65e3ff564f7a8a9d46fcfa890f6f4
2023-03-22 01:43:53,True,2.532e-10,7.594e-13,721052569.0,0.0054,0x15...4042,https://bscscan.com/tx/0x781c9c28dc3fbff20d2675041136b4dd3bdc1490009c5d2325b19a6f2d819d9b
2023-03-22 01:35:35,False,2.515e-10,7.558e-13,1422897002761.0,10.7557,0xdc...b9e0,https://bscscan.com/tx/0x4aff52683cb6f8f676bdc483520e975234b6c205bccb212a20974ace548f5214
2023-03-22 01:32:59,True,2.544e-10,7.599e-13,13159019693.0,0.1,0xff...3524,https://bscscan.com/tx/0xc37cd27f4b69e52a022a6f8f6f13ea65409456182bfd260992b8afc39211135b
2023-03-22 01:32:41,True,2.546e-10,7.599e-13,15658488500.0,0.1189,0x59...f7d7,https://bscscan.com/tx/0xe8cac4cb7795916a0904a224c6c3a448ad854f98a49d5e364d5ca24a6b6a371a
2023-03-22 01:32:26,True,2.546e-10,7.599e-13,67960788451.0,0.5164,0x8a...3d9e,https://bscscan.com/tx/0x9b8cc7bc2c041eb009fb17f3bdb93fbfa45855f89c9057fa2bb4b2cc5a14cfb1
2023-03-22 01:26:41,False,2.534e-10,7.561e-13,7530852305.0,0.0569,0xe7...bfea,https://bscscan.com/tx/0x4e1772f5406763e4012a0d95da98698a00a7074aa71a2f1caa5f8c202110160d
2023-03-22 01:25:53,True,2.547e-10,7.599e-13,9750000000.0,0.074,0xc9...dfc2,https://bscscan.com/tx/0x3782734b1661a4a8e7bbbaf97921fd9112b82a2371a81fd5b36947a8d100cb3e
2023-03-22 01:23:50,False,2.523e-10,7.561e-13,9000327468.0,0.068,0x6f...9621,https://bscscan.com/tx/0x208d15c0c888b427069f315aa13399d78dd9634ea176a04d1f7055a075439256
2023-03-22 01:15:38,False,2.535e-10,7.561e-13,178207200000.0,1.3475,0xd0...d477,https://bscscan.com/tx/0xf2075256ea3968bb455aeb298951f78567be7d30975f7d035de853d046052325
2023-03-22 01:14:59,False,2.535e-10,7.561e-13,35090857327.0,0.2653,0x63...4b16,https://bscscan.com/tx/0xa115134e9d54d88435f2d673319cd958e3873db971780cedf099e24665e59b22
2023-03-22 01:12:35,False,2.535e-10,7.562e-13,187151227787.0,1.41527,0x63...4b16,https://bscscan.com/tx/0xd6ac05ab647f9e8631cca70f5ae52b4479f12244cae7299664c4f27719f5bd98
2023-03-22 01:12:08,False,2.535e-10,7.562e-13,30435302485.0,0.2301,0xa3...1250,https://bscscan.com/tx/0xf79b8e93089e43513c8d0c420bfb1d6b531402bfff253af5f2befa4c08a39c6b
2023-03-22 01:08:53,True,2.548e-10,7.6e-13,105737456743.0,0.8036,0x50...2192,https://bscscan.com/tx/0x63875a27445f3754bc4452a057a9f11ec91dab8ecf7e0f5fc6148b417e45d56d
2023-03-22 01:08:47,True,2.548e-10,7.6e-13,5263038409.0,0.04,0x1d...94ba,https://bscscan.com/tx/0x3aa484f976b8cf60750599fe4bad9ea9548461e63aff868e1e6cf83cedee4d7a
2023-03-22 01:08:11,False,2.536e-10,7.562e-13,10411337953.0,0.0787,0x6e...47ca,https://bscscan.com/tx/0xd65f755e7ff64af6df9f489b4fe3a66a181bb853a51fd2ea489d0a361b97c516
2023-03-22 01:04:50,False,2.523e-10,7.562e-13,1351357108.0,0.0102,0x3a...b013,https://bscscan.com/tx/0x34f3ab1d7d85e5bcc2dbaa863596e9fb6119caa19a098dd38f0c37569b27e81f
2023-03-22 01:04:41,True,2.536e-10,7.6e-13,263150847.0,0.002,0x2d...1d1a,https://bscscan.com/tx/0xd8ed7a3035a835bc5bd2bc10352db9930807be4a5389bb006383813ac4ca218e
2023-03-22 01:02:29,True,2.535e-10,7.6e-13,2100000000.0,0.0159,0x09...38d5,https://bscscan.com/tx/0xc0fdacedb88e075f623aba68e3f4d597078cb2d48da28c6b00742a697caba43b
2023-03-22 01:00:47,False,2.534e-10,7.562e-13,39907374596.0,0.3017,0xa6...9f6b,https://bscscan.com/tx/0xa54933002406c875b8ca88cda10be4f4ea4e97f90b3688d222fdca437e8c6e6d
2023-03-22 01:00:23,True,2.534e-10,7.6e-13,17100500000.0,0.1299,0xa0...5aed,https://bscscan.com/tx/0xa4869092d411fa12d6b26a09b6c31b107cff5a294d6b545b57b6851e70d9974b
2023-03-22 00:58:41,True,2.546e-10,7.6e-13,25313487498.0,0.1923,0x67...39a5,https://bscscan.com/tx/0xe8e76663e5b901f231b14529019bd653ceb9c9fa4ee145f29fcb15aec9221489
2023-03-22 00:58:32,False,2.534e-10,7.562e-13,1381141686.0,0.0104,0xa0...961b,https://bscscan.com/tx/0x963685fc5c9eefcadccb19d368c23cf1bc2c94ca6eeda6160557830665600a91
2023-03-22 00:58:29,True,2.546e-10,7.6e-13,3947227703.0,0.03,0x47...3c2b,https://bscscan.com/tx/0x934c15bb458a4856cbc93f6aeec51ec6e362b01625617534958a9aaf4685ff61
2023-03-22 00:57:20,True,2.547e-10,7.6e-13,6790410000.0,0.0516,0x6a...c39b,https://bscscan.com/tx/0x2b68b3abc81eada9a2d187714ac176a1e126b2b84b878176b7409a4f696069cb
2023-03-22 00:56:50,False,2.534e-10,7.562e-13,7699645662.0,0.0582,0x3f...c1fb,https://bscscan.com/tx/0x8442141aea53a7c08595a9dd071ac84a134f91c25a3a21a76bac29090a47827d
2023-03-22 00:55:41,False,2.534e-10,7.562e-13,1800099061.0,0.0136,0x18...8f77,https://bscscan.com/tx/0x4a6bc5debbdba036e60aa3a1fdae57aa0d677acd2355f800f60f0ad39587ba50
2023-03-22 00:55:08,False,2.539e-10,7.562e-13,218730153100.0,1.65417,0xd7...70da,https://bscscan.com/tx/0x6c8dc55e2b4efc3cd3e665298ad0e07c1a605eaa89f63c4641f923763d9c17dc
2023-03-22 00:54:41,True,2.551e-10,7.6e-13,33000000000.0,0.2508,0xcb...29fe,https://bscscan.com/tx/0xf48d0d20517d8ea6c6c5fffc7ed0fe09a4c4f71b90f186366e5d97e1bd91eb34
2023-03-22 00:53:35,False,2.537e-10,7.562e-13,9008024814.0,0.0681,0x60...63dc,https://bscscan.com/tx/0xb48366dd11da15ce1e752eb881cf2cf671b0866f1004db1db83abda7532a100b
2023-03-22 00:53:23,False,2.537e-10,7.563e-13,91843859889.0,0.6946,0x43...6e16,https://bscscan.com/tx/0x8ead087c441404d1974ac51cd70090c4d5460aa5d54f362bc6c4346316593bf7
2023-03-22 00:45:26,True,2.536e-10,7.601e-13,3025850133.0,0.023,0x0b...7ffa,https://bscscan.com/tx/0x17898a824f9fb1994d5b8a1f18f46d55de9274492ef6f856cc6ae9fc5fa9eb19
2023-03-22 00:42:26,False,2.537e-10,7.563e-13,87261052888.0,0.6599,0x74...5af1,https://bscscan.com/tx/0x1f7dd615e11260272d0f5a0489225fe2af52c9c838591ac9516f4a284a49febe
2023-03-22 00:39:05,True,2.538e-10,7.601e-13,156787817533.0,1.19177,0xab...a56b,https://bscscan.com/tx/0x2da211278aa3aafeaa1d77cb22d435a29ecb896fa0f7bde9ed798130362bf515
2023-03-22 00:38:23,True,2.538e-10,7.6e-13,4208604793.0,0.0319,0x51...d245,https://bscscan.com/tx/0x72acf8c63bbb9426f8e27bd7c5caac30bcfca2f9a599ecaec80838d6c891b4b6
2023-03-22 00:34:47,True,2.551e-10,7.6e-13,2869629595.0,0.0218,0x35...89d7,https://bscscan.com/tx/0xcf9aa229f276be704f368c4a385ab3b179fe1162dbf88bd3e4ccde74e7e72845
2023-03-22 00:34:47,True,2.551e-10,7.6e-13,826755006.0,0.0062,0xa7...5525,https://bscscan.com/tx/0x4e522072d04c74689dc30ace3614b7281086e0bff9dd2225fbc8bc85cfb9ecc5
2023-03-22 00:32:59,False,2.537e-10,7.562e-13,24419684467.0,0.1846,0x11...ef88,https://bscscan.com/tx/0x71aa6c5319f4af5611c39f28ce14bfa850c263e104901419ece5ee5245668125
2023-03-22 00:32:14,True,2.549e-10,7.6e-13,6795627210.0,0.0516,0x47...2fed,https://bscscan.com/tx/0x7a4629047157a9794ed10e02e5a7d6ab9fea6609b055a2c0c73a9f1590904024
2023-03-22 00:31:44,False,2.522e-10,7.563e-13,2262585717.0,0.0171,0x65...5b7c,https://bscscan.com/tx/0x8c43ec51d601a7ba1ad20ad46dac78cdaa8770c76f9d5ce1414e2e416d49ad29
2023-03-22 00:28:44,True,2.549e-10,7.6e-13,96000000000.0,0.7296,0xcb...29fe,https://bscscan.com/tx/0xc9071e0245992a7266212af7b5e95d5259bb121b64c03cdc58b461ddcb7920db
2023-03-22 00:28:32,False,2.524e-10,7.562e-13,8379546321.0,0.0633,0x13...e679,https://bscscan.com/tx/0x507d8f37ebfd1eba5bdcd1eb367895e1dcc8ed6df20eaa1ce531af144eac97d6
2023-03-22 00:26:35,False,2.527e-10,7.562e-13,959105984.0,0.0072,0xbb...f978,https://bscscan.com/tx/0x75228d69873617777f682e24ff22ce1b946a616c0f0f3e60d47c1c7dbfca6ffc
2023-03-22 00:25:26,False,2.539e-10,7.562e-13,78698083378.0,0.5951,0x3b...1362,https://bscscan.com/tx/0x7c96d086b77e066bc28b3f5cf057d1030a330c7ad69468db1054571e2d77dceb
2023-03-22 00:23:47,False,2.528e-10,7.562e-13,5564423901.0,0.042,0xbb...f978,https://bscscan.com/tx/0xf6469496b4ad28df2019b527d74c99f76f91d4e273e7c30a80cc72b8357fe014
2023-03-22 00:22:32,False,2.541e-10,7.563e-13,9730115858.0,0.0735,0xde...371f,https://bscscan.com/tx/0x0c66de789e73c46599027014da65ba3b1e53f9a5f9961e9445ad2fc2d2bea173
2023-03-22 00:22:05,True,2.54e-10,7.6e-13,42873881817.0,0.3258,0x03...3709,https://bscscan.com/tx/0x08c13e862efc5e841539bd3ad037c776c9bdec1673168a004cc81ef9158d2cfa
2023-03-22 00:20:08,False,2.528e-10,7.562e-13,1775345993.0,0.0134,0x1c...5286,https://bscscan.com/tx/0x303c872447352eff23f2695f84aba963e8719d6560d3a747a6cda8ebcb0108e4
2023-03-22 00:20:05,False,2.528e-10,7.562e-13,63031201219.0,0.4767,0x03...3709,https://bscscan.com/tx/0xdfa21834cc89985fe09141c958008bf73fe3b21e54d673c83e6c45512e7483c6
2023-03-22 00:19:05,False,2.528e-10,7.563e-13,2027574751.0,0.0153,0xdf...4dd3,https://bscscan.com/tx/0x4a1fdf54ef15bfbad4b7d443f30619febedce4fb3c32ac44afec605faa2ac843
2023-03-22 00:18:47,False,2.528e-10,7.563e-13,6075346266.0,0.0459,0xab...4722,https://bscscan.com/tx/0x1e9940d0c1b7bdd7a6eebee0b01dcc17060daade254f6d62dbb0c6ccaabdeda0
2023-03-22 00:17:38,False,2.541e-10,7.563e-13,5294190654.0,0.04,0xa9...3cbc,https://bscscan.com/tx/0x2e9bb9eafe4e70efb3249c670208241b4a7cf021e055bd38e89da58567bfb51f
2023-03-22 00:16:23,False,2.541e-10,7.563e-13,1777686794.0,0.0134,0x6a...369c,https://bscscan.com/tx/0x394f5ec01da7f3a599bd459d27d85997651d7c17b35c11d7809b5f7fba26c748
2023-03-22 00:12:56,True,2.541e-10,7.601e-13,4000000000.0,0.0304,0x13...eefd,https://bscscan.com/tx/0x6fc42f6b4b40469110337b532236e70452178ee1e2168dea211475ef4124185c
2023-03-22 00:11:08,False,2.541e-10,7.563e-13,3287290344.0,0.0248,0x83...2fdd,https://bscscan.com/tx/0x78397e05d128ff767f42337b62f0c68a2bf30572e842cc7a65e84fc722e36633
2023-03-22 00:08:53,False,2.539e-10,7.563e-13,17555415806.0,0.1327,0x8d...b28a,https://bscscan.com/tx/0x460489073f4f0151f8f4137cb1b5e1c5ad337d5188141f04440177a395a2bb81
2023-03-22 00:08:29,False,2.539e-10,7.563e-13,47142637562.0,0.3565,0x39...9f5a,https://bscscan.com/tx/0x6072bcbb5301ad267f5a6590a66fbcfabde8f18179ac1951eb09c1cb8f718e87
2023-03-22 00:02:29,False,2.538e-10,7.563e-13,64078839807.0,0.4846,0x35...23cc,https://bscscan.com/tx/0x8e347f22712e450d7cda99fe207ecff5fe5251826ad42ed2bd27f36ba5d491b9
2023-03-22 00:02:29,True,2.551e-10,7.601e-13,3946562937.0,0.03,0x28...1463,https://bscscan.com/tx/0xb82d772e295a917ffed8ce76a5bc5a3e35aa470176e9b5484f609d060e56278b
2023-03-22 00:02:08,True,2.551e-10,7.601e-13,1026107523.0,0.0078,0x91...a716,https://bscscan.com/tx/0x60e7c92a7ed1c0fb41e476fa0444e04ef4ea967bbebc5e91402a5b7cb2ec9494
2023-03-21 23:59:53,False,2.538e-10,7.563e-13,181173245140.0,1.37037,0x88...5b23,https://bscscan.com/tx/0x829f11e57bd1b7783b44445a696a076ca30959162567f7ae75e33b4ccfbd7a45
2023-03-21 23:58:17,False,2.525e-10,7.564e-13,4783286534.0,0.0361,0x0b...eaf6,https://bscscan.com/tx/0x7aa7e00049bda55c504e1a1626e1139a1927d8dd321abb261b6cec8d28521794
2023-03-21 23:56:50,False,2.538e-10,7.564e-13,743838237.0,0.0056,0x21...cc82,https://bscscan.com/tx/0xdab4dfed9b3b6e51737745969d6e4560a4ce77197a687a69026c7133f80f66a9
2023-03-21 23:56:44,False,2.538e-10,7.564e-13,8626175277.0,0.0652,0xd3...a995,https://bscscan.com/tx/0xb76bbe806f1bdbd86348212df115d26c5aa03b4adf5a72ed7d165d04de6a5bf6
2023-03-21 23:55:11,False,2.525e-10,7.564e-13,40423255304.0,0.3057,0x58...3b72,https://bscscan.com/tx/0x0494ea8b2cd8e77a8ad84e523d676fed976545acd741a3cd493bce0e6b959c06
2023-03-21 23:54:50,True,2.551e-10,7.602e-13,10000000000.0,0.076,0x71...542e,https://bscscan.com/tx/0x6f69b5d7e1fed24517cd158256c366c901a8682517e1ee50f15196a4c96e42a0
2023-03-21 23:52:11,True,2.538e-10,7.602e-13,1224425067.0,0.0093,0x21...cc82,https://bscscan.com/tx/0x035cc26ec3ab9c5337b6a5c7e43e8b43f90d0a4296c2c6c4ce87197d114e830d
2023-03-21 23:52:02,False,2.525e-10,7.564e-13,2120794764.0,0.016,0x64...a44f,https://bscscan.com/tx/0x7a7b64c188c0a89b7b468453793a2844ee79c93898c8a2604a70656b5fbec47a
2023-03-21 23:51:20,True,2.538e-10,7.602e-13,2499425445.0,0.019,0xf3...75b4,https://bscscan.com/tx/0x3083967e5140622d6f066fcd66734d5ebd2843a7f63005a69fbd6dcedf60b3da
2023-03-21 23:50:56,False,2.525e-10,7.564e-13,237399764093.0,1.79587,0x03...4b9f,https://bscscan.com/tx/0x840738fdc52004bcd718c2e07c816861adc412ab29bda15ca2811ffc443aec00
2023-03-21 23:50:41,False,2.525e-10,7.565e-13,2257052850.0,0.017,0x3a...a0c7,https://bscscan.com/tx/0xe9b7cc47a4d8e447ed7833d9aff6cae932c6b4bec0113b405f75cbc3854a6ed6
2023-03-21 23:49:17,True,2.549e-10,7.603e-13,2893543274.0,0.022,0xed...e8d4,https://bscscan.com/tx/0xb6e570de634fea441d5d7db0b7a799bf73ce2fae6bbccf6684ff6f22b342579a
2023-03-21 23:47:02,True,2.547e-10,7.603e-13,14843615402.0,0.1128,0x79...b485,https://bscscan.com/tx/0xdab244e3ac304b224ad57aed0d2c7865640d35659520b33743fcafde320a79d3
2023-03-21 23:41:56,False,2.522e-10,7.565e-13,24440098698.0,0.1848,0x67...b949,https://bscscan.com/tx/0x2a2ba204b4680744b6bb472cc40fd4a28305a5d5ac051492093fc4f358f9c5ee
2023-03-21 23:41:50,True,2.535e-10,7.603e-13,7891466800.0,0.06,0x7d...3231,https://bscscan.com/tx/0xa34174e3b83b79bebb3da66498ca030fc68fe4bed025418b2b0e313d3ab553e3
2023-03-21 23:40:26,True,2.533e-10,7.601e-13,664300092152.0,5.05,0x7d...3231,https://bscscan.com/tx/0xfaaf3afd2f0099dba3efabe2edad8f32fed09ab9e497b4ea9479d6e4db02e908
2023-03-21 23:38:41,False,2.54e-10,7.562e-13,6295775143.0,0.0476,0xe4...f6b7,https://bscscan.com/tx/0x6f6e3bfe654f991c000943886bc47f12bdd23efc3e65f7c33f1fd6c7e5caa1d4
2023-03-21 23:37:53,True,2.555e-10,7.6e-13,79000000.0,6.004e-05,0x0e...deac,https://bscscan.com/tx/0x0b44ee8313e6255ab4e2e9d7db28c113ce454618d8ff9e97e89e1a640ae31336
2023-03-21 23:34:08,True,2.555e-10,7.6e-13,1902690000.0,0.0144,0x10...b992,https://bscscan.com/tx/0x737521df46c88a8e4e191c4e2ba3ed4e4ff27b4297324cf816fb4c169d8cfa38
2023-03-21 23:33:29,True,2.556e-10,7.6e-13,1281070001.0,0.0097,0xa9...af16,https://bscscan.com/tx/0xd1b4825d9dbc8094d29590d172ef199354bf091899060584376a52ec9973febd
2023-03-21 23:32:17,True,2.557e-10,7.6e-13,10813200000.0,0.0821,0x10...b992,https://bscscan.com/tx/0x328a33fc271fe1b19c0b3dca61baab52a90042d024f05ba91e799fbee0366ee5
2023-03-21 23:31:53,True,2.556e-10,7.6e-13,2631299229.0,0.02,0xd5...bd30,https://bscscan.com/tx/0x007e17dcb438b9146a80cdad24959253991400979494eeeba0d71da9f908a6b9
2023-03-21 23:30:17,True,2.566e-10,7.6e-13,7104523651.0,0.054,0x4d...af61,https://bscscan.com/tx/0x542db3c2ac456ebb6957813bba787805dfb55e89a95300f90996d737f7653d41
2023-03-21 23:29:29,False,2.541e-10,7.562e-13,13045818400.0,0.0986,0x55...811c,https://bscscan.com/tx/0x34cc938684a16fc17b18ccb3692fd49a9a131f5077840c506442d0dc5b4b48c8
2023-03-21 23:29:11,True,2.567e-10,7.6e-13,4127378942.0,0.0313,0xaa...ebd2,https://bscscan.com/tx/0x095169e6e2bf43f9fe61d05a10942d0a488803f580ab1177ae098da79f759976
2023-03-21 23:28:17,True,2.558e-10,7.6e-13,1973474889.0,0.015,0x6a...60b4,https://bscscan.com/tx/0x543e088313fb69a2839d060aa0c720586a8c23eb1b9309c19bbd542df327d1d6
2023-03-21 23:26:23,False,2.538e-10,7.562e-13,48647070896.0,0.3679,0x94...83ba,https://bscscan.com/tx/0x98e9d640bb47f755e861c4bd973a7264bff7e8cd81b7370ed32393410f05c707
2023-03-21 23:24:41,True,2.56e-10,7.6e-13,19770500001.0,0.1502,0x92...704d,https://bscscan.com/tx/0xffa6d93625458dd1527f9b0dc5b5cbda31f5a76af9839516d6b55a090e85acd7
2023-03-21 23:23:53,True,2.561e-10,7.6e-13,5899200000.0,0.0448,0xe6...edff,https://bscscan.com/tx/0x44894903464c486079ccb04b621c054883c52a81aa147c9c904a0c9b681d4eca
2023-03-21 23:22:05,False,2.547e-10,7.563e-13,158573440453.0,1.19932,0x27...6d3e,https://bscscan.com/tx/0x4f519bbe2b8e680780044577cf3d4c7ffb64c1e36ceda3bba725af7741affd51
2023-03-21 23:16:19,False,2.535e-10,7.563e-13,19953307008.0,0.1509,0xb1...d0e9,https://bscscan.com/tx/0x003c3f9acbb3bb2c1fed6cc8407eda70d464a50b30b351fd7127fc04654b6c74
2023-03-21 23:15:31,True,2.563e-10,7.601e-13,3946594512.0,0.03,0x04...eed0,https://bscscan.com/tx/0xe44445404b2d2094a1e85eaced1c3384a7a3a20d8a2a1ce03aaa9164f5b21fa8
2023-03-21 23:10:55,False,2.552e-10,7.563e-13,109855786428.0,0.8309,0x81...2407,https://bscscan.com/tx/0x995183daba255e28c79d93368e1c0070f0a7a3f7e3e2dc37d93696758b70a873
2023-03-21 23:10:07,True,2.55e-10,7.601e-13,6646901905.0,0.0505,0xa2...b29b,https://bscscan.com/tx/0x0b8ee27217988da545b42529281efa13f70fe811b0f65ad4ef2b456318c5fe30
2023-03-21 23:08:33,False,2.549e-10,7.563e-13,39207438995.0,0.2965,0x66...3b2a,https://bscscan.com/tx/0x5938caa7132aeab60dac2f972273d949e807b1432c67f4775b2fe39ac52ac47d
2023-03-21 23:03:43,True,2.549e-10,7.601e-13,657723959.0,0.005,0x9e...4ffd,https://bscscan.com/tx/0x4a02a6ff893502c708fccef08da627d1c60bf62de8ee16cacc7cfabe6c64eac9
2023-03-21 23:02:58,True,2.549e-10,7.601e-13,523453000.0,0.0039,0xac...6764,https://bscscan.com/tx/0x104324c887c7b2bfa245136a46d9a73ef084d9b7035ee0e73b676f04876bf777
2023-03-21 22:58:04,True,2.568e-10,7.601e-13,11220298609.0,0.0853,0xe7...e736,https://bscscan.com/tx/0x5dfbaf1024b95eb4b913614373d7fb6ccb571bd6bb3e4abb400b19c1102a22d9
2023-03-21 22:56:49,False,2.542e-10,7.564e-13,84332212636.0,0.6379,0xdd...54b5,https://bscscan.com/tx/0xab08cb41a00e69ce470005012661037aa69989cd8ace5d716a33cbc6d75d43bc
2023-03-21 22:51:52,False,2.555e-10,7.564e-13,9042855353.0,0.0684,0xd2...4cc1,https://bscscan.com/tx/0x36689507f740ff467ee21939202f485e47e38a783e9fecba43a849bda10b3d31
2023-03-21 22:50:40,False,2.555e-10,7.564e-13,762430493.0,0.0057,0x8b...af61,https://bscscan.com/tx/0xcd13def89cc98043345a65fcb2723a8ef04d1f1fde5d5b617e028b50cb9850ca
2023-03-21 22:48:10,False,2.554e-10,7.564e-13,5319289309.0,0.0402,0xb6...b87d,https://bscscan.com/tx/0x7d13fb0ea7978e769ee15233fd860b39a85096c4ebb7ba03fbebbf74479817bb
2023-03-21 22:44:55,True,2.555e-10,7.602e-13,1841554891.0,0.014,0x51...f632,https://bscscan.com/tx/0x68daa9eb6baf5812517df8e5c43f474329d38e6d7407182450a2fb0158adde0e
2023-03-21 22:43:29,False,2.541e-10,7.564e-13,18000000000.0,0.1361,0x12...7be3,https://bscscan.com/tx/0xb8084845c3eff280a0a7802c492017894d27e3c3f66f6033a4d13e9768708559
2023-03-21 22:41:59,False,2.555e-10,7.564e-13,7070994000.0,0.0534,0x85...4bd4,https://bscscan.com/tx/0x5d697c42c9e615ba972358dfd03fa92cf6bed49b37931d7edc9ba9f4968b8351
2023-03-21 22:37:56,False,2.541e-10,7.564e-13,97117582776.0,0.7346,0x61...ff82,https://bscscan.com/tx/0xe896fbb19f0c506def1ca81da0b8fa7a2c934409cc6a14bc503f5b7cb9a273d7
2023-03-21 22:37:35,False,2.554e-10,7.564e-13,2478561896.0,0.0187,0x84...3fe8,https://bscscan.com/tx/0xc27f1515489cd6e1440819438e4ccb543f9f954c4fceb8f96b291374fc2ac54f
2023-03-21 22:34:59,False,2.541e-10,7.564e-13,72000000000.0,0.5446,0x9f...e772,https://bscscan.com/tx/0xfdcb546d59ca7745ba0b58543aeefbc8b90fc9704eb9c1bfc11ebf627b7c2388
2023-03-21 22:33:50,True,2.554e-10,7.602e-13,3410194611.0,0.0259,0xd6...a91f,https://bscscan.com/tx/0x4b6e76c6eba6f2289fa6b5dd32d073e0643cc90999761baf3943c88673c9f66a
2023-03-21 22:33:08,False,2.541e-10,7.565e-13,20791604430.0,0.1572,0x28...8832,https://bscscan.com/tx/0x8c4f5040c9acd0b728548934a5f5c02bee71b2b254968a64e179e46a01100381
2023-03-21 22:30:17,True,2.568e-10,7.602e-13,5261083108.0,0.04,0x79...f6f8,https://bscscan.com/tx/0xb7d60219cb29123013bec7f28b092ea6ec369de630bbbcd13c14f19a17cd1b31
2023-03-21 22:30:02,True,2.568e-10,7.602e-13,5261095695.0,0.04,0x43...f867,https://bscscan.com/tx/0x806622a03783203de5a24912b16f95ea8239001643befbaf6235a0011b923442
2023-03-21 22:28:11,True,2.568e-10,7.602e-13,212046118460.0,1.6121,0xfb...faf7,https://bscscan.com/tx/0xb1cd3914d5075b14713fdb06b90894cf5320ec45618cd839d54065c0388c9d2f
2023-03-21 22:25:32,True,2.555e-10,7.602e-13,1446943030.0,0.011,0x3e...b433,https://bscscan.com/tx/0xd35b9b588eab214146e4e002beb883e981251fc82293a5f88c6ca554b27ce7a4
2023-03-21 22:25:02,False,2.542e-10,7.564e-13,16295481261.0,0.1232,0xc0...231e,https://bscscan.com/tx/0xd8468da2edbfef53307338cbd61cc44a4a5a608cd817db00ce3ae910d9a7bed3
2023-03-21 22:24:20,True,2.555e-10,7.602e-13,1501380000.0,0.0114,0xc2...9e04,https://bscscan.com/tx/0x5b90b99ecfa03233c8235ffbd785874f2f213cdba39febcb3f20af969a62e241
2023-03-21 22:23:26,False,2.541e-10,7.564e-13,214343421946.0,1.62144,0xe7...5505,https://bscscan.com/tx/0x93d9bf7b1b258b785c00d802cd083181e0660b1d311f248097071c9a3c4bdd35
2023-03-21 22:22:50,True,2.568e-10,7.603e-13,3945802994.0,0.03,0x01...e87f,https://bscscan.com/tx/0x99e2a2c1f9bf829f110ad5aec6fa121ba2e5624456af7b6b6a81a7c5983c0e69
2023-03-21 22:22:02,True,2.553e-10,7.602e-13,30824449170.0,0.2343,0x1c...ac01,https://bscscan.com/tx/0x894ae79ac85d54c415635e4b26b696a70c1072bd711c1b239686ad5c8b671188
2023-03-21 22:15:23,True,2.567e-10,7.602e-13,9276354412.0,0.0705,0xae...9bd7,https://bscscan.com/tx/0xc9f096170fa73cc4d4218dc180989811fcf61a88e39e5c0dd9770962ed8d08d2
2023-03-21 22:14:29,False,2.554e-10,7.564e-13,4500000000.0,0.034,0x72...a7be,https://bscscan.com/tx/0x90fdf7bf6ac2c3ac27daab45461dabdf1db049139c876d8462b74beecb2643a1
2023-03-21 22:11:14,False,2.542e-10,7.564e-13,884943842.0,0.0066,0xd9...9151,https://bscscan.com/tx/0xf1158fac7b3ada5b2e33167457cd0fde8f37b4bfcd912e6a95d034c7edd28ef2
2023-03-21 22:11:08,True,2.555e-10,7.602e-13,19729432828.0,0.15,0xb1...e437,https://bscscan.com/tx/0xf3b6969f1760241db946feeb06aacd00f69f1ee09b938896bb1db769b2c4a34f
2023-03-21 22:10:53,True,2.555e-10,7.602e-13,3945907788.0,0.03,0x4a...e00b,https://bscscan.com/tx/0x3805016507822554c313e1d0a187baf539b6962c5e1cf16b6e2e1560953beb62
2023-03-21 22:10:32,False,2.555e-10,7.564e-13,81000000000.0,0.6127,0x14...80be,https://bscscan.com/tx/0xb8294714068275cc023f6f68ae1287e36664ed277bf670b54f6244cd3e02947e
2023-03-21 22:09:56,False,2.556e-10,7.565e-13,87807212750.0,0.6642,0x14...80be,https://bscscan.com/tx/0x2847d030c1b71aa014cd0b48da1dca99b21ab4320ea12c5154898b4be562e497
2023-03-21 22:08:14,True,2.572e-10,7.603e-13,78900000.0,5.999e-05,0xb2...e308,https://bscscan.com/tx/0x7b21b3fe502d071b8aa47565450e6cddb35ba82fd6c50d5a691d985cc0db8477
2023-03-21 22:06:41,False,2.547e-10,7.565e-13,15464970000.0,0.117,0x19...c5d3,https://bscscan.com/tx/0xcb0d025b97df35b59fc172c1ed996cf079628d1614617665405eee11a8c0598d
2023-03-21 22:05:50,True,2.56e-10,7.603e-13,6331397211.0,0.0481,0x51...6dfd,https://bscscan.com/tx/0xcf0c399d488732380140d5fbfa9d19beab29d800c372fbef9f45bd3fb187197e
2023-03-21 22:05:08,True,2.574e-10,7.603e-13,52608536986.0,0.4,0xb1...e437,https://bscscan.com/tx/0x05a24960811945fefa935ad5a8d01e580575be70f3c4f47785ee93de257c3246
2023-03-21 22:03:41,False,2.548e-10,7.565e-13,15339668718.0,0.116,0x4a...6ee2,https://bscscan.com/tx/0xbe965aa81b1130dbe9740aa18fb5c7b36be74452c3c712e941ef616331428137
2023-03-21 22:02:32,True,2.574e-10,7.603e-13,134940499577.0,1.02596,0xc8...f3a8,https://bscscan.com/tx/0xc15ce86a9b157cf73d8b9e870edd6291a26a8c3a5d150a186b0e2ecfd657eec6
2023-03-21 22:01:56,True,2.561e-10,7.602e-13,44444444833.0,0.3379,0xf6...74b7,https://bscscan.com/tx/0xc9f361d46a94dbc8597349fce18b6dfafee9edb6a4eff72068eae6d393946565
2023-03-21 22:01:17,True,2.561e-10,7.602e-13,82279910521.0,0.6255,0x51...6dfd,https://bscscan.com/tx/0xd0f125a6672913c314bbf5753498749e2dda934ca962b2ccd0391f07abcc8abe
2023-03-21 21:59:50,True,2.574e-10,7.602e-13,3099512379.0,0.0235,0xfd...1480,https://bscscan.com/tx/0x357393457c8d6640671509ccd20694b5fbb3bc5a44c7463ff374e6141fc8f8fd
2023-03-21 21:58:17,True,2.573e-10,7.601e-13,403995563627.0,3.07104,0xc8...f3a8,https://bscscan.com/tx/0x25f0a3ca76f592128ff0044652da7180c2cf2e7e43c7000f83c873a4d059a3bc
2023-03-21 21:58:11,False,2.561e-10,7.564e-13,616506838228.0,4.66331,0x05...7066,https://bscscan.com/tx/0x55cc316b21690c5cb58a45de53f9b09659dd5acedc70fbb79243cf1e0742cf6b
2023-03-21 21:55:35,True,2.561e-10,7.603e-13,35030270905.0,0.2663,0xa7...b014,https://bscscan.com/tx/0xda52f62bdc2083242af7a3ac58ccd48d22e3e113452a848a844f7495dc577567
2023-03-21 21:52:53,False,2.561e-10,7.565e-13,297412200001.0,2.25008,0x99...9b30,https://bscscan.com/tx/0x10fc83c22dfb5c2aa83487cbe4bff8ed6fcf41cb0807c2ff8241f600b5d53db4
2023-03-21 21:51:35,True,2.565e-10,7.603e-13,63780779832.0,0.4849,0x34...d08c,https://bscscan.com/tx/0x960e817bf3be2f2e169e1399fb55bed6fa40399f6d443341dc929d38b5bec2e3
2023-03-21 21:49:02,False,2.553e-10,7.566e-13,123481888886.0,0.9342,0xe2...a780,https://bscscan.com/tx/0xdc7c56d758d7e3944066338cf58e4c06cf31d119052d5ebab16230ca32d0b223
2023-03-21 21:46:59,True,2.578e-10,7.604e-13,71386769372.0,0.5428,0xb3...0f71,https://bscscan.com/tx/0x40bd0b14f9a59428f926e0cddb738e1a2b98fc938637e02fa8419f292d70d628
2023-03-21 21:46:38,False,2.553e-10,7.566e-13,3826466525.0,0.0289,0xdc...44b4,https://bscscan.com/tx/0x0ac5db1637d51ac16826e037f77d1906f35726b81a4cd6508170c0edac4ab6f9
2023-03-21 21:44:35,False,2.562e-10,7.566e-13,6053500774.0,0.0458,0x08...1055,https://bscscan.com/tx/0xcc7d644a5e10e795786118937925dccef386167a9bc6a888f98f1ee82e2c354d
2023-03-21 21:44:05,False,2.562e-10,7.566e-13,6086396199.0,0.046,0x5e...a751,https://bscscan.com/tx/0x8815b3dc2ecfc0ed202eae7da7decca911007fe6e305356313d4c4a1dea786ad
2023-03-21 21:43:56,True,2.562e-10,7.604e-13,11441341766.0,0.087,0x4f...ba15,https://bscscan.com/tx/0xf387dfbdbe135ce04c1d479c93adcf6b7fca764fd12feb89d9a2d2eb1dcd97f9
2023-03-21 21:42:26,False,2.549e-10,7.566e-13,13406948343.0,0.1014,0x18...18c0,https://bscscan.com/tx/0xab4dd2c96d04049d48a6f6dc3cc8d2714de3cdf4d89ae837718765576235155e
2023-03-21 21:41:35,False,2.562e-10,7.566e-13,2251674254.0,0.017,0x82...b8f4,https://bscscan.com/tx/0xc7b6b5c4d49f2630ffb1ada5d3c2dc36907aa5e0ea6508729fa28fa0dff10e82
2023-03-21 21:38:26,False,2.549e-10,7.566e-13,211676535353.0,1.60164,0x3e...1be1,https://bscscan.com/tx/0x6a43677d67501401f10637feff30592abcfbb98b6897fcfa95a62bd74791d7d1
2023-03-21 21:37:08,True,2.562e-10,7.604e-13,219193444876.0,1.66683,0x87...5abb,https://bscscan.com/tx/0x2b55794d7befda4068006444b7f05cebaf89569ab9ef243a30905eeb109bb084
2023-03-21 21:36:26,True,2.574e-10,7.604e-13,5460480001.0,0.0415,0x37...dfe8,https://bscscan.com/tx/0x43789b2301cdf883ff44a937c2afb27fc320efad206b2ba6dd1d78c9a4a62297
2023-03-21 21:35:50,True,2.56e-10,7.603e-13,73859778799.0,0.5616,0x50...5768,https://bscscan.com/tx/0xde3e4947abf58fa9e7123a000b5e46c395f50b77168e289ac0f9dd73705490e8
2023-03-21 21:34:23,False,2.561e-10,7.565e-13,24939190309.0,0.1886,0xbe...acbf,https://bscscan.com/tx/0x2430c2af3ffdd39ab5b987b5edb15fa1f5139b6e48b5282c465872e76efb09de
2023-03-21 21:32:32,False,2.558e-10,7.566e-13,92765776998.0,0.7018,0xb1...e437,https://bscscan.com/tx/0x0214e8506dded684c9fe769a1fb5452721a0cf647056eb787b04e3928162a45c
2023-03-21 21:32:11,True,2.558e-10,7.604e-13,9250000000.0,0.0703,0xa3...59b1,https://bscscan.com/tx/0xd29aa98f7889be751412e7c29842fd76af9c2a39e116aae2da22c69b6b10d8fb
2023-03-21 21:31:14,False,2.545e-10,7.566e-13,1567711312.0,0.0118,0x76...789a,https://bscscan.com/tx/0x9aea87f59b12c2456efe30b487ca578abf02361b4d7ad693f0fac548aeed2b84
2023-03-21 21:28:14,True,2.572e-10,7.604e-13,9205561506.0,0.07,0x17...94f6,https://bscscan.com/tx/0x10cbad04045601b5ac213ebdda33d15c988cc865f96d1f51590eacc80e79729d
2023-03-21 21:26:32,True,2.559e-10,7.604e-13,1935446060.0,0.0147,0x76...789a,https://bscscan.com/tx/0x29ff79a53767a8804aeeaeb560784cdb39df8580c14a782a84f89701f31b13b8
2023-03-21 21:24:32,False,2.545e-10,7.566e-13,3829680296.0,0.0289,0x30...2cec,https://bscscan.com/tx/0x0e58325aeae621caac468cafc6c73f638f1106b7dda66837fcfb93a3c722b8f0
2023-03-21 21:23:17,False,2.545e-10,7.566e-13,60296987037.0,0.4562,0xad...b698,https://bscscan.com/tx/0x97643773f64b9814607078e8f2c7c9c5ba55e5f21f55fab3935ca6d03e958881
2023-03-21 21:23:02,True,2.558e-10,7.603e-13,179555609107.0,1.36534,0x20...6e8e,https://bscscan.com/tx/0xeeb253265314f60514e4418219e542d5e26009975e26245d3be6ae5b67889aad
2023-03-21 21:22:35,False,2.545e-10,7.566e-13,180890955583.0,1.36862,0xad...b698,https://bscscan.com/tx/0xe20cf85c0794c09c36b3ffc7fd7b706edfb28cb4e957aa92cd538f1251bc206a
2023-03-21 21:22:14,False,2.545e-10,7.566e-13,43219181945.0,0.327,0x42...dd7d,https://bscscan.com/tx/0x2d68fa4b56d396b75b8cda2e9b2173338b7c67ca83751998ec6b62156716aed0
2023-03-21 21:22:02,False,2.546e-10,7.566e-13,241187929338.0,1.82504,0xad...b698,https://bscscan.com/tx/0x7cb5094de7669590d5dd21ab408fffdf0ae0487110f9aaa33b5780bca4f210ff
2023-03-21 21:21:23,False,2.546e-10,7.568e-13,482375821843.0,3.65068,0xad...b698,https://bscscan.com/tx/0x395cd02a65222193a25c4df4ff073a52750c654e393432a99fceff882e53e6f4
2023-03-21 21:21:02,False,2.559e-10,7.569e-13,27900811681.0,0.2111,0x79...98ea,https://bscscan.com/tx/0xd5d003a1247c246e8692c1fb4f89bf8268b29465e4cff347a778d47d4ae27ba4
2023-03-21 21:20:41,False,2.547e-10,7.569e-13,321583863439.0,2.43426,0xad...b698,https://bscscan.com/tx/0x27b84564a9353a4dcb186e79ead9f7c5cef739251df7335fb5a695fd072fd51e
2023-03-21 21:20:20,False,2.547e-10,7.57e-13,4421154092.0,0.0334,0xd4...ace8,https://bscscan.com/tx/0xef66c445884e3e3a0e3df0d5a5685efc1c6965bed003f65874204762a9e05192
2023-03-21 21:18:38,True,2.56e-10,7.608e-13,10000000000.0,0.076,0xef...498a,https://bscscan.com/tx/0x0f347df1f59150697d3821470e272c5accab59f16a002b82ea3785b92d2d31b4
2023-03-21 21:17:11,True,2.56e-10,7.608e-13,4807554650.0,0.0365,0x2a...61ba,https://bscscan.com/tx/0x583698bace0040f02bdd40acd7437ea211c8f589d03e928a7e34229fbf3816a7
2023-03-21 21:14:32,False,2.56e-10,7.57e-13,11790366445.0,0.0892,0xd9...1d28,https://bscscan.com/tx/0x9a9d5ee7a00b66f25b4c5b0abc5f591de1a784552c57250cdc9043d18486f573
2023-03-21 21:13:02,True,2.56e-10,7.608e-13,715276020.0,0.0054,0x1b...c6f4,https://bscscan.com/tx/0xe2da098af068c125af8f548bef92f794c1a2e6d41692a6d2fa3f57814049ef0b
2023-03-21 21:10:32,True,2.573e-10,7.608e-13,18826511308.0,0.1432,0xef...b14a,https://bscscan.com/tx/0x99b2e4d8856aa40015ce370b5c0d030bbd7b5c44e2e1990511605330e8366be1
2023-03-21 21:08:47,True,2.563e-10,7.608e-13,210302472.0,0.0016,0xfa...8d42,https://bscscan.com/tx/0x94ac00054faf2121db2a864f7e3c557dd14eba23b21ca77c1f9394e70dcb2c16
2023-03-21 21:08:26,False,2.55e-10,7.57e-13,182979030757.0,1.38523,0x1e...8813,https://bscscan.com/tx/0x20567dd585ee379922a9d55e17a8332ff212d5ab57898d08fae87cc7e061bb67
2023-03-21 21:05:56,False,2.562e-10,7.57e-13,5910837295.0,0.0447,0x4a...82bd,https://bscscan.com/tx/0x4fb70e47cbd97719c24959597300661f38a6c9795d0aa6071b9bba4d8b565efe
2023-03-21 21:05:35,True,2.561e-10,7.608e-13,550000000.0,0.0041,0xbb...a63c,https://bscscan.com/tx/0x0cfd1f4207ccf75f8a8794ead8c5441cdd9a8c3b0c569b688c7b20ff0dfdafff
2023-03-21 21:05:32,True,2.561e-10,7.608e-13,1350530005.0,0.0102,0xf3...56c5,https://bscscan.com/tx/0x985629dbd10120b2890ef5153fa96c3e21a5d0ca18087a1411c4ec522a860bc3
2023-03-21 21:05:17,True,2.561e-10,7.608e-13,7914372834.0,0.0602,0x0f...5b5b,https://bscscan.com/tx/0x4bd9db45e3422530e0f27c53ea5ba95fd0a73bf963e30a68737991951a1b309a
2023-03-21 21:04:11,True,2.562e-10,7.608e-13,27056454847.0,0.2058,0x4f...3b74,https://bscscan.com/tx/0x2fdce62c822271cbd9aef75f2d9522510a640c721f808d6c23f4062f29d24cff
2023-03-21 21:04:02,False,2.561e-10,7.57e-13,16626120663.0,0.1258,0xbe...acbf,https://bscscan.com/tx/0x38747b877fae968acd171e775d55b469d074ab18f948f4889969535d27fa6743
2023-03-21 21:04:02,True,2.574e-10,7.608e-13,9266742958.0,0.0705,0x4d...7939,https://bscscan.com/tx/0x0421a8ef0c0d13e4d7de1d1c269c379e86ad48d99dfb7110ab77d025c2419fce
2023-03-21 21:03:14,True,2.561e-10,7.608e-13,11237200000.0,0.0855,0x1f...4f4f,https://bscscan.com/tx/0xba5fe018649c94d0402a44602f67506cd63b23c4fb36e017297386481525806f
2023-03-21 21:02:05,True,2.561e-10,7.608e-13,15975980892.0,0.1215,0xb8...ba79,https://bscscan.com/tx/0x60ea1f3b00c62b9a71d66b2ec5ef26c76d0f23e0b7b57cee6c042cb2a6a2209e
2023-03-21 20:56:50,True,2.563e-10,7.608e-13,6500000000.0,0.0494,0x0b...9f03,https://bscscan.com/tx/0xfefcb0e9314c8eb9f993712bbf48b3b891392b312d25ee2358164bc51437d1fa
2023-03-21 20:56:02,False,2.565e-10,7.57e-13,9075602942.0,0.0687,0x6f...9621,https://bscscan.com/tx/0x95957e705a7a5980d896eedc5eb3e1d74e44e5a500d3894e6da0eecd8864eb27
2023-03-21 20:55:38,False,2.565e-10,7.57e-13,19942664777.0,0.1509,0xf8...12a2,https://bscscan.com/tx/0xdd765b3fdada793335e6ef1fab4202c4ed8f148a4cbd13bdc43db7db1dcece8e
2023-03-21 20:54:17,False,2.552e-10,7.57e-13,1220166508.0,0.0092,0x32...ea78,https://bscscan.com/tx/0xd85f31c8810f3cfa2390fd29566f6eb67d9f5feda501eac47d42cc0ce01bc076
2023-03-21 20:51:53,True,2.578e-10,7.608e-13,2737301633.0,0.0208,0xf5...ef41,https://bscscan.com/tx/0x221fcf7be05cdcf7e70fb9337a71ffa9b25a2a017fa96887af4ab7ba18cd12fe
2023-03-21 20:51:44,False,2.552e-10,7.57e-13,4500000000.0,0.034,0xb2...8852,https://bscscan.com/tx/0xde11e4d4af518d0de9df64a47ab7c8eb84c14a1e5bbd360f25d042b0b4e1bda8
2023-03-21 20:50:44,False,2.551e-10,7.57e-13,7260721854.0,0.0549,0xcb...cda7,https://bscscan.com/tx/0xd8f12f98717c8454911cfe070f8a656fd9f6a62d3858cbcfa15a5098bfcef9c8
2023-03-21 20:50:38,True,2.564e-10,7.608e-13,10514363371.0,0.08,0xa3...3fc6,https://bscscan.com/tx/0xdc21fe00dd319053bc48d7ef31f0125f368d3d416d2530eb0d8cf2c58c2b867d
2023-03-21 20:49:29,False,2.563e-10,7.57e-13,4028045911.0,0.0304,0xde...d453,https://bscscan.com/tx/0x4f0614db1c8d0e044d680625fe9623ff6dd7c5e9689d35f1f457f4beb79320eb
2023-03-21 20:48:50,False,2.563e-10,7.57e-13,26934906854.0,0.2039,0x51...860f,https://bscscan.com/tx/0xa9f26f7e0cddcee11fc47806b43e33de20a984ff27806fcfae08b69ea89e8631
2023-03-21 20:47:56,True,2.575e-10,7.608e-13,7885694732.0,0.06,0x45...93d2,https://bscscan.com/tx/0x95c1df1f8a0b43f9f2529671331c4ffb252eb6703dcd93bce0b2584791db14fe
2023-03-21 20:45:53,True,2.563e-10,7.608e-13,21674555084.0,0.1649,0xba...9c55,https://bscscan.com/tx/0x7994d06ccebfd3dd70ac0b8f3fad439eb3320fa295584913982e2e14d9e5a3f6
2023-03-21 20:40:56,True,2.577e-10,7.608e-13,3934831477.0,0.0299,0x8d...b28a,https://bscscan.com/tx/0x5065a39e756236e80d06a52f8d19ab6abc9777c9b3732c3fe438d69df5fbd586
2023-03-21 20:39:32,False,2.564e-10,7.57e-13,1414885391.0,0.0107,0xc4...182f,https://bscscan.com/tx/0xd98ecaaab7b3dd37a93541c0e631522ef36bd42c7686d2f621b25ead6029f25d
2023-03-21 20:39:29,True,2.577e-10,7.608e-13,30000000000.0,0.2282,0xc8...b880,https://bscscan.com/tx/0x92113738d08dd979eaf130ec0f614399525167c4da5599788ec1be915bb247c1
2023-03-21 20:38:56,True,2.577e-10,7.608e-13,4600115065.0,0.035,0x58...fa66,https://bscscan.com/tx/0xdb90175ee8437bc09f3fd81478117a2f0825173f056ebeff0fea5098203ab127
2023-03-21 20:36:50,True,2.576e-10,7.608e-13,76225300000.0,0.5799,0x90...f190,https://bscscan.com/tx/0x3b2b05c2a87797cd0ffe4fe3b9d824cac996c4a5540b21f8de0c491e87049d25
2023-03-21 20:33:25,True,2.561e-10,7.608e-13,2000000000.0,0.0152,0x01...0d55,https://bscscan.com/tx/0x2f74a328e4246083cddac0e5ea046953e4ade9ad48ad707e995f0ddc3315ca1f
2023-03-21 20:32:37,False,2.561e-10,7.57e-13,22344754443.0,0.1691,0x8d...b28a,https://bscscan.com/tx/0x3b06c954b4fcf1b53ed909d262ea07a74bed1eae929804fdba7b4d848d135d96
2023-03-21 20:26:25,False,2.56e-10,7.57e-13,11367613597.0,0.086,0x4e...8936,https://bscscan.com/tx/0x760937c488a261fe73cc993c2bfd54d60ec081014528b48b8e064b519cf2cc2c
2023-03-21 20:25:04,True,2.573e-10,7.607e-13,277370983287.0,2.1102,0x51...6dfd,https://bscscan.com/tx/0x03e146425bd460c21a013d6959723475083d8a867631551a1a7cd4096a8521e8
2023-03-21 20:23:43,False,2.56e-10,7.569e-13,150207597120.0,1.13702,0xd6...0adf,https://bscscan.com/tx/0xd2bea70282886700b054f72dde99d1d51e62c4f0858cac17869c660a1afff895
2023-03-21 20:23:19,False,2.547e-10,7.569e-13,33519221085.0,0.2537,0x7a...1e40,https://bscscan.com/tx/0xb4ab7c20dedfeabaf8d9523f9b0ea459db9da61c2d5258201aa6552c0d9fa5c7
2023-03-21 20:22:49,False,2.548e-10,7.57e-13,97503119183.0,0.7381,0xf9...3aae,https://bscscan.com/tx/0xc22bb2a6302a7709e90b19c1cdcbb9173905265bcfea9636e1773c7c9f3764ab
2023-03-21 20:22:40,False,2.561e-10,7.57e-13,16054231534.0,0.1215,0x95...6c28,https://bscscan.com/tx/0x0ce814e3f7d443b910e66f67940f7710e977c766dca8ebc7aa43332af723bd76
2023-03-21 20:22:10,False,2.561e-10,7.57e-13,20188626089.0,0.1528,0xa3...e121,https://bscscan.com/tx/0xf881d418784c0fb64fb52ea50050a00d4f3d73abd8322836d23520979215db3c
2023-03-21 20:21:46,False,2.561e-10,7.57e-13,6030000000.0,0.0456,0xdd...8f2e,https://bscscan.com/tx/0x273748c7da79259c54b285287d928f9e605ce2e66e832088b864c40a578ea14e
2023-03-21 20:19:52,True,2.56e-10,7.608e-13,157724008603.0,1.2,0xd6...0adf,https://bscscan.com/tx/0xac1a35c120c630cd254cf51ec203666eeb70e40527e017a31d110cb65fa87564
2023-03-21 20:16:43,False,2.546e-10,7.569e-13,7404500746.0,0.056,0xe8...e2b6,https://bscscan.com/tx/0x458396e883b33ba7ec2008b28775607e02b1054f8f7712770431405e4273291a
2023-03-21 20:16:28,False,2.559e-10,7.57e-13,12072939182.0,0.0913,0x73...935b,https://bscscan.com/tx/0x5d4b10dc72c6fea4322fc463c3947b04968e328a61f7c63a6deef5656ddd9ec1
2023-03-21 20:15:40,True,2.572e-10,7.608e-13,3943210184.0,0.03,0xd2...3977,https://bscscan.com/tx/0x41eacbf80737e504921ec1d27f7695ff9ad034cc4f7ddc5d2d6ba0bf3fafb8d4
2023-03-21 20:14:34,False,2.559e-10,7.57e-13,1532536200.0,0.0116,0xea...0c58,https://bscscan.com/tx/0x2f620b34d2b64db696b0348f85cfde7389112d60457b7776ba6020d534602fd6
2023-03-21 20:13:58,True,2.572e-10,7.608e-13,6609551734.0,0.0502,0xec...87a8,https://bscscan.com/tx/0xfc3d45db33b598011baf2a2902c5d6edc5cfaf05f8959285bb04ae3a3cf8252f
2023-03-21 20:13:25,True,2.559e-10,7.607e-13,3376455500.0,0.0256,0x6b...ed57,https://bscscan.com/tx/0x9515d6d0c8870a369b137ae457ab1f7fdabe6ba6e08eb413b84d670aa485035a
2023-03-21 20:13:07,True,2.572e-10,7.607e-13,4760648965.0,0.0362,0x9c...39be,https://bscscan.com/tx/0x078287b2ef2df8195c11b486c3d813a238c9c2ba6e3d5e3f2bdd7821a8fa5d7e
2023-03-21 20:12:43,True,2.559e-10,7.607e-13,7839099937.0,0.0596,0x6b...ed57,https://bscscan.com/tx/0x0cc8bfa9c0c40452f9b6f9cd0483d92687f115b3f9055681c67dfcca779ab059
2023-03-21 20:12:25,True,2.559e-10,7.607e-13,5527587962.0,0.042,0x7e...4648,https://bscscan.com/tx/0x490584ad15cbcef51ffe393dad44f395a987a541c9b50e72e108aa543d7b0b4e
2023-03-21 20:12:16,True,2.572e-10,7.607e-13,5579990030.0,0.0424,0x6b...ed57,https://bscscan.com/tx/0x3d7bf670e6b2617c926bdaf11b105a871ebf75610844e96e1486d7ee6a66a5f2
2023-03-21 20:11:40,True,2.558e-10,7.607e-13,66105300000.0,0.5029,0x77...27c1,https://bscscan.com/tx/0x0962e19c3958527d6dc15e929a8236e6952c0e2bc64c0bb4bc34c7eaf77add5f
2023-03-21 20:10:28,False,2.544e-10,7.569e-13,2970100429.0,0.0224,0x65...adaf,https://bscscan.com/tx/0xb0f9df95ce562058648eec18956a942c6fc8289820e7e5d5f7fe53e108ab1517
2023-03-21 20:10:28,False,2.544e-10,7.569e-13,17173361365.0,0.13,0xb7...50d1,https://bscscan.com/tx/0xa298bbf51132fc7ffd2b2321ff9630172b607385f4be73d3ff67c6fcad1069da
2023-03-21 20:10:13,False,2.544e-10,7.57e-13,157691295019.0,1.19373,0xd6...0adf,https://bscscan.com/tx/0x3baed98feb92a61bf66f35976bb4091381134a41bc2aed0a6ccf09402aa46fd6
2023-03-21 20:08:20,True,2.555e-10,7.608e-13,1314357660.0,0.01,0xdf...2281,https://bscscan.com/tx/0xf9e0050f33816c105e9408d8c4c2d379db68f777bdc0ff48053baa9094e333d7
2023-03-21 20:07:10,False,2.541e-10,7.572e-13,1336135322514.0,10.118,0xf5...8cea,https://bscscan.com/tx/0xe30807c91a59ea657664714fdf3871aec39f085f12346ff9937bfe749057e3da
2023-03-21 20:05:26,True,2.568e-10,7.612e-13,6772290001.0,0.0515,0xab...ce75,https://bscscan.com/tx/0xe149c64efa3f0b99a619f026d9e01de935deb796853e139de03a2374e8120e3c
2023-03-21 20:03:47,False,2.554e-10,7.574e-13,8124253058.0,0.0615,0x2d...16ba,https://bscscan.com/tx/0x0c4d274aa98e65455e68589f65f11cf77f5fdfa2aef2791318b77c52b647d652
2023-03-21 20:03:14,False,2.554e-10,7.574e-13,19712753957.0,0.1493,0xc6...693c,https://bscscan.com/tx/0xeb6831bb1f7e0ac79616866619a77e5882ec2d3fedbefbce12f80450e78a75e8
2023-03-21 20:01:50,True,2.554e-10,7.612e-13,131358806985.0,1.0,0x81...6fed,https://bscscan.com/tx/0xbba976fe987d09d232f3c5734b1406dd7525d306411b31473310cc28a13195a2
2023-03-21 19:59:50,False,2.555e-10,7.574e-13,148437899898.0,1.12438,0x84...0a39,https://bscscan.com/tx/0x00f0ed05d70eb6473fed3e5693e43e86c0ee3b8a3bda429f541830ea90ddd612
2023-03-21 19:56:50,True,2.567e-10,7.613e-13,1017515445.0,0.0077,0xb3...b3ef,https://bscscan.com/tx/0x3e9082fafa0c8f2756131780f628869722177afa55c8b65cd93d0f006092303e
2023-03-21 19:56:50,False,2.554e-10,7.575e-13,25752775578.0,0.195,0x1a...7cfd,https://bscscan.com/tx/0x9570e2c32cb42eaf5c7e1ea49e4e8507ee637f9017e434b7ad2680bf059a35df
2023-03-21 19:53:23,True,2.567e-10,7.613e-13,7881158340.0,0.06,0x80...fab4,https://bscscan.com/tx/0x6bca4d3c34182783b29a7adb25e2ac22e23d47ca60f30834fd76aa786fd971d7
2023-03-21 19:53:08,False,2.555e-10,7.576e-13,928060794403.0,7.0316,0x23...e62b,https://bscscan.com/tx/0x8798a3d64885e8e093327cb61ad719cd38919b3026a8ce6d1e9de4aadebc0f40
2023-03-21 19:51:41,False,2.555e-10,7.578e-13,1620000000.0,0.0122,0xa2...59ef,https://bscscan.com/tx/0xaa3205b4380e3ef7bb00b3fa3a5fb7042c2652b531e67615145ee55ed679e1c5
2023-03-21 19:48:53,True,2.554e-10,7.616e-13,2000000000.0,0.0152,0xb1...0bca,https://bscscan.com/tx/0x7562dfa6376c70886101afef1e751ea049d8978e068cb8e0c667b71f25aef3ea
2023-03-21 19:47:29,False,2.542e-10,7.578e-13,2908692451.0,0.022,0x78...88b1,https://bscscan.com/tx/0x8bcd2926153c6cae2583e3c6ae04d61feb288298053b3ae3ef4d8aee9d6c9b2c
2023-03-21 19:45:32,False,2.542e-10,7.578e-13,45905999252.0,0.3478,0x2f...c28f,https://bscscan.com/tx/0xd30ce80178b31528cee5fd8df4c83f97e70ae819e6078e48d2d2f688e605f2e5
2023-03-21 19:43:29,False,2.543e-10,7.579e-13,349318990883.0,2.6475,0x9a...3ac7,https://bscscan.com/tx/0x7b930b918483cc726a5d3c21a77549ad2292ba156c85644a7ce12ef629de7e66
2023-03-21 19:43:14,False,2.556e-10,7.579e-13,7250396125.0,0.0549,0x8c...59a7,https://bscscan.com/tx/0xbb0a38952a20c9c527b5ece402179d6a4ca064e4e1938347f949eafa21c34dc6
2023-03-21 19:42:11,True,2.569e-10,7.617e-13,60000000000.0,0.457,0x95...1ab3,https://bscscan.com/tx/0xcd377c517cac4dad58de2afaa2d981715e32d631ba85a2efb6044171a400a6fd
2023-03-21 19:41:47,True,2.569e-10,7.617e-13,10200246127.0,0.0777,0x44...e373,https://bscscan.com/tx/0x3f27e478dc9e119cca242eba113e668a23dcc13a97a64b8455aed714e753f82d
2023-03-21 19:41:47,False,2.557e-10,7.58e-13,524456855123.0,3.97555,0x05...7066,https://bscscan.com/tx/0x61e3b4fa98fa3c587615e27bdfea82a5bc37a31ef2aa7c643ed6bef0051f375e
2023-03-21 19:38:11,False,2.557e-10,7.581e-13,185610646101.0,1.40721,0x6a...369a,https://bscscan.com/tx/0x756a49810e7c37af4ebe72cdcdc91b9fc8e91906c95a81d71783c8fa6f7f9c94
2023-03-21 19:36:35,False,2.544e-10,7.582e-13,632814003231.0,4.79859,0x05...7066,https://bscscan.com/tx/0x19a436e981edbc99e65c5720a952ae668d796cbf22dd387c4179e1f7e579ff20
2023-03-21 19:35:53,True,2.556e-10,7.622e-13,4803608757.0,0.0366,0x74...ef82,https://bscscan.com/tx/0x953baa6755fe7490060e71f44c14cfc91ce6e7d33d5b37b42909f46cb40b5e1d
2023-03-21 19:31:23,True,2.555e-10,7.621e-13,141200552176.0,1.07621,0x15...4042,https://bscscan.com/tx/0x1f489b38d4d14c77a5d52e9aba0a511f1a2a393b58efeaf3c9507bc9d5d5cf01
2023-03-21 19:29:17,True,2.568e-10,7.621e-13,15503040398.0,0.1181,0xd4...584e,https://bscscan.com/tx/0x04324227b16d3b0ace17b1f360a775dc3d780fe3a585729c958d09655c7f60be
2023-03-21 19:28:38,True,2.568e-10,7.621e-13,12500000000.0,0.0952,0x22...bd81,https://bscscan.com/tx/0x5bb0f18a41aee77b6131a045a40b5184dc6d7d23ea2c4f0ac716b8fb70a567c4
2023-03-21 19:28:38,False,2.555e-10,7.583e-13,37800000000.0,0.2866,0x64...e513,https://bscscan.com/tx/0xb770ddabde6317d11044758c0692bfa4d158f469c23c25fc9d8f1e52be1d6d1a
2023-03-21 19:26:56,True,2.554e-10,7.621e-13,9184390001.0,0.07,0x58...0c8c,https://bscscan.com/tx/0x4601541559ab45f8a241e7e68b4061fa27b194fdfabd565879bdc403175e9417
2023-03-21 19:26:32,False,2.554e-10,7.583e-13,7023863191.0,0.0532,0x6a...9f7d,https://bscscan.com/tx/0xa374a12127c7299a21cfe78af46b6877eda7ac1c04c4e67327f842be5ad6cc4f
2023-03-21 19:25:42,True,2.567e-10,7.621e-13,58769836006.0,0.4479,0x95...3017,https://bscscan.com/tx/0xb4e009021e5cde55246c00d92dfad3950463ee55fe3fdf10686a4810b39c8a76
2023-03-21 19:25:39,True,2.567e-10,7.621e-13,17916048571.0,0.1365,0x5b...ac2d,https://bscscan.com/tx/0x2b1f59a23cab652518657936ce7a22a0375b72a4012aa882a050f63441c508fa
2023-03-21 19:25:39,False,2.554e-10,7.583e-13,34178162401.0,0.2591,0x60...504b,https://bscscan.com/tx/0xa3129b299052e0c4bfaa7312ead7b10eccd34b425ce9282808252eea93132796
2023-03-21 19:24:57,False,2.554e-10,7.583e-13,9674283068.0,0.0733,0xd7...21fa,https://bscscan.com/tx/0xa621ae537d3418829b3d4c868aae8a922212e453145f3ba45ee8a51d7140a364
2023-03-21 19:22:39,True,2.557e-10,7.621e-13,644882001.0,0.0049,0x07...f577,https://bscscan.com/tx/0x215cef0e4a460261b9ed950395704633a7e5e4651a53fb6f3e119d1b7c7f0e59
2023-03-21 19:22:24,True,2.557e-10,7.621e-13,17057087314.0,0.13,0x77...d697,https://bscscan.com/tx/0x740587cbafaa78ffde065135f6865acaf46eda9d52f36f0c5b6fdb9f91de1fe5
2023-03-21 19:21:54,False,2.557e-10,7.583e-13,181213172685.0,1.37426,0x96...f3bc,https://bscscan.com/tx/0x2a4662f6b692359046070dbd18328f0378fe55e01e753dde928ae5459bc505ae
2023-03-21 19:21:51,True,2.57e-10,7.622e-13,1410750924.0,0.0107,0x15...4042,https://bscscan.com/tx/0xd5708e1922f6ff41ae5b9c5e1b590e866ea21b1e4aa611e601d4c976e79050f1
2023-03-21 19:21:03,False,2.557e-10,7.584e-13,73166808249.0,0.5549,0x95...3017,https://bscscan.com/tx/0x4201ce95fd12d67ec1dfb5d90e6cda0464a394424a1a42a5f61e6d9802670e2c
2023-03-21 19:20:24,True,2.57e-10,7.622e-13,15743312442.0,0.12,0x0e...e1d3,https://bscscan.com/tx/0x7c5a6013e932bc9cb04bb10eefef3fa067b8d60e772f051ee5fa0c411c57087c
2023-03-21 19:17:33,True,2.568e-10,7.622e-13,22303219178.0,0.17,0xf3...c2aa,https://bscscan.com/tx/0xcd6adfb6d04980ec5a6b520818cee64939f0ceab7ef03bf418842cd8688b4ca1
2023-03-21 19:16:48,False,2.556e-10,7.584e-13,129291220570.0,0.9805,0xf4...3bcd,https://bscscan.com/tx/0x5d01d7530f4cf4dcaeaa7d49255f70dbf5d475e6e2b551db05d6e333cb60b226
2023-03-21 19:16:20,True,2.556e-10,7.622e-13,3051477439.0,0.0232,0x5a...2518,https://bscscan.com/tx/0x627d2c671f037ec1a45f82a39eb2f7dfb18575df74ed020a4a7fe1c2a5b3dab7
2023-03-21 19:13:59,True,2.556e-10,7.622e-13,26237867084.0,0.2,0x81...6fed,https://bscscan.com/tx/0xd48a9c8808637f85f9126f76e5ad91bf5934233c66299a681072d600d145d181
2023-03-21 19:13:38,False,2.556e-10,7.585e-13,322812433251.0,2.44854,0x05...7066,https://bscscan.com/tx/0xdf11100a7f1da464e510ef476fba17f0d4049b790c28dc84c88a811a9ed4c7a3
2023-03-21 19:13:20,False,2.557e-10,7.586e-13,517830250578.0,3.9285,0x05...7066,https://bscscan.com/tx/0x56321e666680bb4fc082a22930eddada1d0aff999f7882d60cf3cfdeb07e47b8
2023-03-21 19:12:26,True,2.557e-10,7.625e-13,13114042648.0,0.1,0x81...6fed,https://bscscan.com/tx/0x8c0d1dc3b31e80118ec11c6c45ee6fb6e33fba47a7f7be732cc9da7f30eb521c
2023-03-21 19:11:14,False,2.544e-10,7.587e-13,22312152783.0,0.1692,0x97...2b5f,https://bscscan.com/tx/0xe6286780d83c9c0c997924e11ec663023ecc5d73f2b22b5df52e83c9c0019740
2023-03-21 19:11:08,True,2.557e-10,7.625e-13,15736795069.0,0.12,0x0e...0d07,https://bscscan.com/tx/0x816edaabeff8f7aaa546dc12044034a54b2999627248d585b1366f9ff14aa1e9
2023-03-21 19:09:41,False,2.557e-10,7.587e-13,8173384642.0,0.062,0x56...e8ff,https://bscscan.com/tx/0x05cf6d79ffd642c9bad8ddef36d50be34911cdb16402ce64d7afa7447c51a06f
2023-03-21 19:08:08,True,2.558e-10,7.624e-13,255996723277.0,1.95197,0xe8...7116,https://bscscan.com/tx/0x380dd8cbaff7ad66359e0a2bca72c6014710fdd7f76dd2e5e5155d701cb72265
2023-03-21 19:07:08,False,2.546e-10,7.586e-13,4634608114.0,0.0351,0x48...4674,https://bscscan.com/tx/0x066048a041a7c056b11ef6fde01039f33f454bc8beed78e09518d33106a81dc7
2023-03-21 19:03:53,False,2.545e-10,7.586e-13,14605894434.0,0.1108,0xf7...f34b,https://bscscan.com/tx/0x3a44514cfcf135cd70a328874915161c5d1f0f0ebacb135811ad2f5bcb592b47
2023-03-21 19:03:17,False,2.546e-10,7.586e-13,14605894434.0,0.1108,0xf7...f34b,https://bscscan.com/tx/0x58933beaacdd139c4548edc73325844ae34c213dcb98fb8ef1ad5f684ebe77bb
2023-03-21 19:01:56,True,2.557e-10,7.624e-13,8481976065.0,0.0646,0xdd...7e3e,https://bscscan.com/tx/0x7bac93c0932f53078950cbd4ff5f8d43eec801be3455906c64ea428f51c3d56a
2023-03-21 19:01:56,False,2.545e-10,7.586e-13,139019351163.0,1.05471,0x04...dddb,https://bscscan.com/tx/0x5c77d18d7beaddf1e110c97e7928f12c89221e639e2ec3bf64d3006a0f4e724d
2023-03-21 19:01:02,False,2.557e-10,7.587e-13,16214780970.0,0.123,0xf7...4cd2,https://bscscan.com/tx/0x31aa4d312d628c62c2756c7fd3485987eda0adcb738ca4fde7daa7db904c0655
2023-03-21 18:59:50,True,2.57e-10,7.625e-13,10351249772.0,0.0789,0xa0...6175,https://bscscan.com/tx/0x8ae6ef4f13eb4d482b9b7f6a0a868b5ab4ddc5ba02714be2576d4d814f29698e
2023-03-21 18:59:23,False,2.544e-10,7.587e-13,10156958271.0,0.077,0xb3...6e22,https://bscscan.com/tx/0x408ca217dc5647ca9890de692fbda14244ae1acf92e8ab10840a09f8d965f562
2023-03-21 18:59:20,True,2.557e-10,7.625e-13,4000000000.0,0.0305,0xef...3108,https://bscscan.com/tx/0xd618e584c362a3b61b4e37975a46c73114c96da37ff9da6205c847a20a88e4cc
2023-03-21 18:59:02,True,2.557e-10,7.625e-13,5245795253.0,0.04,0x6e...88e7,https://bscscan.com/tx/0x51a1a3899c64360415e3e9ce5ed0ba3848a7154e74da4f2a9b65bd14ca3b2627
2023-03-21 18:56:32,True,2.57e-10,7.625e-13,2076258329.0,0.0158,0xd3...e551,https://bscscan.com/tx/0xb860a1f5e3a0569adcf56bce64862e0b18c8f6a370f48c25c8271f480b83e7ec
2023-03-21 18:56:04,True,2.57e-10,7.625e-13,7416257029.0,0.0565,0xa8...5fbb,https://bscscan.com/tx/0x17a7134b3a8da2c4d0be85a5bfea872cc9ed934b4f627237914c87a93d395dbb
2023-03-21 18:55:39,True,2.569e-10,7.625e-13,12370131328.0,0.0943,0xb6...8dbe,https://bscscan.com/tx/0xe722b92cb76986d6fa257c655bac4d6c4b01213b2553c438eacc51f4b9ee5c22
2023-03-21 18:54:10,True,2.556e-10,7.625e-13,622945220.0,0.0047,0xe0...49ef,https://bscscan.com/tx/0x589a02ceebff9cef3805e624fef7360632570d60e1aa7fd94af812e4be83edbe
2023-03-21 18:52:52,False,2.559e-10,7.587e-13,50945280733.0,0.3865,0x69...f59c,https://bscscan.com/tx/0xaca81205a5cd59d2d328c4c76befb1566a134ce3f0eb087544e7258888c4e265
2023-03-21 18:52:07,True,2.563e-10,7.625e-13,19796174004.0,0.1509,0x0e...c8eb,https://bscscan.com/tx/0x68be17b6c36af395834c926f3d04c7db8f2b185bfd1eb038c65aa06a68473a51
2023-03-21 18:50:19,False,2.551e-10,7.587e-13,81000489289.0,0.6145,0x0e...5e80,https://bscscan.com/tx/0x2880e1fa3267b162f98ae67e745b84e7fe5896541372434f8f103cfc101ea8bd
2023-03-21 18:49:13,False,2.552e-10,7.587e-13,6869606122.0,0.0521,0x3b...0a98,https://bscscan.com/tx/0x26694c7747a51bae941c44a6a1521df2532190f346e7dbc9d6c29b6fdc107094
2023-03-21 18:46:31,True,2.578e-10,7.625e-13,3278196605.0,0.025,0x5b...2f2c,https://bscscan.com/tx/0x4b30771709d14967b2e73eef52b5ac75a1ac6fb9d2ba714e3c441b6214d3936d
2023-03-21 18:46:04,True,2.565e-10,7.625e-13,2622780001.0,0.02,0x78...ad07,https://bscscan.com/tx/0x02f8c494f05a8c17e4edf8f69be57e66f4eb06685328b8637f8aecd8ca1d4f4a
2023-03-21 18:45:40,False,2.553e-10,7.587e-13,5291412553.0,0.0401,0xa7...d55a,https://bscscan.com/tx/0x90c6783c3c199ec15a592712305f0534ae4d5c91a82ac140dc345bfff1b18540
2023-03-21 18:45:04,False,2.553e-10,7.587e-13,293181845562.0,2.22464,0xb9...3907,https://bscscan.com/tx/0x07fc567452c98eebb0b535f752be0318c6faadd3e964e0f193463a81055ac39a
2023-03-21 18:44:16,True,2.579e-10,7.626e-13,1403241857.0,0.0107,0x15...4042,https://bscscan.com/tx/0x34035506c9eee068d2540f79b454a49c958a23bb1698907a7accbaee6593180d
2023-03-21 18:44:10,False,2.553e-10,7.589e-13,572700174564.0,4.34645,0xb9...3907,https://bscscan.com/tx/0x4c63a6db2e24bdefb4ba872172358602aaf5e8ac09bac83a3debbade249dc93b
2023-03-21 18:43:07,False,2.566e-10,7.59e-13,146456706626.0,1.1117,0xb9...3907,https://bscscan.com/tx/0xf5b3a41f0445c20e3eede76cbd86bd44c82d5bb5ea3bdb4e2f56a99f8a5b4ce3
2023-03-21 18:43:07,True,2.579e-10,7.628e-13,2011048962.0,0.0153,0x38...e79b,https://bscscan.com/tx/0xb5df3e494df1fd9f70d2a47edcd2e7309f9239761bc8143d2a78e02a01406f36
2023-03-21 18:43:04,False,2.566e-10,7.591e-13,139410503909.0,1.05828,0xb9...3907,https://bscscan.com/tx/0xd15e12c4690ce481b4d61df65b58d051ea91066fa6f7a9c85685a63f124699b3
2023-03-21 18:42:55,False,2.553e-10,7.591e-13,9386983834.0,0.0712,0x40...1a2a,https://bscscan.com/tx/0x1b191c52fe11177f5fcc8cda591739f87bdc71303dce0d972607017089442636
2023-03-21 18:42:43,True,2.566e-10,7.629e-13,19009900001.0,0.145,0xfa...9743,https://bscscan.com/tx/0x776376d8a52c9456d3244b2a0df98288b75ba4b4a5f1fe798fd850d882089731
2023-03-21 18:41:55,True,2.578e-10,7.625e-13,2099029272271.0,16.0067,0x2e...57ce,https://bscscan.com/tx/0xfb563e46f6b02533c8ea0097efda007088bcd8f415b4d93f3b45002cd1e992d6
2023-03-21 18:40:58,False,2.564e-10,7.584e-13,54423131715.0,0.4127,0x1d...f2d0,https://bscscan.com/tx/0xaf14cd0f79f2648c2cf9cf0b7e8de639a5f51d0b210693898e9e9374df101421
2023-03-21 18:40:28,True,2.577e-10,7.622e-13,6559690750.0,0.05,0xa6...c471,https://bscscan.com/tx/0xf98fbb630a54749932b4fd37a30a091021778028d3563c6f556ded022501dc70
2023-03-21 18:40:01,False,2.551e-10,7.584e-13,1800000000.0,0.0136,0xf1...86c5,https://bscscan.com/tx/0xf7c748ddb204ce7f79437b266c8adbf69e455833d06db245c762c7a131a1011e
2023-03-21 18:37:34,True,2.565e-10,7.622e-13,1000000000.0,0.0076,0x0e...deac,https://bscscan.com/tx/0x048ce2e380e6e80f863da51d093bbf72b9bacdb3bc1d5c15f85cabdfca9bd1e8
2023-03-21 18:37:25,False,2.565e-10,7.584e-13,4706983286.0,0.0357,0xaf...30ce,https://bscscan.com/tx/0x71b5c29377e85464ed016c061daa6338c278bc395ecbdcbc9e0ee5f07260b3bb
2023-03-21 18:36:37,True,2.578e-10,7.622e-13,7692024702.0,0.0586,0x6b...ed57,https://bscscan.com/tx/0x06c67dbbe319b585924399ef07c95970422b8aa5cd0751597a92d9b93dd911a2
2023-03-21 18:35:58,False,2.551e-10,7.584e-13,53276377086.0,0.404,0x95...a6bc,https://bscscan.com/tx/0xeca919a5f7b3a38090a65cb03ee0dad900fe0070be35440669550b023d2666f8
2023-03-21 18:30:18,False,2.564e-10,7.584e-13,237826842301.0,1.80387,0xb9...3907,https://bscscan.com/tx/0x91e7f5daab52de1049363f7f5eb177fcc2ac9e5a741215b839c68a937a724491
2023-03-21 18:30:00,False,2.551e-10,7.585e-13,67723703970.0,0.5137,0xf7...c545,https://bscscan.com/tx/0xacd9611c2d74d4a4fd94cf0c75c23d5145b310d05e6d34c369cacde3580543b0
2023-03-21 18:29:45,False,2.564e-10,7.585e-13,51964617451.0,0.3941,0x6a...1d33,https://bscscan.com/tx/0xb62402035fedb0d53caa90c7926c9fc02833c911c7a761495f7fb716c1bb2899
2023-03-21 18:27:42,True,2.564e-10,7.623e-13,6961283930.0,0.053,0x61...ca35,https://bscscan.com/tx/0x7d7d283f4386744e39c3077b0165dd62b7a4aded54c2c4837a70970f8acc5d8c
2023-03-21 18:26:09,False,2.567e-10,7.586e-13,233322467358.0,1.76999,0xb9...3907,https://bscscan.com/tx/0x617a2607a50d8ccf51f12c29608e84f2fe9dca233d8ba79265b97b61f2be76c6
2023-03-21 18:26:06,False,2.567e-10,7.586e-13,24144852238.0,0.1831,0xb9...3907,https://bscscan.com/tx/0x56cb07e1af14c87bab1f22332e91fbdf9db822959386d2c27aaab59649745c64
2023-03-21 18:26:06,False,2.567e-10,7.586e-13,45734499350.0,0.3469,0xb9...3907,https://bscscan.com/tx/0x4f7732bd4650610d5f5daa37427e6c369c4fdfac2ec403df0f8891c58802a110
2023-03-21 18:26:06,False,2.567e-10,7.587e-13,209356742464.0,1.58839,0xb9...3907,https://bscscan.com/tx/0xd635a130852df556dacbf3f3bdb3baea33ba7b257b726dd01ec5ec6eda5c8c8d
2023-03-21 18:25:45,True,2.58e-10,7.625e-13,419646588.0,0.0032,0xcb...a83a,https://bscscan.com/tx/0x1433cab1e253cb4a5420ba5198c6ea9f0808078a1dabb5e052f598419ec5af05
2023-03-21 18:25:33,False,2.555e-10,7.588e-13,522637969365.0,3.96593,0x7d...875c,https://bscscan.com/tx/0x392cace81666544056a13963a623f8b233e60e596beb7cde8872deba00e56e91
2023-03-21 18:24:00,True,2.582e-10,7.627e-13,10000000000.0,0.0762,0x0e...deac,https://bscscan.com/tx/0x6b6b0c9946acdab9e151dc45a480bd41e50184c65cdb362afb5c2ef0efbb1068
2023-03-21 18:23:42,True,2.582e-10,7.627e-13,1400000000.0,0.0106,0x27...341a,https://bscscan.com/tx/0xa928dfbb47c244a91d4ae878297dfabc8c565065ca33c75fc4e18dfccf067036
2023-03-21 18:23:18,False,2.569e-10,7.589e-13,89060825412.0,0.6759,0xe6...eac4,https://bscscan.com/tx/0x5b49d5b9257fdfcfff1af7d4fdf5f4c845e76b1b24d9bb6048d0fc5eafcc724c
2023-03-21 18:22:15,False,2.569e-10,7.589e-13,3301797195.0,0.025,0x91...1ab8,https://bscscan.com/tx/0x92327b8563225cb73078a77fa933f2f87be82f84d71d0d26111f00c79df718aa
2023-03-21 18:20:54,False,2.554e-10,7.589e-13,18000000000.0,0.1366,0x2c...a8c5,https://bscscan.com/tx/0xe3884656cabe9518def9190213fceeed1d8a7c8bac8187b95d2609d8621a434f
2023-03-21 18:19:57,False,2.552e-10,7.589e-13,1022593492.0,0.0077,0x72...967e,https://bscscan.com/tx/0xcc207e93890a8cc48a8717c378b7bf4925ff530757bb5e50880a3173a959c040
2023-03-21 18:19:33,True,2.565e-10,7.627e-13,12841409533.0,0.0979,0x08...2721,https://bscscan.com/tx/0xa1b66110125aa1ad3edf934323f3e193479590352dd07ac8ba5bde3020c48d30
2023-03-21 18:19:33,False,2.552e-10,7.589e-13,1340982001.0,0.0101,0x5a...ef7c,https://bscscan.com/tx/0x1635ac1d738e506856692bc6fda0b333fd60ab5967b16b9f287f8d496fdfe414
2023-03-21 18:17:45,True,2.58e-10,7.627e-13,17254820576.0,0.1316,0x08...2721,https://bscscan.com/tx/0x521991a9ffc1164faf057b71f501ed1768ba281172d40adce861bf0527b065f1
2023-03-21 18:14:54,False,2.567e-10,7.589e-13,53999730000.0,0.4098,0x67...37a0,https://bscscan.com/tx/0x6d19e3a11848a569cca1ac5b1eeb3dee5725a44889ad6c9cd7029add256731cc
2023-03-21 18:14:49,True,2.58e-10,7.627e-13,58038893138.0,0.4427,0x46...40ba,https://bscscan.com/tx/0x14e847ec322ef278d09eb964911c58481fb83935e2677dd02ff10cc5d56ad4a9
2023-03-21 18:11:49,True,2.579e-10,7.627e-13,10958674153.0,0.0835,0x59...f7d7,https://bscscan.com/tx/0xd304b162091eba7a8359f24af0ec5d1890034887b632853ce5dc376b825571c2
2023-03-21 18:10:31,False,2.566e-10,7.589e-13,9121378705.0,0.0692,0x05...aa31,https://bscscan.com/tx/0x7fa83398ec6ae198c906d70c4011093587133fa77550f784ea28d0117e4d6218
2023-03-21 18:09:22,False,2.567e-10,7.589e-13,2197498048.0,0.0166,0xe7...43cd,https://bscscan.com/tx/0xb6ca04d4fddefddf14406f30b3d64790864eae3b3e6319b6802e83489cf5d99f
2023-03-21 18:09:01,True,2.581e-10,7.627e-13,10000000000.0,0.0762,0xc3...7f84,https://bscscan.com/tx/0x129097cf4689076e384675f37677f44b8e9d903f9168d2cee059551b42205736
2023-03-21 18:08:43,True,2.58e-10,7.627e-13,18738865476.0,0.1429,0xa1...c3be,https://bscscan.com/tx/0x26cca94a3984cba4ffe3cc8aaa2bcf05fc5dc5ee5886e8de36f7d26b7e21f708
2023-03-21 18:08:19,False,2.555e-10,7.589e-13,15274178473.0,0.1159,0x02...9eb9,https://bscscan.com/tx/0xc84c31b53d3c292c0a63648315e4b12f376190f7f9f14e2fcdb850da8ccf7f29
2023-03-21 18:07:35,True,2.567e-10,7.627e-13,9662835717.0,0.0737,0x8f...144b,https://bscscan.com/tx/0x5a853e75c89d3ab3c08e419772a806781f57b1403cdcee573d90475065e4eed0
2023-03-21 18:07:16,False,2.567e-10,7.589e-13,20266507596.0,0.1538,0xaf...9be8,https://bscscan.com/tx/0x4b090f42b8c496b24531671d90815e4990eb5c514b15b4bb2938c97264a8a708
2023-03-21 18:06:23,True,2.585e-10,7.627e-13,2003418125.0,0.0152,0x79...1329,https://bscscan.com/tx/0x9d158f2c62f112cf01e1120988bfba6a1bac2c04aa6344d6e7f893bb90814a5b
2023-03-21 18:05:43,True,2.585e-10,7.627e-13,400000000.0,0.003,0xd6...f1f4,https://bscscan.com/tx/0x5846cbe6ea7a70f354265b2923f998e1faf860a58fb9988cfe4423ffab62d3fc
2023-03-21 18:05:06,False,2.561e-10,7.589e-13,275595720106.0,2.09174,0xb9...3907,https://bscscan.com/tx/0x11545986f952aa608b265da8e016ab3faf3e9d1032e9da2c825fe5a761db2966
2023-03-21 18:05:03,False,2.561e-10,7.59e-13,19935545496.0,0.1513,0xb9...3907,https://bscscan.com/tx/0x2109f1869cce2d450b57c119d67e667320a6270f25fb72e24cf7effc1a7a6a4b
2023-03-21 18:03:51,False,2.574e-10,7.59e-13,23084514396.0,0.1752,0x4b...b273,https://bscscan.com/tx/0xb4679692493466d01f7c389d67b485204c04a0c0eaaa10d310c2f5dad6aafa11
2023-03-21 18:03:48,True,2.587e-10,7.628e-13,72032815797.0,0.5495,0xf3...d84e,https://bscscan.com/tx/0xbd0432250647b57198ce0a2716db368683caca79629acddb02877e882b2954e0
2023-03-21 18:03:03,False,2.56e-10,7.59e-13,24526971194.0,0.1861,0x30...275b,https://bscscan.com/tx/0x13887755260ed59f76ef003b4c58a60cb57039b54e494d34228f1a4a1b3765b5
2023-03-21 18:02:45,True,2.573e-10,7.628e-13,802037020.0,0.0061,0xac...56a2,https://bscscan.com/tx/0x9730a81deb76b1679a852d1c4f41d6dcd6e14a864b653421a71febb164c2a713
2023-03-21 18:02:42,True,2.573e-10,7.628e-13,4812143003.0,0.0367,0x97...93b0,https://bscscan.com/tx/0xe69e54e72beebc789f6baea63b0e61135530517c05379eaa7a1e2433682e24de
2023-03-21 18:00:15,True,2.573e-10,7.628e-13,45986150965.0,0.3508,0x69...6f65,https://bscscan.com/tx/0x6b0c3a21863a61b863b3e978cc2171582bc7427ddf301f1d965be6dca007f099
2023-03-21 17:56:36,True,2.588e-10,7.628e-13,2493940948.0,0.019,0xc6...2a5e,https://bscscan.com/tx/0x0edfc4756efc54dcbf7b8015b0a21ca5801bfd01925d850bc57eb63292be71b2
2023-03-21 17:56:15,False,2.576e-10,7.59e-13,233366696396.0,1.77138,0xb9...3907,https://bscscan.com/tx/0xac61ea77eb724a031fdd385147f082c99ae0ef2883dd381da0b3cc2c9af4cdd6
2023-03-21 17:56:12,False,2.576e-10,7.591e-13,32759585233.0,0.2486,0xb9...3907,https://bscscan.com/tx/0xf2b93cdd022ff2e3b779ab1d1f148f1edafdec73dca832911b205afb2b4da726
2023-03-21 17:56:06,False,2.576e-10,7.591e-13,525176556800.0,3.98713,0xb9...3907,https://bscscan.com/tx/0x8f4ccd58eb74a332b597ea9fec546ca16e0e923b644407ae12822fbf9daefb98
2023-03-21 17:55:00,False,2.563e-10,7.592e-13,252900000.0,0.0019,0x5c...ccb1,https://bscscan.com/tx/0x02b98d7b43aefd9051fb3606054b7e1e79f54eaeffeac28109e0369c15934087
2023-03-21 17:54:36,True,2.575e-10,7.63e-13,6326494829.0,0.0482,0xf1...1ec7,https://bscscan.com/tx/0x35602a8758d8286b78628dd8005c068179e2e78975dbd7c2b247da4760477cc0
2023-03-21 17:54:15,True,2.588e-10,7.63e-13,12436703612.0,0.0949,0x72...9228,https://bscscan.com/tx/0xd53f4644f4681c9ed766ae5ca57adcec4982b489bbe156463248b1060b6b509f
2023-03-21 17:53:04,False,2.575e-10,7.592e-13,12472219156.0,0.0947,0xbb...462b,https://bscscan.com/tx/0xb2966ca947426e7e26f411eae1745c63811ab38699744f3a67b31d1a136a4528
2023-03-21 17:50:49,False,2.575e-10,7.592e-13,4842667383.0,0.0367,0x2c...0afa,https://bscscan.com/tx/0x01d8a731baf0d04064e3df1a4cfe212dd35d3db16a572830be48254002ea669d
2023-03-21 17:50:25,False,2.562e-10,7.592e-13,22123068248.0,0.1679,0xaf...6538,https://bscscan.com/tx/0xbaea068cf1b40f9a9460354c30a1a5b2768e5ba791823e8a2d4cc6be212f8538
2023-03-21 17:48:58,False,2.574e-10,7.592e-13,7436809080.0,0.0564,0x19...b1b1,https://bscscan.com/tx/0xa2d06d434767d9454759ef162d553cd6787783805a421c42a74688f06e9f72f8
2023-03-21 17:48:37,False,2.574e-10,7.593e-13,54048252900.0,0.4103,0x7b...9bc7,https://bscscan.com/tx/0x821277bdd1f65302f6c373865b65254c87b6bc8bbf120bab2c3592b3110d585c
2023-03-21 17:46:06,False,2.576e-10,7.593e-13,18000000000.0,0.1366,0xa7...27f2,https://bscscan.com/tx/0xa1a869ea44386bb6ad46b747d8b49a710427b0ccf610882b7f9d86a599f3accd
2023-03-21 17:45:57,True,2.589e-10,7.631e-13,8517534663.0,0.065,0xd4...12dc,https://bscscan.com/tx/0x605fe0889e19a46ccd2d65be04317131a36b286c536f139b44da6b646077fe51
2023-03-21 17:45:00,False,2.577e-10,7.593e-13,1800000000.0,0.0136,0x58...ba17,https://bscscan.com/tx/0xb97bf403be224cfa379a174466184f14fa868fef4e4431f4987d6c170ca946f6
2023-03-21 17:41:30,False,2.565e-10,7.593e-13,8948942958.0,0.0679,0xfe...24b5,https://bscscan.com/tx/0xe049f47f97db74ad51b9dd86d58a43f67e5674efca1231779933ffec39cc4e8a
2023-03-21 17:40:33,False,2.578e-10,7.593e-13,100758400074.0,0.7651,0x2a...6d22,https://bscscan.com/tx/0xfa62326e6def08e3f1e02b78293ffe9b01d2d3f4ba83d8306833b9f9939ce820
2023-03-21 17:40:33,False,2.578e-10,7.593e-13,45729153344.0,0.3472,0xbc...7887,https://bscscan.com/tx/0xf69f4315c76f4a7f1e76e20b3dcd892b9a4831827f205f5735bb82b953271fb1
2023-03-21 17:39:06,False,2.567e-10,7.593e-13,134676320596.0,1.02273,0xb9...3907,https://bscscan.com/tx/0x1c1d24da2b0085ad6d9e343c7d2cd6829f0bb5136738c3ea05b15503895f5748
2023-03-21 17:39:06,False,2.567e-10,7.594e-13,194008304498.0,1.4734,0xb9...3907,https://bscscan.com/tx/0xe25c5153902847346fef789e07ec08d60943400a00277bb3c2d97e57e66c3e52
2023-03-21 17:36:54,False,2.576e-10,7.595e-13,97615245725.0,0.7413,0xf7...cf8f,https://bscscan.com/tx/0x1920678dbd7d204281a3259086b81dbff533b82160e059e4d0bb76dc70d86137
2023-03-21 17:35:51,False,2.571e-10,7.595e-13,42713600711.0,0.3244,0xf3...e19a,https://bscscan.com/tx/0x7f209798e263b8fae4969f2fea3e1ffd40baa2f5522ed4cd32fc31f98da964e2
2023-03-21 17:35:33,True,2.571e-10,7.633e-13,1546859175.0,0.0118,0xd0...4d36,https://bscscan.com/tx/0xdb2611494ffff0dc111298953ce913146a9b60aa09efef9dd4d0120da194a621
2023-03-21 17:33:27,True,2.571e-10,7.633e-13,694674565.0,0.0053,0x15...4042,https://bscscan.com/tx/0xfb53b9ecf37cb0e06d9ad12889e78e1cf737e081711d4fcdf5fc9407d47bbc54
2023-03-21 17:33:06,True,2.587e-10,7.633e-13,161005000.0,0.0012,0x58...26ec,https://bscscan.com/tx/0x9f0e4791cf87b6f0984cc0c54c0ff35c23f984c66af1244d5246ee39fcb1a7d7
2023-03-21 17:29:03,False,2.562e-10,7.595e-13,8780793846.0,0.0666,0x60...4ed8,https://bscscan.com/tx/0x5df3000953cfdcf036d43db7a18db2fe116c216503121517ed9f37aae2c58d27
2023-03-21 17:28:15,True,2.585e-10,7.633e-13,11000000000.0,0.0839,0x6d...9025,https://bscscan.com/tx/0xda1bbca017ddf81667947a487233a46ba44b3cb5960ff4b93f18a6e1cdeb7911
2023-03-21 17:27:57,True,2.585e-10,7.633e-13,54405651411.0,0.4153,0x45...7ebb,https://bscscan.com/tx/0x390483ec871868c57f2d732e81214834ca312d451bf56638aade2a4334c50354
2023-03-21 17:27:15,True,2.585e-10,7.633e-13,394398069.0,0.003,0x6e...7427,https://bscscan.com/tx/0x4debf49d452daa4bb97ba01aa58d8457ce097031913a8d64606501bd78f9d54a
2023-03-21 17:26:00,False,2.571e-10,7.595e-13,8780795959.0,0.0666,0x60...4ed8,https://bscscan.com/tx/0x58134b539d5dc39800179a2e6e9c1ec131bef5b2c5c78ad955a1d1353f7fcea9
2023-03-21 17:25:36,True,2.584e-10,7.633e-13,10873440641.0,0.083,0x5a...bc09,https://bscscan.com/tx/0x55b86b3ef2705d37acb0e4c6828fb6fde6934e14b3aee1311bc5f4cc6635716d
2023-03-21 17:24:57,False,2.57e-10,7.595e-13,11486975141.0,0.0872,0x6f...5772,https://bscscan.com/tx/0x98cd5e858f3f74ccfc76c034d39a108fd5ee45a7f2bdae09e820aea9f24f99bf
