datetime,buy_order,price_USD,price_native,amount_token,total_native,maker,etherscan_url
2023-03-27 10:46:50,True,2.324e-10,7.097e-13,7000000000.0,0.0496,0xe1...134f,https://bscscan.com/tx/0x0040bdd856fb196a94da1c5f473180db8eea5117a3a2914ae4aced7b8334f7f6
2023-03-27 10:46:37,True,2.313e-10,7.097e-13,183158239555.0,1.3,0x83...36d4,https://bscscan.com/tx/0x295b9a03d0f321bd7e2fb6e374fefe92f9d437b8c1f4d2aef1979389b8016138
2023-03-27 10:44:42,False,2.301e-10,7.061e-13,17100000000.0,0.1207,0x04...bbef,https://bscscan.com/tx/0x388f8d2c2953b58c4a158bbec2dc9e92323c043f6edd2bb802d33266fe68fc3c
2023-03-27 10:41:49,True,2.311e-10,7.097e-13,52015468769.0,0.3691,0xe1...134f,https://bscscan.com/tx/0x0d00da23fac17e66da50a0239544beae51c5e542da464f032439e19ba401300f
2023-03-27 10:37:58,False,2.3e-10,7.062e-13,360000000000.0,2.54247,0xf0...e19c,https://bscscan.com/tx/0xfbad722376309b9306fc5ef4c6126b9d932fcefca0adff36e362937bb8834eca
2023-03-27 10:37:07,True,2.312e-10,7.098e-13,6565053480.0,0.0466,0xcd...e9e8,https://bscscan.com/tx/0x1004d878ec2e67efc4300c9dca302fdfcfe8dadc2569a6a72113ffd82c8bcae1
2023-03-27 10:36:37,False,2.301e-10,7.063e-13,359825202437.0,2.54163,0x75...239d,https://bscscan.com/tx/0x40fcae36983568c47361e7842e2305c72df140ae778d62f0e90612f88c5a2b0b
2023-03-27 10:34:58,True,2.312e-10,7.099e-13,509058000.0,0.0036,0x0c...2b6f,https://bscscan.com/tx/0x0bac13abaf90ac80856d116590767291b67f4e014c36e8e09496588e1b5d5603
2023-03-27 10:34:19,True,2.324e-10,7.099e-13,5000000000.0,0.0355,0xb6...b0ff,https://bscscan.com/tx/0x23fd544987ad4d477bdb7c492347d586a2c37f263a46839e36ee2e6b1d9e4cf6
2023-03-27 10:32:40,False,2.3e-10,7.064e-13,2218981117.0,0.0156,0xa8...2f5a,https://bscscan.com/tx/0x96b3b8b39fc5696e1a0af57c5670264b74a535ac0ee587eca233ff9fa6a5bc38
2023-03-27 10:31:34,False,2.311e-10,7.064e-13,4508736347.0,0.0318,0x18...cd88,https://bscscan.com/tx/0x620d5dab8d8655b423e26055f0475de9fbef2a96bb719c99b3162477fe069979
2023-03-27 10:30:07,True,2.311e-10,7.099e-13,2522568714.0,0.0179,0xf8...e0e0,https://bscscan.com/tx/0xec1e3e0a0921da0852af8f05693f415a968a7347e6cdab639bbd63977183aafd
2023-03-27 10:28:55,False,2.311e-10,7.064e-13,6729545381.0,0.0475,0x4c...c145,https://bscscan.com/tx/0x73f8f372c63de6c9ccc58d12700e28309456d708668670095062beb1618c2470
2023-03-27 10:26:28,True,2.311e-10,7.099e-13,7042731368.0,0.05,0x58...0160,https://bscscan.com/tx/0x441ea73b638227982c67d01037c51a3bafe41f989d32ac483415de8547e3742b
2023-03-27 10:25:49,True,2.322e-10,7.099e-13,2817090000.0,0.02,0xe0...0ccc,https://bscscan.com/tx/0x0022534a72cc2be6bc482f0c54a826b086de836c2c25e2e29f9bee3ef31be66e
2023-03-27 10:25:34,False,2.311e-10,7.064e-13,4680000000.0,0.033,0x53...bbb8,https://bscscan.com/tx/0xcc6bff58f3a05e00f2170e3a6fb19a85dd449cb85ff75e1992a6bf3d16b46470
2023-03-27 10:21:13,True,2.322e-10,7.099e-13,140859094840.0,1.0,0x63...f701,https://bscscan.com/tx/0xdab07042c4967b68167116121f17183e81136b722f29b5605e9b4f171e623724
2023-03-27 10:17:07,False,2.299e-10,7.063e-13,95559927488.0,0.675,0xa1...0b8b,https://bscscan.com/tx/0x927521a0a2c6fd4e9b0bb8f2121ea200ae825fa80472fb5f594557774c8e9453
2023-03-27 10:14:04,False,2.311e-10,7.063e-13,4176640319.0,0.0295,0x0f...71e5,https://bscscan.com/tx/0x8c5e5865157512034dfb47c9ce85728435c49532aaad6dfae8c04fab5f406889
2023-03-27 10:13:49,True,2.322e-10,7.099e-13,178521052657.0,1.26734,0x3c...99a5,https://bscscan.com/tx/0x4e989e6cf1d6b8711b1f90173340b47fb9b8be8420df27c08ad1a92a20622a2e
2023-03-27 10:13:13,True,2.322e-10,7.098e-13,11745040893.0,0.0833,0xa0...98d4,https://bscscan.com/tx/0xdb55fc494fec54eb28ebcdbd6c514a6899debcb907ea75481194f68a93f37cb7
2023-03-27 10:12:28,False,2.311e-10,7.063e-13,8444839631.0,0.0596,0x36...26bc,https://bscscan.com/tx/0xcc79d48af259c5bc9acb74f2fd5cf9878314e1f10f2aca2d3a375ecbab7aeb84
2023-03-27 10:10:34,False,2.311e-10,7.063e-13,2124527542.0,0.015,0xe2...dc4c,https://bscscan.com/tx/0x05d7c67c8c0d3fb281e54c9dd3b41b93166f6c70c59963dff882eba15319a3f0
2023-03-27 10:07:34,False,2.311e-10,7.063e-13,7072969647.0,0.0499,0x92...d514,https://bscscan.com/tx/0xc58f032a509f69c8d299aa1b265e4c1b9e3a7efc564e19ea5e50a17991436d5a
2023-03-27 10:07:04,True,2.322e-10,7.098e-13,20951671798.0,0.1487,0xe0...bead,https://bscscan.com/tx/0x6f8219ac608432688f7ce418fcb64f8eb545bc3e9e5e7c6de8432ad0ee1ed29b
2023-03-27 10:05:07,True,2.322e-10,7.098e-13,61280543889.0,0.435,0x5e...c679,https://bscscan.com/tx/0x840aa8d614e4b87056ee6598d5a74c06c61a4ea8336340756f345cdba34dcd07
2023-03-27 10:04:04,False,2.298e-10,7.063e-13,125275500000.0,0.8848,0xbc...73e6,https://bscscan.com/tx/0x3cc667cb847f34ce72c755c6e2259df8a6ff0f590cb0d1d955bcf6b9f1cb4518
2023-03-27 10:00:25,True,2.322e-10,7.098e-13,34910354626.0,0.2478,0x08...89ee,https://bscscan.com/tx/0x1da92bef7e15702f82f240d5667e58e5bfe178d0b0b847fc7ce9497028862864
2023-03-27 09:57:55,True,2.322e-10,7.098e-13,8853165743.0,0.0628,0x15...f0ed,https://bscscan.com/tx/0x770f237f777224cc441361de8610c58fc12b7ab43d943f0707da4179cf08e36f
2023-03-27 09:57:55,False,2.311e-10,7.063e-13,19623764711.0,0.1386,0xa4...9609,https://bscscan.com/tx/0x8ac834ac135e51dd5eb2d0fb79da8f37add27fb645b1639be3f9ffeed8f3b132
2023-03-27 09:54:16,True,2.312e-10,7.098e-13,7756183166.0,0.055,0x95...392a,https://bscscan.com/tx/0xb61f24da2d8a6a7cd181f45c9b9653c8fe27581bf2308feaddace8c66d3d8556
2023-03-27 09:54:07,True,2.312e-10,7.098e-13,112368000022.0,0.7976,0x53...4ffc,https://bscscan.com/tx/0x4e205b66877bc21cb9e69d9db4c90678254830ee873b2742881bed162b0557cb
2023-03-27 09:51:04,True,2.313e-10,7.102e-13,3410697311.0,0.0242,0xbf...2c9d,https://bscscan.com/tx/0x84c5c40ee5fbd4e279ab52acaf7bc051a78aba5770b20eca39f26cd4a0ca4ec0
2023-03-27 09:50:52,False,2.3e-10,7.063e-13,20610037992.0,0.1455,0xc7...0f45,https://bscscan.com/tx/0x5848b5d91af80eb5c7b1869386a72a56656f673ba9f87be4fd2942fc9001b022
2023-03-27 09:50:13,True,2.312e-10,7.098e-13,1000000000.0,0.0071,0x02...a64c,https://bscscan.com/tx/0x3e31ae261d4adb828caad3598650ba698989b28339e6b17c52bcacc0811be2b1
2023-03-27 09:48:34,False,2.312e-10,7.063e-13,28223625337.0,0.1993,0xa7...4d35,https://bscscan.com/tx/0xae2b68c6f25e256e7a2c3d3d5073fd25daa14409ce7fdff3e774c4d486ccad44
2023-03-27 09:47:46,False,2.312e-10,7.063e-13,15799761095.0,0.1116,0x73...d73d,https://bscscan.com/tx/0x0843c677971d85abbea10edbc1f8027f141296d4f98153bcb38d9031ca315721
2023-03-27 09:45:43,False,2.312e-10,7.063e-13,5124060765.0,0.0361,0x07...66d0,https://bscscan.com/tx/0x501c8d69735bef02d8b67eb87f7d8c963710de50d2bb17b6cff0e3ba68f107ea
2023-03-27 09:44:47,False,2.312e-10,7.063e-13,11029581418.0,0.0779,0x5c...dbc0,https://bscscan.com/tx/0x9e0c50d1d86579d6e8c4c877c73dd393a07d98815f03d2a85d46b18224e1fd5d
2023-03-27 09:44:10,True,2.324e-10,7.098e-13,8762679792.0,0.0622,0x69...8318,https://bscscan.com/tx/0x99411501634a20c51c6b492dad480aa968a00f520268911761d46ac22d0fd772
2023-03-27 09:44:02,False,2.301e-10,7.063e-13,10666353619.0,0.0753,0x4f...9ad3,https://bscscan.com/tx/0xab8a21e5e4d971d3a75fd1df3565d8181e6b61fcb094525fb52db91237329b07
2023-03-27 09:39:00,True,2.313e-10,7.098e-13,9398910000.0,0.0667,0xd1...6740,https://bscscan.com/tx/0xdb137379788e9d7f43678a9da312362a0525e6659de9f8f4f0f764593c716633
2023-03-27 09:38:51,True,2.313e-10,7.098e-13,5216054445.0,0.037,0x30...107d,https://bscscan.com/tx/0x90acb75146419771ff80922a77a61be329fef13d977f16e56e3a9727ac834644
2023-03-27 09:34:18,True,2.314e-10,7.098e-13,64417100000.0,0.4572,0x70...edf3,https://bscscan.com/tx/0x501574800220347abaf619916c05bb4f1647368d504ae02bb1287694168c32a6
2023-03-27 09:30:36,False,2.303e-10,7.063e-13,473820041685.0,3.34698,0x79...4cdb,https://bscscan.com/tx/0xef2dcf0ddb85a8fa9422109a37acde4ccc46093f63e12d8c458574b3739db017
2023-03-27 09:25:57,True,2.325e-10,7.099e-13,4814140000.0,0.0341,0x36...e529,https://bscscan.com/tx/0xd40dba46de808369a7bb60ce59f948ff333a12c485e0e1dd40b0fd190ef54078
2023-03-27 09:21:57,True,2.324e-10,7.099e-13,2816909179.0,0.02,0xcd...acbc,https://bscscan.com/tx/0x7a18848eb38961b935c2954e568873a6645a2cf3e98252169ee39f23b1bd981f
2023-03-27 09:17:42,True,2.325e-10,7.099e-13,731746741.0,0.0052,0xc3...e229,https://bscscan.com/tx/0x7a73d5081fa53cc94e6dadc946ed91d74ee3dca0feb31d4c0e022dcb2539aece
2023-03-27 09:07:57,True,2.324e-10,7.099e-13,2150916614.0,0.0152,0x47...cf43,https://bscscan.com/tx/0xd6d39489916cf3b3475f0746cd96b0659df368ced1d19806646b2d43367989b0
2023-03-27 09:06:24,True,2.313e-10,7.099e-13,4745340224.0,0.0336,0xf3...e37d,https://bscscan.com/tx/0x01be0fa7b10b9d2b1012ac3d0f7d60c305c3b8dff868e171e3c4f57ecbb54cf0
2023-03-27 08:58:00,False,2.306e-10,7.064e-13,128449549573.0,0.9074,0x8f...bc8f,https://bscscan.com/tx/0x71aa20364afbd0a13e211e514430a24d432b0f9adcaa9d22564d4070888b61ec
2023-03-27 08:50:54,False,2.306e-10,7.064e-13,38489107670.0,0.2719,0x87...09de,https://bscscan.com/tx/0xa9ecbc17635535ef583e957cdda64372226a3f08379149af4b8f2f1fe0d6eef5
2023-03-27 08:50:42,True,2.329e-10,7.1e-13,3859960000.0,0.0274,0x24...c8e4,https://bscscan.com/tx/0x67654f08fa909749b83a85a132f006812a088b99ae30b7b75122bfaf0fbd9104
2023-03-27 08:47:51,True,2.318e-10,7.1e-13,1672049999.0,0.0118,0xf9...4290,https://bscscan.com/tx/0xc6823771029145201c88522c4e183bd4c45d87e207413ba3e5655b1411af0ef1
2023-03-27 08:41:54,False,2.318e-10,7.065e-13,92566745878.0,0.654,0xc9...2c4f,https://bscscan.com/tx/0xa2d208108670ab067f75fc504f41ba89d6f0fb9a700dcbd29f92fc966e7a453f
2023-03-27 08:40:42,False,2.318e-10,7.065e-13,45000000000.0,0.3179,0x0b...7976,https://bscscan.com/tx/0x4af27f45941f303a80a3bcd12f405b9f30e71fca82d29988affa06f7e806b783
2023-03-27 08:38:36,False,2.307e-10,7.065e-13,45000000000.0,0.3179,0xd2...d408,https://bscscan.com/tx/0xaa85e402632540b6e079477e55b0d8eab8c4243c8c5a9f8983d132d7d22210ab
2023-03-27 08:37:54,True,2.318e-10,7.101e-13,121297741.0,8.613e-05,0x08...d5e6,https://bscscan.com/tx/0x6f16fca766ccb2a86fc6f469b443550ee886f9f91112a5c74cf2671866930675
2023-03-27 08:32:15,False,2.307e-10,7.065e-13,5017481041.0,0.0354,0x34...229d,https://bscscan.com/tx/0x2f1acadcfd512df99979d14647ed5e2ebf4b850abfff2b46290c499d3de483bc
2023-03-27 08:30:24,False,2.319e-10,7.065e-13,20069924099.0,0.1418,0x34...229d,https://bscscan.com/tx/0xb3d1cf4e8f4f31b32429910858d6ad9ee870493f8b49a11ec6fb909271dec646
2023-03-27 08:25:33,True,2.331e-10,7.101e-13,39761300000.0,0.2823,0xbe...79c4,https://bscscan.com/tx/0x9301adb2a44c1abfd24e80cf24dfcb3595d3b5e5c4b3c449c91a232ab1ad53c6
2023-03-27 08:24:21,True,2.33e-10,7.1e-13,50556990163.0,0.359,0xa6...5f19,https://bscscan.com/tx/0x9642f874dc09682e7a365a554150a48f2a0e0c18cf52807e108a185084883240
2023-03-27 08:21:12,False,2.318e-10,7.065e-13,20598829009.0,0.1455,0x9d...998c,https://bscscan.com/tx/0x3ec40a832bc4a3bd4a10935649cdad5e8d1a30da9ca5bc098d10d91446ef7f5d
2023-03-27 08:16:48,True,2.33e-10,7.1e-13,1200000000.0,0.0085,0xbf...68c0,https://bscscan.com/tx/0x99ba98619b7abf78a4a0cd494080b355d64cf0ca1c7791d2b26fccb1e1f36e14
2023-03-27 08:15:33,False,2.318e-10,7.065e-13,180467977562.0,1.27513,0x46...369d,https://bscscan.com/tx/0x236e72316a95f6f22eb0f666a72ed3e6ed5b04712369954c9e466107ef402b95
2023-03-27 08:13:48,False,2.319e-10,7.066e-13,22430376842.0,0.1584,0x4f...c016,https://bscscan.com/tx/0x7f206d3523c2b793da9277bdc231123af4a3411bcbe3b89d58e7bfa2fcc614a0
2023-03-27 08:04:21,True,2.321e-10,7.101e-13,3588087650.0,0.0254,0xbb...e1a9,https://bscscan.com/tx/0xd0dbeea7e7d47ea55ae481838054ec38aee08e7407271b05e50ac8c6a626d0b1
2023-03-27 08:01:45,True,2.321e-10,7.101e-13,10500000000.0,0.0745,0xef...9629,https://bscscan.com/tx/0x0a6d101e5c66580404b662fe1a67a92a0f8954fe90117997f1f2086818063ec8
2023-03-27 07:57:38,False,2.31e-10,7.066e-13,16442008051.0,0.1161,0x1b...35d2,https://bscscan.com/tx/0xef4d457b025671164298c4ca625c8a5f82025f879649673f46dd8ec54addc441
2023-03-27 07:56:14,True,2.333e-10,7.101e-13,21544792221.0,0.153,0xb6...24cb,https://bscscan.com/tx/0xdbc82b6de5038fc704c5cf246e4390e686191518455477ad0e9b5b530c0a388d
2023-03-27 07:56:02,True,2.333e-10,7.101e-13,26286667592.0,0.1866,0xd7...3fcb,https://bscscan.com/tx/0x6cf547a085681e0ad0cfb439c130768cc3c6314494ed9574fb87d329bdcdba14
2023-03-27 07:55:26,True,2.321e-10,7.101e-13,2929452036.0,0.0208,0xe3...dcba,https://bscscan.com/tx/0x12822bd38966c8a46a4553b1fe929139317b53c708bec01afcc5ac4322946fec
2023-03-27 07:48:50,True,2.322e-10,7.101e-13,4428641965.0,0.0314,0x94...feb2,https://bscscan.com/tx/0x0fcdb454fc9fb0bc7db011b92592558f684c20fce17dd3a0eabac9bb44844c40
2023-03-27 07:45:29,False,2.322e-10,7.065e-13,15327089114.0,0.1083,0x50...8040,https://bscscan.com/tx/0x7f0909c82a33b7b1f71e075656c79938be548cf432ac6a3b0991016066de7184
2023-03-27 07:41:47,True,2.338e-10,7.101e-13,14081787338.0,0.1,0x3f...eec8,https://bscscan.com/tx/0x384d80c8f36b0f6948bd5f1a73c9d448cca9d4caa998bab48f64035326668a82
2023-03-27 07:39:20,False,2.315e-10,7.065e-13,640323425.0,0.0045,0x81...63a0,https://bscscan.com/tx/0x1eae808af098860730cc1ae0f0f219ab9cea5a2462c1d535db5e7d59cd6eefde
2023-03-27 07:39:05,True,2.338e-10,7.101e-13,422454846.0,0.003,0x96...7cbf,https://bscscan.com/tx/0x65e9c76b7d03d4c202ff501afd9a5511ae1e83edd38c64806361dc9be80ae64b
2023-03-27 07:38:35,True,2.327e-10,7.101e-13,7914067036.0,0.0562,0x26...7ce2,https://bscscan.com/tx/0x727d9b68e53660f6cc0867390973e6f39a887d9535166783d4ccdb448103208c
2023-03-27 07:36:05,True,2.327e-10,7.101e-13,1536438648.0,0.0109,0x6a...8603,https://bscscan.com/tx/0x7bb71b477d8fb84f79c522e268b7e19e2f7f66ce6fbeca58d22d3d8b0c497b56
2023-03-27 07:35:59,True,2.327e-10,7.101e-13,100090287555.0,0.7107,0x69...7e33,https://bscscan.com/tx/0x16d3d032d211270cc89b7b14edda7f7764464a994a7d486a204116f7bd1dfdf5
2023-03-27 07:34:37,True,2.327e-10,7.1e-13,23580332427.0,0.1674,0x3f...eec8,https://bscscan.com/tx/0x2606f2f2ea58e377b9ce9e50287766e48de6a72a967816db6abf812e619e916a
2023-03-27 07:33:00,True,2.338e-10,7.1e-13,24027027481.0,0.1706,0x6c...3ccb,https://bscscan.com/tx/0x2e135fdf3206c4ab071b393cef6d9e0dc74465a58308691d74f645c0d492f538
2023-03-27 07:31:55,True,2.338e-10,7.1e-13,339869438.0,0.0024,0x5e...05ff,https://bscscan.com/tx/0x4f3207b80aaa2d42a9fbe29685077486b1600ac10c5a3aee1aa5a6c7c11acd24
2023-03-27 07:31:19,False,2.315e-10,7.065e-13,14400000000.0,0.1017,0xc5...392b,https://bscscan.com/tx/0x1fd6fb41a6218cbf7f126340c2accfcd5c008c658d88b33a4fca57d19f5e50c2
2023-03-27 07:30:17,True,2.327e-10,7.1e-13,3341900000.0,0.0237,0xe5...69a2,https://bscscan.com/tx/0xc38f7bb802c89ad0811ee765fe9e1dd1a24c0a24e104405f5baf8dd7863d5412
2023-03-27 07:26:59,False,2.326e-10,7.065e-13,3150000000.0,0.0222,0x4d...7194,https://bscscan.com/tx/0xfe8b6548ddca9eadd0931eaa072c21d668661a3734c56246c8e98bc423d8f7f5
2023-03-27 07:25:26,False,2.327e-10,7.065e-13,10476900000.0,0.074,0x29...d216,https://bscscan.com/tx/0x97c546b84ff89a1fa7599c506adbcb37c257b295942269758f8431ccfdbeec81
2023-03-27 07:21:35,False,2.326e-10,7.065e-13,12483180000.0,0.0882,0x1c...ae36,https://bscscan.com/tx/0x13819eda56b2a5ed30fd9d75ff1d944ad8a601243944d051012d7e8a22215c3e
2023-03-27 07:19:08,True,2.338e-10,7.1e-13,8703079264.0,0.0618,0xf1...5420,https://bscscan.com/tx/0xbaaa6ae11ecf81916d08badf20df2dbbee7b8e84e45b87c69cf231487e75e689
2023-03-27 07:14:38,False,2.326e-10,7.065e-13,10190340000.0,0.072,0x20...f738,https://bscscan.com/tx/0x1d5cc80904ab5d292e740edc268ca97a4e5ed3aa9889fbd93e8494b139dfb85d
2023-03-27 07:13:20,False,2.326e-10,7.065e-13,52438506415.0,0.3705,0x5b...bca6,https://bscscan.com/tx/0x747c57fc06c82250b51e58b5bb712a96b7ea148274670880125d92f50de49108
2023-03-27 07:13:14,False,2.326e-10,7.065e-13,171000000001.0,1.20828,0x8b...5a8c,https://bscscan.com/tx/0xf9d2c1ae26247e087156381f9ecf497be6bb25ccd0a1568e71ec63be44e04b9b
2023-03-27 07:10:05,False,2.327e-10,7.066e-13,9000000000.0,0.0636,0x8b...6ad1,https://bscscan.com/tx/0x7414d4428aefdac499310503c1e762657f4e3f0272bac293f4a62cf45314918b
2023-03-27 07:01:38,False,2.315e-10,7.066e-13,93593900731.0,0.6613,0x3f...749d,https://bscscan.com/tx/0x102c4f8367cf71e0adc919e2bec6f2b52291d613c216390e9a56451aa174fe14
2023-03-27 06:59:48,False,2.326e-10,7.066e-13,18875740485.0,0.1333,0xf3...c3da,https://bscscan.com/tx/0x8d15257e421212044587e68c6a20ea55bb9458f38d553818ace8220d16b3f192
2023-03-27 06:59:21,False,2.326e-10,7.066e-13,32146394279.0,0.2271,0xe7...064f,https://bscscan.com/tx/0x54056d8f9fa0feafa97e2a406d893fcd7efa613aae386a53818f68553e8b32fb
2023-03-27 06:50:39,False,2.328e-10,7.066e-13,121777437728.0,0.8605,0x48...8f87,https://bscscan.com/tx/0xd648ac05f8b44c9b570ec1fa53c8e7f4d2363ecb22e2d933b061d46f092ce2d7
2023-03-27 06:50:30,True,2.34e-10,7.102e-13,31243450703.0,0.2219,0x48...55c1,https://bscscan.com/tx/0xddc9b01ae15a204efb9470a9f26702726dd80b545e65251ed45540e7ba0d1ec5
2023-03-27 06:43:57,False,2.327e-10,7.066e-13,11623213630.0,0.0821,0x46...d4ea,https://bscscan.com/tx/0x9f9629a032686dc25eccb3a89f02404c8735b8a7108988e0dedb8260e2c327e9
2023-03-27 06:41:39,False,2.315e-10,7.067e-13,8916911178.0,0.063,0xc6...d07f,https://bscscan.com/tx/0x19e50a366ec2f3e9773a4e8ce79a17ef72becb37f1ce3e9e10df7aae29098b61
2023-03-27 06:38:06,False,2.315e-10,7.067e-13,9361087032.0,0.0661,0x4d...c060,https://bscscan.com/tx/0x92888041c8e972bd10ff9604645a9342f3ed1dc5f90e0a8c6fb68f7410d28ae5
2023-03-27 06:36:15,True,2.338e-10,7.102e-13,1857998899.0,0.0132,0x00...ff83,https://bscscan.com/tx/0xc8a69874da7d118f17763edac2389402834dbb886c5af7c542bd2fc2f82b7e2c
2023-03-27 06:26:21,False,2.314e-10,7.067e-13,16290000000.0,0.1151,0x65...6865,https://bscscan.com/tx/0xb3b1422564cf1578a0b4e583913ed6e3af010b5a177fd0de8540245bf91b8de4
2023-03-27 06:24:12,False,2.314e-10,7.067e-13,4419051163.0,0.0312,0xed...872b,https://bscscan.com/tx/0xc460af68f423d1dfc2b7178bcd15ffedd1a79051e484a21ac22dc25f32f622cb
2023-03-27 06:22:36,True,2.325e-10,7.102e-13,85562628850.0,0.6077,0x3b...3ea0,https://bscscan.com/tx/0x7f4890ae5b97fceb87b3a8a656fd341d278844d0e96a9c192eb93023d2af30c9
2023-03-27 06:17:12,True,2.335e-10,7.102e-13,3251988801.0,0.0231,0xbe...7825,https://bscscan.com/tx/0x26b79dee0a48e1c775bc64beaf5d49370feab32f5ad5266167fbeaab3a270c5f
2023-03-27 06:15:17,True,2.335e-10,7.102e-13,227329702.0,0.0016,0x6f...6383,https://bscscan.com/tx/0x45fca0fea25a61112dbfc390613e435a7f01c8791ac344d00be61641b9a9966e
2023-03-27 06:12:33,True,2.335e-10,7.102e-13,90000000000.0,0.6392,0xe4...9432,https://bscscan.com/tx/0x51fec423c9d907c8ef5da2abad116bf046844ec16db6a719424c01475e9c649a
2023-03-27 06:10:59,False,2.323e-10,7.066e-13,54251721981.0,0.3833,0xc8...9f47,https://bscscan.com/tx/0x3b8f7a27b641c961c8b51f36810697ec4706fec1e64ca247ea1c312886b94a49
2023-03-27 06:10:59,True,2.335e-10,7.101e-13,166100000000.0,1.17963,0x8f...8afe,https://bscscan.com/tx/0xa74a8ad51754dc2f256c20ab13dd0f0d7fce11c537597898c212cb15af3943d0
2023-03-27 06:10:05,False,2.323e-10,7.066e-13,777584378.0,0.0054,0xb6...9bf9,https://bscscan.com/tx/0xf4eb72e643f312a759ccabc6b1d3864e3c60a7f20101e3b94f55f124becc092b
2023-03-27 06:09:36,False,2.322e-10,7.066e-13,41192095682.0,0.291,0x05...4be3,https://bscscan.com/tx/0x6fabcdbf3decbaf81710e636ae0ed19fa37b03425e72d1bd46c99c395be79ee7
2023-03-27 06:09:09,True,2.334e-10,7.101e-13,4220000000.0,0.0299,0x7b...c54f,https://bscscan.com/tx/0xa228e2f913c0a74ed2eb30028a83ec77625435beaaaa79b6ac13ceb2e086ea21
2023-03-27 06:07:15,True,2.322e-10,7.101e-13,15962733696.0,0.1133,0xf9...78fc,https://bscscan.com/tx/0x4007c5dbf24cc47cb078ef5a604595c228a86c5d86ac7ebc194465b913086269
2023-03-27 06:02:57,True,2.322e-10,7.101e-13,989643001.0,0.007,0x35...bc50,https://bscscan.com/tx/0xceb10d8ed4ae9890d98d53cbc4d214c707e17bf2d2f1c3dd7330f1c29908a21b
2023-03-27 06:01:24,False,2.321e-10,7.066e-13,40445659486.0,0.2858,0xac...0b04,https://bscscan.com/tx/0x60fcf6bd9e840b1b9ef2dda388c0e07dbdbfcf9d1cc0fdef135aea8522e9a7d8
2023-03-27 05:59:42,True,2.321e-10,7.101e-13,12687177512.0,0.0901,0xb3...a0be,https://bscscan.com/tx/0xc0581c4ab4729238d11abe601e512f53596e84a8bec6ef58fb24ba134ccff677
2023-03-27 05:58:27,True,2.332e-10,7.101e-13,11092179568.0,0.0787,0xc0...db7d,https://bscscan.com/tx/0xdd7ad926fc95413f089bcd39b00294488e73a0a4c94b090658d6bc5d3b589e96
2023-03-27 05:58:03,True,2.332e-10,7.101e-13,96477080410.0,0.6851,0x88...7f86,https://bscscan.com/tx/0x68a3fdcdedd875b31b8cacc2d00eed63fa49e3ace8d0014214354bbce2ab3beb
2023-03-27 05:56:06,True,2.321e-10,7.101e-13,41690464723.0,0.296,0x4b...daf6,https://bscscan.com/tx/0xdbbea6759af9e511459b5d85d94f7e765291541847320570d36927e14a240220
2023-03-27 05:51:15,True,2.332e-10,7.101e-13,1743396903.0,0.0123,0xeb...fd86,https://bscscan.com/tx/0x1f099b7a49434540fa6f0630ecab9f79ff91abf191109aad5c35404d45c9ae34
2023-03-27 05:49:40,False,2.309e-10,7.065e-13,21116584194.0,0.1492,0xa1...ca2f,https://bscscan.com/tx/0x0072232bf6405e18076eb1f096a38ba50c2582b43b4a118d4c12eb71b2a794da
2023-03-27 05:48:58,True,2.336e-10,7.101e-13,2139609225.0,0.0151,0x68...ccdb,https://bscscan.com/tx/0xb0f3a0164723d91263ea2fb024aead11773e716cd56b1187e8df907cfa13993c
2023-03-27 05:47:31,True,2.325e-10,7.101e-13,3379610033.0,0.024,0x75...10da,https://bscscan.com/tx/0xd70cf8744659b08682ecb1989ff688a64316ec349a5ff05f35591a4493d91d1e
2023-03-27 05:41:22,True,2.337e-10,7.101e-13,1298250364.0,0.0092,0x1d...a056,https://bscscan.com/tx/0x50232891fbaedbfcf3a832b444a70424cebfb7ca5c369fb09b62e3265d231746
2023-03-27 05:36:37,False,2.325e-10,7.065e-13,4086230417.0,0.0288,0x77...5c86,https://bscscan.com/tx/0x880e7316aeff2f32e27db2baf726d7bb511faa90f9d87a024dae61758ab5838b
2023-03-27 05:36:10,False,2.326e-10,7.068e-13,1800000000000.0,12.7237,0x9a...1ee8,https://bscscan.com/tx/0xade3cca7cf2d315812cedf03ce5e53e4f1702cdf7562db55c8591eb1e49861df
2023-03-27 05:31:40,False,2.327e-10,7.071e-13,80199973286.0,0.5671,0x64...2184,https://bscscan.com/tx/0xdc825b105a6ab1df11ee118a5adb0ccc268c9bc119845c6f0224ed77fe28decd
2023-03-27 05:31:16,False,2.314e-10,7.071e-13,80819852485.0,0.5715,0x48...6c0e,https://bscscan.com/tx/0x3d1c2f89b4d00f7fa1a43b471b368f23a22ffa900c2848d48f264e83318a5cda
2023-03-27 05:28:10,True,2.339e-10,7.107e-13,43051313198.0,0.3059,0x3b...3ea0,https://bscscan.com/tx/0x2f875ab7d6ca65ef6d00dae468bc6065731df9e72476018d3f55d833a265d59f
2023-03-27 05:24:40,True,2.338e-10,7.107e-13,2775040000.0,0.0197,0x8d...f0aa,https://bscscan.com/tx/0x0f672d9dbadf147eb5815b8babe14f0a0363082b8c292814a03540eb1fd2931d
2023-03-27 05:23:07,True,2.338e-10,7.107e-13,83235841942.0,0.5915,0xc2...bad0,https://bscscan.com/tx/0x2990a2f0fc728b69abd376fbc604943c217fa5bd79ce06926de0b601b85e496e
2023-03-27 05:22:16,True,2.339e-10,7.107e-13,56276000000.0,0.3999,0xf8...41cd,https://bscscan.com/tx/0x6e437433833561585e7bb11db0156fafd7ffb2ead62127b0cd4febea70f468e1
2023-03-27 05:20:19,True,2.339e-10,7.106e-13,4271798902.0,0.0303,0x99...5240,https://bscscan.com/tx/0x52e1f5fb5a14b036be571d43f6368694653fb0900096297f8ded9b9abb63296a
2023-03-27 05:19:43,True,2.339e-10,7.106e-13,83334617076.0,0.5922,0xc2...bad0,https://bscscan.com/tx/0xb8efc372b313d09abe367e4d9a589f7aff1bb6e4f267d2abc94b89d5275e62cb
2023-03-27 05:17:25,True,2.339e-10,7.106e-13,492495125.0,0.0035,0x56...8d71,https://bscscan.com/tx/0x60bc1a64a195aa72510f8a0f39db0a48f39beff8c556fcdec2d99513f19ecb0f
2023-03-27 05:14:52,True,2.339e-10,7.106e-13,1000000000.0,0.0071,0x7b...f868,https://bscscan.com/tx/0x97545afd309a14daeb042395dc6605a658b123ec9c7a405f6d58de29c93330a3
2023-03-27 05:13:40,True,2.338e-10,7.106e-13,200773480815.0,1.42677,0xeb...45df,https://bscscan.com/tx/0xe75ff5ae353a06730ce43b8a5fea01c7e200c62fd4eb240cd16ce257d81888aa
2023-03-27 05:08:33,True,2.338e-10,7.106e-13,562901630.0,0.004,0x1d...db3e,https://bscscan.com/tx/0xd4a3208ef0538bb1f618b48381c41a1d2ac1522f85692060f9ae32a1bb2df7a6
2023-03-27 05:07:21,True,2.338e-10,7.106e-13,3080506743.0,0.0218,0xa6...f5fc,https://bscscan.com/tx/0xa7cb1adcc633430c53355aa817dc658e5b294ff4d63d8dace1bb0a5c391ed23a
2023-03-27 05:05:24,False,2.327e-10,7.07e-13,10486080772.0,0.0741,0x3e...b89e,https://bscscan.com/tx/0x5f1ff0a4a227890d91d865290487be12a515f00cfeeed17bf8a3a899a11748ed
2023-03-27 05:04:18,False,2.327e-10,7.07e-13,70380977043.0,0.4976,0x63...e569,https://bscscan.com/tx/0xba5091d5487f90cb78f5df593722f54f643435b3b623e73dfb3b619cdcc4059d
2023-03-27 05:03:03,False,2.315e-10,7.07e-13,7196279564.0,0.0508,0x39...3c17,https://bscscan.com/tx/0xd874e8e20939c324ce612035e65ec0c1a14e55066f9fec3bce7515e23198ac4a
2023-03-27 05:00:57,True,2.327e-10,7.106e-13,28972396602.0,0.2058,0xc1...10b1,https://bscscan.com/tx/0x5dc85784e5f9c1d65fb8e35477dbd9c3c4edd652da379fe5705b5d29471fe8df
2023-03-27 04:52:00,False,2.315e-10,7.071e-13,264913156318.0,1.87324,0x91...d7b8,https://bscscan.com/tx/0x6cab17cd37468adcdaceb096629e30d64d8e6fa6cc0154de3b92b76dbacc5bbb
2023-03-27 04:51:18,False,2.315e-10,7.071e-13,18289846430.0,0.1293,0x9f...0b44,https://bscscan.com/tx/0x0a0322e62199063094b314349be1dbc4c20d219a111ae0e22dc60a547bbf1b9f
2023-03-27 04:47:57,True,2.338e-10,7.107e-13,11855172884.0,0.0842,0x09...e760,https://bscscan.com/tx/0x0dfa60fd5485154b6c24f562c34d3a3a113af3e101acc6341c73c004130f9ce5
2023-03-27 04:44:45,True,2.34e-10,7.107e-13,15669768163.0,0.1113,0xad...79ff,https://bscscan.com/tx/0x44b96af7ad02890cf6d51014900f1dca7805700426fa9d29f0426715c6da2288
2023-03-27 04:35:18,True,2.327e-10,7.107e-13,3722344170.0,0.0264,0x15...4042,https://bscscan.com/tx/0xf029714383ce4d0312fba240f1ee58eab81850292bbfd7fe4aee112a5586e209
2023-03-27 04:34:03,True,2.339e-10,7.106e-13,2532660001.0,0.018,0x9b...d3d0,https://bscscan.com/tx/0x0c6becf443e17b85342cbeccee2ee496bab244143b8103b9272601e13285dc91
2023-03-27 04:33:51,False,2.315e-10,7.071e-13,45000000000.0,0.3182,0xe0...9c72,https://bscscan.com/tx/0x1ee9001c4be4b650ef0a6303f2715db195d15ba495242796050199bff45a6403
2023-03-27 04:30:03,False,2.327e-10,7.071e-13,4500000000.0,0.0318,0x51...6f8c,https://bscscan.com/tx/0xbe0ba7f2218150648e5fe071d990c75fe421605f1debd025f36769d936e395a7
2023-03-27 04:29:15,False,2.327e-10,7.071e-13,844790364.0,0.0059,0x93...7c5d,https://bscscan.com/tx/0x4b88bcf857f2137aad47c7a7b850768ace13feb2986d455d2212e46b11d0ea60
2023-03-27 04:25:39,False,2.315e-10,7.071e-13,14079838224.0,0.0995,0xd7...960a,https://bscscan.com/tx/0xd237201691f908b3b6ec7f412c4992bafbb383becbdd2a30b0d3691153249748
2023-03-27 04:24:30,False,2.326e-10,7.072e-13,548172046501.0,3.87697,0x47...a42c,https://bscscan.com/tx/0xd853f13a14c0321fee826e7b01a5630d6e1396100985f6cff444ae440c4bb094
2023-03-27 04:24:06,False,2.326e-10,7.073e-13,320820218178.0,2.26945,0x25...8a23,https://bscscan.com/tx/0xa62773e3a917e158e20ce9c9b5f60220b94418baa764a7257a8588915b5a0969
2023-03-27 04:18:57,False,2.327e-10,7.074e-13,38448975562.0,0.272,0x7e...25bd,https://bscscan.com/tx/0x98156002bd2fb5322309ff79f57b3873c0e412a2366b4081216be0d0303c5ae8
2023-03-27 04:18:18,True,2.327e-10,7.11e-13,4219402724.0,0.03,0x95...949e,https://bscscan.com/tx/0x8d15e9541ad9460b3b7c3249c902881d212b58b5fde07bbdccef72d24e5df860
2023-03-27 04:17:45,True,2.327e-10,7.109e-13,42194458253.0,0.3,0x95...949e,https://bscscan.com/tx/0xca4c2bcb54247cfbbf6ff0d87db46269a23793e01224a652ae131da950ac5971
2023-03-27 04:17:00,True,2.339e-10,7.109e-13,70325837356.0,0.5,0x95...949e,https://bscscan.com/tx/0xcc3993b4068a0b5267547f4185f34c73f86eca6760b8dab3eaffd8f40204622a
2023-03-27 04:16:24,True,2.327e-10,7.109e-13,42196545956.0,0.3,0x95...949e,https://bscscan.com/tx/0x586d742afbe77aace2ecf3bd2b993a4e738259717034a9b491b5eab1278d411b
2023-03-27 04:11:03,False,2.324e-10,7.074e-13,3432879000.0,0.0242,0x56...7b0f,https://bscscan.com/tx/0xd168188ae0e0bfa8e44c03f41e6404ce884e1add69cfc160b8ea8a65b23cdb89
2023-03-27 04:10:48,False,2.325e-10,7.075e-13,1017603000000.0,7.20016,0xf6...f4e3,https://bscscan.com/tx/0x0d7c014462bffe4ecbcc7bd054701e1d1ffcec491acdd2301b7deec88a259e26
2023-03-27 04:05:37,True,2.337e-10,7.112e-13,33062954112.0,0.2351,0xa5...0f84,https://bscscan.com/tx/0x6f47774f86579f290d8d0917189caef1508406f30e41374bb515813b169bb048
2023-03-27 04:05:04,True,2.325e-10,7.112e-13,8449281104.0,0.0601,0xc8...cf1c,https://bscscan.com/tx/0x541b9f1f523abd5c07152e825924c7fdd16fea790c27d0fb03bdc34d46ea2c2d
2023-03-27 04:03:34,True,2.337e-10,7.112e-13,7745544656.0,0.055,0xa3...95f2,https://bscscan.com/tx/0x5091de5a89698d429d51b06ad615206c803906136e8672f7f804fc76388fcce7
2023-03-27 03:59:19,True,2.325e-10,7.112e-13,153958406854.0,1.095,0x6d...53dd,https://bscscan.com/tx/0x1dbb693b5982076b2ed5b18188cf6687c2f785761e114e857bc8ceb9041b3fd6
2023-03-27 03:59:13,False,2.314e-10,7.076e-13,13377934516.0,0.0946,0x8c...bcbb,https://bscscan.com/tx/0x169e1edafa0c63767e1a7436ed0f94ccdb3c4975d13af9ff9ca7e134896e21d7
2023-03-27 03:54:46,True,2.326e-10,7.112e-13,22000000000.0,0.1564,0x00...2ce4,https://bscscan.com/tx/0xd9c26d25b1315631e9b3fac2e1e063d2c21118b33830ff9caece386bb6cabf51
2023-03-27 03:50:10,True,2.337e-10,7.112e-13,3253478272.0,0.0231,0x43...fc55,https://bscscan.com/tx/0xc2cd59b5febdf62bfff22f612279943c8d66750455df33ab6e12338de334f88b
2023-03-27 03:49:52,True,2.337e-10,7.112e-13,7636461015.0,0.0543,0x8c...ec80,https://bscscan.com/tx/0x91d380f94997fc00837ea39cdaad706e01edf54eb3207429d0daa61120ae192e
2023-03-27 03:49:31,True,2.326e-10,7.112e-13,4757626230.0,0.0338,0x8d...b28a,https://bscscan.com/tx/0xa81e5b8fefb2d19096543fef04c773d0a6a2464754f71be5ea521bbc453a25fc
2023-03-27 03:49:13,True,2.326e-10,7.111e-13,1410000078.0,0.01,0xbf...99a9,https://bscscan.com/tx/0x11f4fbc59cce300c600fe0d1279df6adefb64d799baa9d2c3d79d58d73f7b8aa
2023-03-27 03:45:58,False,2.326e-10,7.076e-13,12815138671.0,0.0906,0x84...c641,https://bscscan.com/tx/0x7b8b60ffb3649c696e3a6aaa55c40451ec57d522cbc907c45d51e9901bf7da39
2023-03-27 03:45:58,True,2.338e-10,7.112e-13,1783760830.0,0.0126,0x2f...317d,https://bscscan.com/tx/0x47fec8238162c6dd586b1d155ecce1ce8334582a1c96978ad647f80f583c8077
2023-03-27 03:45:16,True,2.338e-10,7.112e-13,1449598926.0,0.0103,0x8d...b28a,https://bscscan.com/tx/0x3dd4e632a503d8dd8272c217a0a717b3b6a91cd565a45906eaa00ac16e4c75fa
2023-03-27 03:43:40,True,2.338e-10,7.111e-13,237716723767.0,1.69056,0x06...31a4,https://bscscan.com/tx/0x6d6c67057b21ca5f29a363f804948f8e22bfd60416d6712c89a0357c3a8da755
2023-03-27 03:41:10,False,2.326e-10,7.075e-13,1975424003.0,0.0139,0x1f...e4da,https://bscscan.com/tx/0x8c0f03772a8a0bc672951d1a326fb178ff482ebe67be974b5449daf6186ce868
2023-03-27 03:40:58,False,2.314e-10,7.075e-13,3649424445.0,0.0258,0xb8...98e1,https://bscscan.com/tx/0xdd30d8b10bccdce0fc3eadcf64d43048752c40bd2a40351668659dd4315b516c
2023-03-27 03:40:37,True,2.338e-10,7.111e-13,19001121196.0,0.1351,0x39...20c5,https://bscscan.com/tx/0x8aefe03a8f04c48da91ec9f4f843439f304714ed362a2f8a3064dc433c7a8603
2023-03-27 03:38:10,False,2.315e-10,7.075e-13,40883381701.0,0.2892,0xbe...95a6,https://bscscan.com/tx/0x1347eb5d3646f11ee299eeef1a24731ab3d11119f4304ae2416efb7fdaff4cc7
2023-03-27 03:29:30,True,2.326e-10,7.111e-13,21779073998.0,0.1548,0x4e...f949,https://bscscan.com/tx/0xb92566f61e382f1178d0d43eebdc3c24f911a14ffbb624db831c05f4fe1e161e
2023-03-27 03:16:42,False,2.33e-10,7.075e-13,9000000000.0,0.0636,0x94...2dc4,https://bscscan.com/tx/0x1d0781f6275f3e053595be77cdcdcacd48d2bf4101fa8799cf02db6c61b05590
2023-03-27 03:15:39,True,2.329e-10,7.111e-13,14651597217.0,0.1041,0x15...4042,https://bscscan.com/tx/0xf9a607f377a9a66e33f0a06eb9980c2951d3b1f918b4887a529204789083fd3a
2023-03-27 03:11:58,False,2.319e-10,7.075e-13,11405812034.0,0.0807,0xbd...cb84,https://bscscan.com/tx/0x4d0fadae2b02a383ab22d2e0aecc9c729d9c44fc8047b8d3c3b5da31b2d0ff27
2023-03-27 03:11:04,False,2.319e-10,7.075e-13,1317723262.0,0.0093,0x78...d459,https://bscscan.com/tx/0xffd5dc14894bf813eb063a6c7e232a2d52da4fa10e29c63b7637f8bc0fa81188
2023-03-27 03:10:06,True,2.331e-10,7.111e-13,435925010.0,0.0031,0x68...dbc9,https://bscscan.com/tx/0xd3e85eebd5a544720f0b58a1edba1f7d1d47cb5cbf4889cab466dddc3f3a0b47
2023-03-27 03:08:59,True,2.331e-10,7.111e-13,25635900000.0,0.1823,0xa3...147e,https://bscscan.com/tx/0x5f8825df2389ddd63d287b1591f9e483f04f9f94bce8067a9d62007ec6618719
2023-03-27 03:05:58,True,2.331e-10,7.111e-13,2590597739.0,0.0184,0xe3...5381,https://bscscan.com/tx/0x8bc353c8482c2bac9c3d93b2aeb2d4ad473ef742c78ab65b8af99ac26440aab1
2023-03-27 03:05:04,True,2.343e-10,7.111e-13,5069801000.0,0.036,0x21...f508,https://bscscan.com/tx/0x000b1baafdede66e73abc208171e1febfda8cd83127a29760b7a7d19492613f1
2023-03-27 03:03:19,True,2.343e-10,7.111e-13,1866034451.0,0.0132,0xe3...5381,https://bscscan.com/tx/0x842e3ca395630913338f375a1ee786221a7fb25364a6bd9a54a52edc2c33f61c
2023-03-27 02:58:07,False,2.331e-10,7.075e-13,9000000000.0,0.0636,0x3a...5b66,https://bscscan.com/tx/0x4c3da79528af24577fc9d1b9103327ea292b4051638a26303594df3761f735f9
2023-03-27 02:55:09,True,2.343e-10,7.111e-13,10799403517.0,0.0768,0x15...4042,https://bscscan.com/tx/0x9694d9eb7b7d9499339767f27fcb373e32d2afdc106f5cf1567c1da0fa0fa4d1
2023-03-27 02:52:00,True,2.342e-10,7.111e-13,9140531034.0,0.065,0xb0...e13e,https://bscscan.com/tx/0x674e66e813579434b80f7cf1a1c65dfe3d02aece4ca02c1b4af6b3211dbaff6d
2023-03-27 02:47:28,False,2.33e-10,7.075e-13,16848426586.0,0.1192,0xee...1e8d,https://bscscan.com/tx/0x3624d9b759361d9120ef4fa355b1057d0f213d81d4e89aaac262adcee8668979
2023-03-27 02:47:22,False,2.33e-10,7.075e-13,45000000000.0,0.3184,0xe5...d4df,https://bscscan.com/tx/0xb51c959737cac477c5305d7a78b160a14a0a24735a8c37fdcb22f76c9c0a4c8a
2023-03-27 02:46:52,True,2.341e-10,7.111e-13,127938995973.0,0.9098,0xaf...8845,https://bscscan.com/tx/0x1c63c7e4ce682abb46683436770613c13edaebfe0887e13d67919d3dff1bad06
2023-03-27 02:46:20,True,2.341e-10,7.11e-13,13685400000.0,0.0973,0xa7...e5de,https://bscscan.com/tx/0x3889d36a43b0dbd414056efbd93bd48ecf5f648d6e78e641e5b7478b9a0840b8
2023-03-27 02:45:33,False,2.318e-10,7.078e-13,2154122492888.0,15.2485,0xa8...d5ef,https://bscscan.com/tx/0x5c13311d2b912aa54aeefeea6bd6e2b4fa159ce1ba367fa0780e348d2b63a004
2023-03-27 02:44:15,True,2.332e-10,7.117e-13,4147809390.0,0.0295,0xe7...98f6,https://bscscan.com/tx/0x22d0fa835894a2926a9ec3e25440760093b141d98829eaed68f06f1542e35edb
2023-03-27 02:43:57,False,2.32e-10,7.082e-13,107500867206.0,0.7613,0x96...53a6,https://bscscan.com/tx/0xa6c705229b7b5dfa15e1be08ab6e5205d3cb92a55e9743055acfd9b74174ab3a
2023-03-27 02:43:45,True,2.332e-10,7.117e-13,10301398890.0,0.0733,0x8b...a60b,https://bscscan.com/tx/0x3dd5eeec0eebcb4f081a6cba99ff5489d06e2c4ac4fcaeca11b240fe0425d8e3
2023-03-27 02:36:03,True,2.332e-10,7.117e-13,20542196152.0,0.1462,0xe7...98f6,https://bscscan.com/tx/0x27cd6efca27b965c4361b2fa53396cb22319bfed8b9f287ec89d78e37274f0d4
2023-03-27 02:29:06,True,2.344e-10,7.117e-13,4846960725.0,0.0345,0x2f...3d77,https://bscscan.com/tx/0x6da50de88ff31bb3a9528f680845249c83de7d3a65235d73ffffc750270ed93b
2023-03-27 02:26:54,True,2.332e-10,7.117e-13,1335416762.0,0.0095,0x0b...3f2d,https://bscscan.com/tx/0xb01cf3ce0809253b924321307a047ce61f827d01c72cbdd0d802c03d7ac5ef75
2023-03-27 02:18:33,True,2.332e-10,7.117e-13,28134300000.0,0.2002,0xa3...147e,https://bscscan.com/tx/0xad75173c84167ad02f654d28b37b9aa2050db851ad0cff5ccafa4d9e29d57138
2023-03-27 02:17:00,True,2.344e-10,7.117e-13,10646700000.0,0.0757,0x75...f29e,https://bscscan.com/tx/0xf2b4783a6e1b3e8acf9a7da4988a35fd7926813e8eb1145adeb55b9ea0c78101
2023-03-27 02:16:42,False,2.332e-10,7.082e-13,19943911671.0,0.1412,0x27...bed3,https://bscscan.com/tx/0x2fef31d7961bfaa5bcbb5583dd0192bde38ecb5abf98b69a8d77283e6826601d
2023-03-27 02:15:21,False,2.32e-10,7.082e-13,5400000000.0,0.0382,0x3f...5225,https://bscscan.com/tx/0x612b3bc89fc4485e6aea55c9b1c660f7916ef774155a287294d39cd698679bc4
2023-03-27 02:10:27,True,2.332e-10,7.117e-13,2500000000.0,0.0177,0xb9...a6c3,https://bscscan.com/tx/0x481804043bf6c011bb357db86a54249dbaad932ab8f2bb3005a35cea1fe1cdd9
2023-03-27 02:08:15,False,2.332e-10,7.082e-13,9000000000.0,0.0637,0x68...00cc,https://bscscan.com/tx/0x589954860e973d92a731817a9b49adbf6f0895eff13f5bdadf1ecb4b71204c24
2023-03-27 02:06:39,False,2.332e-10,7.082e-13,8100540433.0,0.0573,0x20...010f,https://bscscan.com/tx/0x1d1e13464c1df26c0dd29ce0c0ddc7d92d338fcace22b15452f0cf8f978328b9
2023-03-27 02:06:18,False,2.321e-10,7.082e-13,150896896362.0,1.06873,0x05...7066,https://bscscan.com/tx/0xe08a9b2e5b7f096cf40a8e388a01ad01c09418581db4e48c86c9a05d3f241fbd
2023-03-27 02:05:12,True,2.333e-10,7.118e-13,42144744.0,3e-05,0xcb...2b0a,https://bscscan.com/tx/0xbfc2ae7103955c9bb249b72c6284f58a2960cbdd18ba706d47f6b22ed17d928f
2023-03-27 02:04:15,False,2.321e-10,7.082e-13,10037414051.0,0.071,0x63...12ab,https://bscscan.com/tx/0xca5b90bb860c4d8744ebebc2e85094f9d2133934ab88fb5c69ac5088e31e7a1b
2023-03-27 02:02:45,False,2.333e-10,7.082e-13,6685771907.0,0.0473,0x1d...083f,https://bscscan.com/tx/0xbeae4db88930d46bb27972e41ea273d5dfa3ccfaf853b1c691762c76d08d498c
2023-03-27 02:01:54,True,2.332e-10,7.118e-13,140485796990.0,1.0,0xf4...237c,https://bscscan.com/tx/0x5f3ae1f0efc2f250bfcea0e212d1b40f14c2f240f3eca4fa71f052ad754c056b
2023-03-27 02:00:24,False,2.32e-10,7.082e-13,22849358989.0,0.1618,0x1a...a2b2,https://bscscan.com/tx/0x628720740cd4a9537aaa3de0b999db8437ee2a80ab32d8310e3f48a519b45304
2023-03-27 01:59:06,False,2.32e-10,7.082e-13,10043282412.0,0.0711,0x83...1fb9,https://bscscan.com/tx/0x221342f20543114bd58a8ca121e184af8aa1c73bde89fa3174155ece393245ef
2023-03-27 01:57:09,False,2.32e-10,7.082e-13,75811095075.0,0.5369,0x67...9f6b,https://bscscan.com/tx/0x9f53ec68e5627351e19ffdebc40be9b74e4cd0f0a64b6002f68aea4f3f76f84f
2023-03-27 01:55:39,False,2.32e-10,7.082e-13,22749647278.0,0.1611,0xef...a6c6,https://bscscan.com/tx/0xb66b300b066f9fac4b1f3680f2814345314a92a0a23726a36399f46f4b04d741
2023-03-27 01:55:12,True,2.332e-10,7.118e-13,6700000000.0,0.0476,0xdb...3483,https://bscscan.com/tx/0xa60af036ad4f88d5ef62d022bb09d5df93ae820787df71fa047f4f7788f91090
2023-03-27 01:54:03,True,2.343e-10,7.118e-13,4245763244.0,0.0302,0x15...4042,https://bscscan.com/tx/0x003ab9fc9da251b94c9c42e70bf38c00a9358bd04b07dc16f35b282c6b202883
2023-03-27 01:50:15,True,2.344e-10,7.118e-13,500000000.0,0.0035,0x47...0a75,https://bscscan.com/tx/0xee982db7e24843d0da83ffd5978d63c7a13155e9a30f43d46be9324ac72c3064
2023-03-27 01:48:33,True,2.332e-10,7.118e-13,10255665414.0,0.073,0xe7...1c15,https://bscscan.com/tx/0xe28845990525beae907f67349ee901f38743bbe53da43f6ff3fe13a0db033246
2023-03-27 01:45:09,False,2.32e-10,7.082e-13,6083283450.0,0.043,0x12...08b4,https://bscscan.com/tx/0x57f675b72923722694ee5381982b8cc245442bd4cd06687a16c1fefe61af7241
2023-03-27 01:44:00,True,2.332e-10,7.118e-13,4916910143.0,0.035,0x9e...e5f6,https://bscscan.com/tx/0x55f4e94e07897d1eb3bc61390e063895c99886a6520061469eff1333b90b690f
2023-03-27 01:39:24,False,2.332e-10,7.082e-13,1591657856.0,0.0112,0x4f...9e9b,https://bscscan.com/tx/0xed47e8c1d94df79b6ddb14a67515f82b5461707ccf1a51d7d18f8941e2bc1840
2023-03-27 01:37:03,True,2.344e-10,7.118e-13,1500000000.0,0.0106,0xae...11a6,https://bscscan.com/tx/0x358103309298b52bc9f3739eaa8acbae7da52c3e6e4039ff06c5f8e712e4a2bd
2023-03-27 01:37:00,False,2.332e-10,7.082e-13,2465495180.0,0.0174,0xaa...7bbc,https://bscscan.com/tx/0xeeb338b513a69b02eee58c35f666896d54392e6c95df998dbbef12bc3824f067
2023-03-27 01:36:54,True,2.332e-10,7.118e-13,5276155512.0,0.0375,0x2a...47c9,https://bscscan.com/tx/0xef6e03e54fa5c8795267c2202c2849cd10c8555b9d0a715e386ca9ecadbdb00f
2023-03-27 01:36:36,True,2.344e-10,7.118e-13,6502005072.0,0.0462,0x44...de12,https://bscscan.com/tx/0x57d7cc775aab2f0017c240fdfe1a29320faa5bddbfe6b26df5835e38a550fc94
2023-03-27 01:29:15,False,2.321e-10,7.082e-13,2992449009.0,0.0211,0x4e...b94d,https://bscscan.com/tx/0x30aa926f7052ea55aff3cf8c3da297b5ab225b20efaf65de2d20f6fe676170fc
2023-03-27 01:29:15,True,2.332e-10,7.118e-13,22000000000.0,0.1566,0x36...1431,https://bscscan.com/tx/0xc4e0cc1f69753c3f80af3932cbbc2f12e9c033cc4b4f775eca3420a4d9c35a76
2023-03-27 01:28:21,False,2.32e-10,7.082e-13,70697658792.0,0.5007,0x1a...74db,https://bscscan.com/tx/0x3b30bfb625669bc977132500250d486c905be6bbfb9861c0a8364362a8d8b156
2023-03-27 01:28:12,True,2.332e-10,7.118e-13,17913900001.0,0.1275,0xf5...d6db,https://bscscan.com/tx/0x1d8b6df44a74d5391ccc06bb76382d4cabfbd1d2cbb2a139b75454bc6a1f281c
2023-03-27 01:27:24,True,2.332e-10,7.118e-13,421445418.0,0.003,0xaa...7bbc,https://bscscan.com/tx/0x5d3ef57ea3c538566b871c76f73b0eef78eee5101ee7a15ff73c128cb1666bf9
2023-03-27 01:24:24,True,2.344e-10,7.118e-13,2622375631.0,0.0186,0xaa...7bbc,https://bscscan.com/tx/0xedaf432c34fde4d59156f789f3e1b27fea91a88c24b26b1662151071afefd651
2023-03-27 01:24:21,True,2.344e-10,7.118e-13,2622375631.0,0.0186,0xaa...7bbc,https://bscscan.com/tx/0xedaf432c34fde4d59156f789f3e1b27fea91a88c24b26b1662151071afefd651
2023-03-27 01:22:00,False,2.332e-10,7.082e-13,18000000000.0,0.1274,0x2b...f0a5,https://bscscan.com/tx/0x68a4cbcee31db5f2d901c7fab1b4511a7b81f5fa2346f1c566f186fabd3dea2d
2023-03-27 01:20:15,False,2.331e-10,7.082e-13,4532472809.0,0.0321,0xa1...6dd7,https://bscscan.com/tx/0xf220226571af6a5988a0be1114facea8b1d957d566bf6a7e3c7bfa38d0f8262d
2023-03-27 01:16:21,True,2.34e-10,7.118e-13,42570644931.0,0.303,0x49...2581,https://bscscan.com/tx/0x39c4391e8fa40d8446b530583d52c019607620cbe18de84e61d93b71392059b7
2023-03-27 01:11:45,False,2.317e-10,7.083e-13,315000000000.0,2.23122,0xe5...790d,https://bscscan.com/tx/0x05ccc64642ca198a14ff553a0fbbe78718d7ee49bb546f62331384b4f9e44d50
2023-03-27 01:08:06,True,2.33e-10,7.119e-13,64986315224.0,0.4626,0x9a...65a8,https://bscscan.com/tx/0xdcb065f3b712aae0f63f4002f0f108c903b8bbddee089fb28264e754ab49a67b
2023-03-27 01:04:36,False,2.33e-10,7.083e-13,9965332783.0,0.0705,0x5b...d789,https://bscscan.com/tx/0xd02665ee00d1998b765325619bcae0214f862902bb2f1b98ea4467f223006909
2023-03-27 01:04:12,True,2.33e-10,7.119e-13,17067033805.0,0.1215,0x81...3308,https://bscscan.com/tx/0xae5a709393fe051469c88946175acc5777bd614b9cd85a895ff74747ffc84ef0
2023-03-27 01:03:21,False,2.33e-10,7.083e-13,21363370763.0,0.1513,0x40...b2f3,https://bscscan.com/tx/0x4c265915209b1d41d1e83ff1dbd390b7a2636a07953276d5b4f0b27e185172e5
2023-03-27 01:03:03,True,2.342e-10,7.119e-13,40735700000.0,0.29,0x0f...eda0,https://bscscan.com/tx/0xeecebe46d689867a27f22f82f133306a4a501009b84b25feb021b85f80474418
2023-03-27 01:02:09,True,2.343e-10,7.118e-13,14698875152.0,0.1046,0x4c...9de7,https://bscscan.com/tx/0xbdef5e8e46cd93a4b91915a003abe5d0da881dd7eb7d9161a8d5f4a5e69547ea
2023-03-27 00:45:24,True,2.33e-10,7.118e-13,11738714580.0,0.0835,0xcd...c801,https://bscscan.com/tx/0x560704635082d8bcc9f08b5a10ce10facbe04a4469e171453525fe20498e2be5
2023-03-27 00:44:21,True,2.342e-10,7.118e-13,7037474864.0,0.0501,0x5c...bba9,https://bscscan.com/tx/0xdd20fd44cb3dd027f16446981afb677fa33c746ab22cd12b31e390286ef0881d
2023-03-27 00:43:51,True,2.33e-10,7.118e-13,2142150000.0,0.0152,0x01...77d8,https://bscscan.com/tx/0x703679a6ac7c7c8a7714fd4a9df793cbec32e0afee65dad5d65d653770ac5625
2023-03-27 00:42:42,True,2.342e-10,7.118e-13,18566350644.0,0.1321,0xb4...8904,https://bscscan.com/tx/0x03e8b539ac0c8725b11b9d65ebd5e23a288acdeac9156120cf144f78ae986f83
2023-03-27 00:41:27,True,2.33e-10,7.118e-13,63803617083.0,0.4542,0xe6...0d8e,https://bscscan.com/tx/0x2e3ccf661f3abcd7dea0e4a074b6649d7c59009f6a4a5aff4593f4b303b40c2b
2023-03-27 00:38:36,False,2.319e-10,7.083e-13,179680302574.0,1.27274,0x7a...9b9b,https://bscscan.com/tx/0xb7da5ab8fb6a61642fe91ac909231652f6627b043479d8610b706eeaa282427f
2023-03-27 00:34:33,True,2.342e-10,7.119e-13,9751326494.0,0.0694,0xad...79ff,https://bscscan.com/tx/0x5676ca595903c017d169e79b4344f3e6a0c472ea96e6d93eba3e1886856d8d57
2023-03-27 00:32:45,True,2.342e-10,7.119e-13,14046671228.0,0.1,0x14...b398,https://bscscan.com/tx/0xe440911b01f3c4f4139de37f15a565b191be454dafa80cd5792b987d6c500af7
2023-03-27 00:28:18,True,2.331e-10,7.119e-13,2917309778.0,0.0207,0xc9...235d,https://bscscan.com/tx/0x0331fe1c19e464ea6f3fbcac911a4f08ba2c329335297e687c8c6483a7d19de7
2023-03-27 00:28:15,True,2.331e-10,7.119e-13,870897589.0,0.0062,0x13...1627,https://bscscan.com/tx/0xd5ab02479d6c01bf44d9863245fd9ec06ee34d48620acf03ff768ff2c3f24706
2023-03-27 00:27:45,True,2.331e-10,7.119e-13,870897923.0,0.0062,0x13...1627,https://bscscan.com/tx/0xc34593504016b400f8e3d683dd742ef1163f672489a59a9890611394856a8c9b
2023-03-27 00:19:54,True,2.329e-10,7.119e-13,23811881931.0,0.1695,0x89...2835,https://bscscan.com/tx/0x77e84ecc3108aec21ba204a879b19320f9c711b319f1f8f3742d0595ca84556e
2023-03-27 00:19:36,True,2.329e-10,7.118e-13,74449740820.0,0.53,0xb8...2bb6,https://bscscan.com/tx/0xfbb448f32be321e35de23d190951001e639b90b05e6249f5d3b4af3d3b93c10d
2023-03-27 00:16:36,True,2.329e-10,7.118e-13,25184001000.0,0.1792,0xa4...44e2,https://bscscan.com/tx/0x2a5c1f0d1eecd4acf970d9f065747df5d72547f907721162d7468f644d95cad5
2023-03-27 00:13:24,True,2.337e-10,7.118e-13,1000000000.0,0.0071,0xec...f611,https://bscscan.com/tx/0x0b7fbfbfbde9a1696accbd79f508846f5421848ce039e1ca5fd8ba067280d5fa
2023-03-27 00:13:18,True,2.337e-10,7.118e-13,81477037213.0,0.58,0x96...ce51,https://bscscan.com/tx/0x84e0d3764f887a35043cd60ff38cfcd4aab74124650483a0254191cbd97824cb
2023-03-27 00:10:36,False,2.323e-10,7.082e-13,63532530000.0,0.45,0x6d...dc57,https://bscscan.com/tx/0x8cd7d9b1f8dfdcdc73858c84b759f2a1dea87b1136a2d1c85ac58b05698978b9
2023-03-27 00:09:06,False,2.324e-10,7.083e-13,76723137978.0,0.5434,0x2e...981b,https://bscscan.com/tx/0xa6747f0dec3f35886fc92f15e3510c63553c2ef4eb6e10494728a5179adcbc9d
2023-03-27 00:08:42,False,2.324e-10,7.083e-13,76723137045.0,0.5434,0x2e...981b,https://bscscan.com/tx/0xce9f8c646b3b5b822f40a0dd490b633fb3cf3e39c9a0fa526b4289d155485f6d
2023-03-27 00:07:33,True,2.324e-10,7.119e-13,1019570655.0,0.0072,0xad...34b6,https://bscscan.com/tx/0x498092d0f8624a3e98c713643769635f501f40d78467aa458461f9f0f1790946
2023-03-27 00:07:33,True,2.324e-10,7.119e-13,10000000000.0,0.0711,0xe1...b864,https://bscscan.com/tx/0xaf9b65a159505d6ef6fb298b0b62a710a3495874ec946783f064d7456ec41b2f
2023-03-27 00:06:30,True,2.335e-10,7.119e-13,8630333245.0,0.0614,0x64...d5b6,https://bscscan.com/tx/0x7ff499146f77db309d846f23df4412b033d0b40c008f86076e0556808fc81200
2023-03-27 00:02:57,False,2.311e-10,7.083e-13,36817012042.0,0.2608,0x54...2abc,https://bscscan.com/tx/0x92856e09a9371e2e449f7433e4b4a9fec3bcb5222dd468f98d7f8c2713dd4e2f
2023-03-27 00:01:21,True,2.323e-10,7.119e-13,4420063266.0,0.0314,0x4f...901f,https://bscscan.com/tx/0x3bd92a4ebbc5b3b493996f66cae591a15fb438c71aa7b080f3c256a043309f36
2023-03-26 23:59:42,False,2.312e-10,7.083e-13,164792493444.0,1.16737,0x13...b503,https://bscscan.com/tx/0x8a70973f0a7f15ba2c05a320224c60357aec2f024fe5a433d17ea4164cf2343f
2023-03-26 23:59:36,False,2.312e-10,7.084e-13,9000000000.0,0.0637,0x06...2da1,https://bscscan.com/tx/0x424f156f7fe143a53e6cf28961c93faf747a89056390ede3dabea001bfd35104
2023-03-26 23:59:21,True,2.324e-10,7.119e-13,18961543022.0,0.135,0x11...3708,https://bscscan.com/tx/0xf3d8e66eca2832d6e8ab83247e90e0f5693c0f2aab9dde47e76fbc0f9a586531
2023-03-26 23:57:39,True,2.324e-10,7.119e-13,10447486792.0,0.0743,0x19...1abe,https://bscscan.com/tx/0xbd4d4b0a59ddab93eac01d645d0bbaab85ea4686cb52ef0f88b8202c6df8e461
2023-03-26 23:56:45,False,2.312e-10,7.084e-13,2620465817.0,0.0185,0x0d...1463,https://bscscan.com/tx/0xf1e145f42843e30e30161c0849adbfa7b1dbe3f72494a3dabd23953f30e80a70
2023-03-26 23:54:39,True,2.324e-10,7.119e-13,32623554785.0,0.2322,0x19...1abe,https://bscscan.com/tx/0xcf1fab4a905455dfb47fd7f550466dd3dcbdeddfb297dc1bfad170584cdfa631
2023-03-26 23:53:12,True,2.336e-10,7.119e-13,3135223127.0,0.0223,0xc6...c214,https://bscscan.com/tx/0xebd8a4842e56d536f0ab4bc65ca113cb43300fa542a079f16afb918cffedb748
2023-03-26 23:51:57,True,2.324e-10,7.119e-13,3384174453.0,0.024,0xa8...07a4,https://bscscan.com/tx/0xd5e3e216f691555789f6d465a74f40ebc18b835e59e253efbed54a80f3185090
2023-03-26 23:51:30,True,2.324e-10,7.119e-13,8460037225.0,0.0602,0x41...d71f,https://bscscan.com/tx/0x671368cded8231fe93e6a134a2a33cb32b6547099bc90e86d6177a24cc27c60c
2023-03-26 23:51:12,False,2.313e-10,7.083e-13,4435824172.0,0.0314,0x67...f8e2,https://bscscan.com/tx/0x664dc80eab144e74628e57a22e5d2aaaec0a01e2e989928ff7bc737197e8d7b9
2023-03-26 23:47:54,True,2.336e-10,7.119e-13,2809193982.0,0.02,0x47...26a4,https://bscscan.com/tx/0x945b8999e6738c93ebbf63ebb8df1484e6e614d3607f19b07b73f3ab5c8e33f6
2023-03-26 23:44:47,False,2.323e-10,7.083e-13,58500000.0,4.144e-05,0xfe...4b56,https://bscscan.com/tx/0x4f63f2233ec2e8d308dae7771c91538b125ca70b998b238222efe54acc48faeb
2023-03-26 23:44:17,False,2.311e-10,7.083e-13,8396826733.0,0.0594,0x16...204e,https://bscscan.com/tx/0x62d51a3619445ff59ba892797df0c660481347325c735f2b680b5a87b67f6daa
2023-03-26 23:42:50,False,2.323e-10,7.083e-13,26910000000.0,0.1906,0xc4...64c7,https://bscscan.com/tx/0xdd05cc6a38ac5d2d5af8363a2cdc906370ff3edb1b00fd102fd392c31149e73c
2023-03-26 23:40:20,False,2.311e-10,7.084e-13,7740000000.0,0.0548,0x84...73f6,https://bscscan.com/tx/0x9d1534d5c7e4421b60576b915370fdee88299d6a3d8d26cc5d0551dd2181145d
2023-03-26 23:39:47,True,2.323e-10,7.119e-13,4915295507.0,0.0349,0xb0...16a1,https://bscscan.com/tx/0xbb04dbe13244799f6c4a5953ff0919db9cd083e9b7f467d51ad3a0e7ed87243c
2023-03-26 23:34:02,True,2.323e-10,7.119e-13,50241624.0,3.577e-05,0x67...288e,https://bscscan.com/tx/0x3dc60a6a16c83599c0466036b6a00c5019ce463ed590f50365172cb8ab0d026d
2023-03-26 23:34:02,True,2.323e-10,7.119e-13,19996254668.0,0.1423,0x67...288e,https://bscscan.com/tx/0x3dc60a6a16c83599c0466036b6a00c5019ce463ed590f50365172cb8ab0d026d
2023-03-26 23:32:56,True,2.323e-10,7.119e-13,22456423607.0,0.1598,0x7a...9fd8,https://bscscan.com/tx/0x99d9da68b8ef5b7b679f41fc52a93f06bfde061e35091fe890d75170b1e45f58
2023-03-26 23:31:38,True,2.334e-10,7.119e-13,181835718076.0,1.29452,0x79...dd92,https://bscscan.com/tx/0xfa54175a48f8a4191a50ef3b629367298982bf14114a2fcc94e150e905caf558
2023-03-26 23:29:32,True,2.334e-10,7.118e-13,25800141088.0,0.1836,0x6b...f437,https://bscscan.com/tx/0xb1c6dff3b5e040a1ddb8bf5fee5acded7e02005d257b4809800b77d99ed41c64
2023-03-26 23:29:14,True,2.333e-10,7.118e-13,3877055131.0,0.0276,0x2f...3d77,https://bscscan.com/tx/0xd2a4fe3d200765866bc1a1ba98f96c571c2f4c5aadd447147947211709635788
2023-03-26 23:26:02,True,2.333e-10,7.118e-13,4000000000.0,0.0284,0x76...f16a,https://bscscan.com/tx/0x4e6b619cd5b366f9c2f2b7fbd209f7062391d0ea70c577c564e8aa7b2f731862
2023-03-26 23:25:17,True,2.333e-10,7.118e-13,393325495.0,0.0028,0xef...c7a3,https://bscscan.com/tx/0x6d47de6f64433cf16c4d76ec52cc200fdf73e33ad0d9bf4daee176f467e11c80
2023-03-26 23:24:53,True,2.333e-10,7.118e-13,21983470615.0,0.1564,0x87...3f44,https://bscscan.com/tx/0x450e2a0f5612c0353899c34f87d7eeae000e70de05e6380466a7fbe7d534aafe
2023-03-26 23:23:53,False,2.31e-10,7.083e-13,63000000000.0,0.4462,0x0b...65de,https://bscscan.com/tx/0x68b323d318c1abd11ec671011f4736985e566a41eff2b6ac6f0c57d283a863fb
2023-03-26 23:23:50,True,2.322e-10,7.118e-13,163422025818.0,1.16335,0xc3...7f8a,https://bscscan.com/tx/0x5160475b12611f1921691b0547cd29728460c22967eadc35199ad68cbe4c8592
2023-03-26 23:23:32,False,2.322e-10,7.082e-13,74775300917.0,0.5296,0xe9...844e,https://bscscan.com/tx/0xf22751aaf0bf3b7057b3eff335c90a45db8ea9705a4167b82bfcd53d0abfe8fb
2023-03-26 23:18:32,True,2.321e-10,7.118e-13,1545081138.0,0.011,0x96...4546,https://bscscan.com/tx/0xb61aceb73d2296ae93caf47df1981519aeeacf02370d3ddfcd64050b178a4bbb
2023-03-26 23:17:26,True,2.333e-10,7.118e-13,5197635115.0,0.037,0x2d...1d1a,https://bscscan.com/tx/0x2482e2a215ea903d4e6e0ec22e7c6e086cdab5d26daa783e7b7ceb3410edaf39
2023-03-26 23:16:59,False,2.309e-10,7.083e-13,56643748757.0,0.4012,0x56...0e3f,https://bscscan.com/tx/0x70b2f1fbf0dc51887d1dab7697655d4420fa73b83fd997419c1cd461fd3a8f27
2023-03-26 23:15:23,True,2.333e-10,7.118e-13,40347610781.0,0.2872,0xbe...d217,https://bscscan.com/tx/0x3c366c3e895a96580a33d165b70c15747d4bc852708f69366c724aa5f9d265e2
2023-03-26 23:13:32,False,2.309e-10,7.083e-13,20971227003.0,0.1485,0x6b...0d2b,https://bscscan.com/tx/0x6336f5ae97aca6a91668258142c6eba8ecba85ee252713b9cb1c719cc4af956a
2023-03-26 23:12:26,True,2.322e-10,7.122e-13,4051611330.0,0.0288,0xbf...2c9d,https://bscscan.com/tx/0x186554fb7719056a705066b9692ee55deab64837a0b2ccd4eea957e1246ee222
2023-03-26 23:08:11,True,2.321e-10,7.118e-13,25285594791.0,0.18,0x3e...8e90,https://bscscan.com/tx/0xfb4e52ee3946e73a7b33462b16a5b002b9a770204d481b791f96ce6d1663eabf
2023-03-26 23:07:59,True,2.321e-10,7.118e-13,10218472535.0,0.0727,0x84...37c1,https://bscscan.com/tx/0x7863f88e2cb5d2d19558e6e351359cd33ffee0be9af02eb731fcfebf5376ecc1
2023-03-26 23:07:08,True,2.333e-10,7.118e-13,25285989790.0,0.18,0x3e...8e90,https://bscscan.com/tx/0xc5c56c6704f419ddd593249bfeae465e02f6015cfa9dfc388063bd4a1a208da5
2023-03-26 23:07:05,False,2.321e-10,7.082e-13,1721602867.0,0.0121,0x56...5310,https://bscscan.com/tx/0x9c087f75d7a8dda137caedbc7b64066357fb22e7c504e43421f88fe5c3832c04
2023-03-26 23:04:47,True,2.333e-10,7.118e-13,31937048671.0,0.2273,0x84...37c1,https://bscscan.com/tx/0xf439fd4e4f92822929baaacd4b9e24b8eee6a42ed4e2b6d56734e1b7aae2a9d0
2023-03-26 23:03:53,True,2.321e-10,7.118e-13,8308024760.0,0.0591,0x4c...c145,https://bscscan.com/tx/0xe86f079a05862feb82e014d06e79efb3c5fcd48558829775ab6f122c932c0c61
2023-03-26 23:03:50,False,2.309e-10,7.083e-13,105206400000.0,0.7451,0x34...26ea,https://bscscan.com/tx/0x9f329621d6084d8f7eb639993a57a3885e6d7095ffc2276ca69efbe46d8a968a
2023-03-26 23:03:38,False,2.321e-10,7.083e-13,2736349015.0,0.0193,0x6a...f5d6,https://bscscan.com/tx/0xcadf58d61c6c4cd997b9ad7bae4f901dedc06799ca3f2ea335900345630d359a
2023-03-26 22:59:56,False,2.309e-10,7.083e-13,37898203173.0,0.2684,0x3f...6339,https://bscscan.com/tx/0x8680903ae7fcf629766b5fc6bac1892f4a1025b8b76c0ad7188e04fa4e11b83b
2023-03-26 22:59:17,True,2.321e-10,7.118e-13,1176837031.0,0.0083,0x15...4042,https://bscscan.com/tx/0xd6a36282e9269379621695b14d4bbfd935cc5f8b7b0751f5378938669aa018be
2023-03-26 22:58:59,False,2.321e-10,7.083e-13,13289877169.0,0.0941,0x14...3de5,https://bscscan.com/tx/0x7b535f8661b86d43579157ee1f9d7eeeb78a07d12f6ed9c1977761ffc45f3b88
2023-03-26 22:58:23,False,2.321e-10,7.083e-13,51148734303.0,0.3623,0x2e...981b,https://bscscan.com/tx/0xcd05222ab516a19c74fff6f810172af0f4b33c3a52c5ec6a57b152030bc49e1c
2023-03-26 22:57:38,True,2.321e-10,7.119e-13,27793597789.0,0.1978,0x7e...4e50,https://bscscan.com/tx/0x01eb80e2f40c46046eaaac6cd923f073a1441f7d84709bc7e8fe2c310b0dff38
2023-03-26 22:57:02,False,2.309e-10,7.083e-13,51741873417.0,0.3665,0xb6...569c,https://bscscan.com/tx/0x1e8d0cf9895d34d39b13acc6a90dd709e91f8a81f6afa76b703dfb6ab3e0a689
2023-03-26 22:56:44,True,2.321e-10,7.119e-13,2757444428.0,0.0196,0xcb...2b0a,https://bscscan.com/tx/0xd1ff39825f467c3d646404c70c96c9fe4c1f65b4a335d291ac15ca2cab882a9f
2023-03-26 22:50:53,False,2.322e-10,7.083e-13,528245367.0,0.0037,0x50...5744,https://bscscan.com/tx/0xcb9c88e4089b6e28a8b34f5946ecf348be8ca6f8caff2f73b275b6a2ded114c8
2023-03-26 22:48:59,False,2.322e-10,7.083e-13,28460021797.0,0.2016,0x7a...cff1,https://bscscan.com/tx/0xb8eaad77f52d882d4535678bca8a1294d413019f5d3e73fdc87e0be46ed8addc
2023-03-26 22:48:38,False,2.324e-10,7.083e-13,13060464536.0,0.0925,0x93...169b,https://bscscan.com/tx/0xb765e30b885d58c5827f20268ebcbc4b3a3ae1ea9f48fe27d16f167cca59485b
2023-03-26 22:46:32,False,2.324e-10,7.083e-13,4330095441.0,0.0306,0xd2...e851,https://bscscan.com/tx/0x0232a8e19284ba9dcd7e524d3955092cda7797f376838500fa6d563db8f308c9
2023-03-26 22:46:32,False,2.324e-10,7.083e-13,47700000000.0,0.3379,0x9e...aa41,https://bscscan.com/tx/0x25e596fab092c6aa2f5bf353c2c62cb95533342ca27fe169a2c736b6a783d876
2023-03-26 22:44:11,False,2.324e-10,7.083e-13,47424374887.0,0.3359,0x9f...374c,https://bscscan.com/tx/0x7915917a1c6fe517933f44f07c680c7803502e7ff7a21eb0827506113919b6ab
2023-03-26 22:41:53,True,2.336e-10,7.119e-13,9526245542.0,0.0678,0xc4...7611,https://bscscan.com/tx/0x8c6a02e3db1d07acf5934ce3541107b3f798512bcb355ad0649a3f9b17103981
2023-03-26 22:41:41,True,2.324e-10,7.119e-13,16150000000.0,0.1149,0xf3...aabe,https://bscscan.com/tx/0x8945f011fc8467f9e32920ff70d6d46eccb2b7be519e5a99234725398ab8462f
2023-03-26 22:40:59,True,2.324e-10,7.119e-13,1814200000.0,0.0129,0x34...2fa8,https://bscscan.com/tx/0x1839665980b8ada2d17fbde2fdcfab02626ee496c8067a5cb9be41f85f75c959
2023-03-26 22:39:11,False,2.324e-10,7.084e-13,164887200114.0,1.16809,0xaf...90e4,https://bscscan.com/tx/0xeb7fb22e83aeaef3ae3fe73c81adc7e2e0e73a3d155f2e2c2d886edc7a9d3808
2023-03-26 22:38:50,True,2.336e-10,7.119e-13,1380864790.0,0.0098,0xe4...52b2,https://bscscan.com/tx/0xb94ea1838b404e9231e6861234f0e83d2bdaa22cc19d3ded7186fb742521432d
2023-03-26 22:37:47,False,2.325e-10,7.084e-13,45000000000.0,0.3188,0xac...9bfc,https://bscscan.com/tx/0x9b4ee4f2fccd0392429e102f2dd9c7531dc41253cdf55963722909ce8f5244a7
2023-03-26 22:36:53,True,2.326e-10,7.12e-13,8489427302.0,0.0604,0xe4...52b2,https://bscscan.com/tx/0x36cf3c8d4a548607408d1639273d84428a635cf4635b5b985c76fb587b6a7264
2023-03-26 22:36:05,True,2.337e-10,7.119e-13,239000000000.0,1.70162,0xfd...5fea,https://bscscan.com/tx/0x32b73449e8c53fd0bef0e2055c19099e04ddc65f440ea43c66320ebbdd069468
2023-03-26 22:33:59,True,2.337e-10,7.119e-13,36926015559.0,0.2628,0xe4...52b2,https://bscscan.com/tx/0xe56a8f985eac6a8ed4ad505582658878eb77c6fdcf8d4626ce74b2331c1fe052
2023-03-26 22:31:57,True,2.337e-10,7.119e-13,149696638500.0,1.06569,0xe4...52b2,https://bscscan.com/tx/0x1880669a99b23a9c00e45dc5e0690837c0fecdc77e322aa2dba71f8928bec4c3
2023-03-26 22:31:57,True,2.337e-10,7.118e-13,8568800000.0,0.061,0x4b...1874,https://bscscan.com/tx/0xd949b8a3b2b71cfd0537bcc2a7cdef707fb197981c2112b07dc240e7360a676f
2023-03-26 22:30:46,True,2.326e-10,7.118e-13,1896734431.0,0.0135,0xdb...7e31,https://bscscan.com/tx/0xc21bb6948b055710ccae643aefa28215f147c2f98e0c5b9af15548bea9ae1dc7
2023-03-26 22:30:31,False,2.326e-10,7.083e-13,4500000000.0,0.0318,0x01...a38b,https://bscscan.com/tx/0x62b42e38a7a2e9a7557ae23aa040d98ef91178001e58636e708f5d6c7e551aef
2023-03-26 22:28:52,False,2.314e-10,7.083e-13,19811470678.0,0.1403,0xa6...5f66,https://bscscan.com/tx/0xadc1853640a8ba2563a6ad8703f3da1ea073d25e7741fc58b13ac052f4747a21
2023-03-26 22:28:18,True,2.337e-10,7.118e-13,19885183329.0,0.1415,0x84...ef97,https://bscscan.com/tx/0x368e11cbda7bc0d3275288ace312a4f144be242a1f04f003de647dc5166f9c55
2023-03-26 22:27:40,True,2.337e-10,7.118e-13,7654222833.0,0.0544,0xf4...00c4,https://bscscan.com/tx/0x042eee3f1e8245f75e2626432f00e5b588a5dbd02459e9db957f22fffe0bc710
2023-03-26 22:27:34,True,2.337e-10,7.118e-13,5224885550.0,0.0371,0xc4...7611,https://bscscan.com/tx/0x121550985e63ec810e8538ede8f0d042a0ea549933d5969e8403d2e876faf43b
2023-03-26 22:26:39,True,2.326e-10,7.118e-13,19133400000.0,0.1362,0xc0...69f3,https://bscscan.com/tx/0x33c545d20e5f31317b1cfbbea717733a177d7d56184fd2d45719fb3a5c34e46e
2023-03-26 22:25:50,False,2.326e-10,7.083e-13,18900000000.0,0.1338,0xf4...f38b,https://bscscan.com/tx/0x75901c19ac10dd59d13f57d07a49b52b1b67378ec2fbb2d80714edfb6259256f
2023-03-26 22:24:36,True,2.338e-10,7.118e-13,3918996244.0,0.0279,0x66...2249,https://bscscan.com/tx/0xc54842802b92c33e3f7a305b6f21b1a81564cb19328f3dfbcc5456936a1a5f28
2023-03-26 22:21:39,False,2.314e-10,7.083e-13,99058186367.0,0.7016,0x2c...6e49,https://bscscan.com/tx/0x6ee8afdd8ab041bde1d0b1655aab02161f440c6b4556ac0af79216d71a167000
2023-03-26 22:21:39,True,2.326e-10,7.118e-13,185753773010.0,1.32233,0x02...8e01,https://bscscan.com/tx/0xc684e6dfe3580482291fd8c5309bfc5a32c18353c37cc274ed49ff573b9036cc
2023-03-26 22:20:33,False,2.326e-10,7.082e-13,10412413336.0,0.0737,0xde...f03b,https://bscscan.com/tx/0x1dac2cb1b8c67cd469745399e1f0632577653ac2c05f8b673deb997d7e87704a
2023-03-26 22:20:06,True,2.337e-10,7.118e-13,4901323929.0,0.0348,0xc7...2797,https://bscscan.com/tx/0xd2c919343f9b337639ef14b71af93cf773e5bf8829b780a3c1d40db964165c69
2023-03-26 22:17:21,True,2.337e-10,7.118e-13,3928803567.0,0.0279,0xaa...0b97,https://bscscan.com/tx/0x936b2af63ca3758823b930815ee23e666715c413ce164e20dd9b79cb4b451be4
2023-03-26 22:17:09,True,2.337e-10,7.118e-13,2827725592.0,0.0201,0x95...cd34,https://bscscan.com/tx/0x33ea80cf9bfa212850f0178e109478ffe80c18f4bf5d8d359b04f6a7ca96a8ed
2023-03-26 22:12:30,False,2.325e-10,7.083e-13,96497080932.0,0.6834,0x83...36d4,https://bscscan.com/tx/0xc6231bd17a5d637e193862e890c44a2e4ddbc4d05eecab63d57879a1f954d657
2023-03-26 22:12:09,True,2.325e-10,7.118e-13,365263284707.0,2.6,0x3d...30cb,https://bscscan.com/tx/0x5ab059816836c426767927c35c9c3873295b3eff8418d6fa4b81447bb0861540
2023-03-26 22:10:54,False,2.325e-10,7.082e-13,4941025504.0,0.0349,0x94...12e2,https://bscscan.com/tx/0x0a2b95ef8f9030a8229b419b67a425c4b36c37ae22b4bd76e0ccbe5d73833d22
2023-03-26 22:09:06,False,2.313e-10,7.082e-13,26120919347.0,0.1849,0x93...169b,https://bscscan.com/tx/0xc252df9ccd10ebf08706833c6f4181bdf6e630b1e96a002e839522df806b90e1
2023-03-26 22:07:57,False,2.325e-10,7.082e-13,15572494230.0,0.1102,0xc3...b51a,https://bscscan.com/tx/0xda7900bdaed7d987bb6222689e80e27696baaac36c9b140a4ff2466e3a7b4fbf
2023-03-26 22:03:24,False,2.313e-10,7.082e-13,1756210577.0,0.0124,0x4a...d364,https://bscscan.com/tx/0xf956420587b8e5867f9d54b2dad583e54478488fc98e28399bd74e10b7e6d689
2023-03-26 22:03:21,True,2.324e-10,7.117e-13,6491903270.0,0.0462,0xc3...aa43,https://bscscan.com/tx/0xddedf7971efda94ce9f7549d8de89abe529e6c367b52562ba9b49feced7e0a24
2023-03-26 22:01:42,False,2.311e-10,7.082e-13,10967867763.0,0.0776,0x48...2dc2,https://bscscan.com/tx/0xa74a8b49c5df01b1a2c7eb869c4a152659b35c47946711eea040bdef35d70f1c
2023-03-26 22:01:39,True,2.323e-10,7.117e-13,3500000000.0,0.0249,0x08...a3b2,https://bscscan.com/tx/0x9ff69793d6969855cb6c1d5be74fd3471e4cc870ef08eae6dde14e91341c3d8b
2023-03-26 22:01:36,False,2.324e-10,7.082e-13,20680442154.0,0.1464,0x53...625b,https://bscscan.com/tx/0x2d08757b0344b341cc8ed834d12a94ae15986a25c8803868b7acf3b80f234173
2023-03-26 21:53:09,False,2.313e-10,7.082e-13,2700000000.0,0.0191,0x4c...a641,https://bscscan.com/tx/0x7633fe7a58468a1c9423e9cda03cd9be0437d04c5cbc40dd2f1708b2a7c60cb8
2023-03-26 21:53:06,False,2.313e-10,7.082e-13,2421253768.0,0.0171,0x2b...3721,https://bscscan.com/tx/0x8154bd8c9ce2099b1efb0ad2fec769af02621bfe5443e5234f3172007071013b
2023-03-26 21:52:24,True,2.325e-10,7.117e-13,114009441556.0,0.8114,0x9d...ea73,https://bscscan.com/tx/0xb1ebf84f37acd9b1c45b28f8271d14e11153fde0a5dc12fded067d31b1a95266
2023-03-26 21:51:42,True,2.324e-10,7.117e-13,63897567.0,4.547e-05,0x65...8051,https://bscscan.com/tx/0x5e86435ad214cc488215942b782e3e70fa904ae7fd37c9a1cf9d938e703acaee
2023-03-26 21:50:57,True,2.324e-10,7.117e-13,28100088207.0,0.2,0x9e...e5f6,https://bscscan.com/tx/0x709d1cabedabd6494cb35dc96573cfd70a10ae3a8c7c7c2049ebe245f5ed2eea
2023-03-26 21:50:15,False,2.313e-10,7.081e-13,1700346969.0,0.012,0xce...3402,https://bscscan.com/tx/0xfbe53fe0fd29aaf19dc5be1204b6d6c00d79111deba60a29fbcce3b95f0f2ae8
2023-03-26 21:50:06,False,2.324e-10,7.081e-13,1408037278.0,0.0099,0x9a...748e,https://bscscan.com/tx/0xeaf0c0be38e0cbea9b3c78918ed527fd98d01f90c98ac57cc0bbdfba0a2e3fc4
2023-03-26 21:47:45,False,2.324e-10,7.081e-13,43358227544.0,0.307,0xce...19a5,https://bscscan.com/tx/0x5d99c74e6b6b06ff3628b03b9467159bcdd75e82b6d3c8fe27d134ac4a072139
2023-03-26 21:46:12,True,2.324e-10,7.117e-13,1000000000.0,0.0071,0xff...2c13,https://bscscan.com/tx/0xcf5f2eda2293584c0ba081e30c3406f2a84a14834d7e127b403c9f36b943b5a3
2023-03-26 21:44:24,True,2.324e-10,7.117e-13,955400637.0,0.0068,0xc6...a283,https://bscscan.com/tx/0xa1bf85e434668ea395950ebf5269fd240ee5938da7ed7a4e2b0f9c44eecc16e2
2023-03-26 21:42:45,True,2.324e-10,7.117e-13,1233323427.0,0.0087,0x2a...189e,https://bscscan.com/tx/0x5b0512cf6683469dd70b2b9d49dd7246a6623cc21ec46ac7b370c138a5eaa5cb
2023-03-26 21:41:42,False,2.324e-10,7.082e-13,25986391890.0,0.184,0xd4...eea2,https://bscscan.com/tx/0x0da80e20a78e11d8f836fa4cd477bc3e3bf791c390528b51a1a63e0345ec3cc3
2023-03-26 21:41:21,True,2.336e-10,7.117e-13,1621199240.0,0.0115,0x45...d52e,https://bscscan.com/tx/0xb283b33724ebb25a7b51796adb504f9b2cc46fe60a16e0959f0c53c998788f57
2023-03-26 21:41:15,True,2.336e-10,7.117e-13,7403290001.0,0.0526,0x85...afdc,https://bscscan.com/tx/0x68af77e9b398ee28e6a7c60cb6e7db4d4f8dda7ebf4e0fb1f1aff39e8e3f8675
2023-03-26 21:38:51,False,2.312e-10,7.082e-13,131442005364.0,0.9309,0x06...2c3e,https://bscscan.com/tx/0x893db62e06abafa6e53879f91ff8b776b3f632293a67efdfa6baad899835f584
2023-03-26 21:37:54,True,2.324e-10,7.117e-13,18260542932.0,0.1299,0x86...44a7,https://bscscan.com/tx/0x0a706321489b8b8747516b1955b8e866e5e09596ad71855a552f27207d203e2c
2023-03-26 21:37:21,True,2.324e-10,7.117e-13,1900000000.0,0.0135,0xdb...20ce,https://bscscan.com/tx/0x568176d311988136a475646e67bd65be48505bdd794795b6fd7dbf365130afcf
2023-03-26 21:36:24,False,2.312e-10,7.082e-13,897795836.0,0.0063,0x2d...9a48,https://bscscan.com/tx/0xfb5b7680f117e6ed81bf882ddcfbb4ec026e180d238f1e7bce1cdcf8c32e71f1
2023-03-26 21:30:09,True,2.335e-10,7.117e-13,13719800001.0,0.0976,0xa3...41c0,https://bscscan.com/tx/0x474f06ee48253d955d4930bd3a5300d8830dcafe9dbf40279cb634afdca472a0
2023-03-26 21:29:45,True,2.336e-10,7.117e-13,6468920000.0,0.046,0x2b...004e,https://bscscan.com/tx/0xcf06acf42b6398aa92f49125be855d8d0080771774c7bbc6f9049f40fa9b47ca
2023-03-26 21:26:51,True,2.335e-10,7.117e-13,4214761824.0,0.03,0xc0...33d3,https://bscscan.com/tx/0x646788f00efa784fa88e108b62c1516a6a59bed036893e99e93c1d4c561372b6
2023-03-26 21:25:00,False,2.324e-10,7.082e-13,6443494843.0,0.0456,0x5c...88cb,https://bscscan.com/tx/0x7d67864816085a8c03a87b4ca12b0945ea6ecf8273f480a0b2535e0c324e62d9
2023-03-26 21:24:24,True,2.324e-10,7.117e-13,4214750000.0,0.03,0xed...872b,https://bscscan.com/tx/0x5ddf6870ba7908e6eb03240dc94325f3078e69e477657e221309a42c0635fd7f
2023-03-26 21:23:24,True,2.335e-10,7.117e-13,3075500000.0,0.0218,0xae...5921,https://bscscan.com/tx/0x8a83392f3d85345efbf20bff194c395869bc187fbe426242ecb1dbdc01b05d39
2023-03-26 21:23:06,False,2.323e-10,7.082e-13,250048794632.0,1.77101,0x50...7a81,https://bscscan.com/tx/0xe76a2dc6b33403f326112d05fe61ac3911160073b62a40ddba1f808ae536dc6f
2023-03-26 21:22:36,True,2.335e-10,7.118e-13,5449494795.0,0.0387,0x95...cd34,https://bscscan.com/tx/0xceec91f97bce339c20b6fa13be07ff2a6167755698a29012a8d3bd7af8d3f8ae
2023-03-26 21:17:36,False,2.323e-10,7.083e-13,20048153819.0,0.142,0x5a...724c,https://bscscan.com/tx/0x0f159057948ac50d0fcd5bc2a0821d0448f721c21e4ca8a70e4c0e487d76377c
2023-03-26 21:10:54,True,2.323e-10,7.118e-13,2107130001.0,0.015,0x96...be4a,https://bscscan.com/tx/0x8f56432694ae498fb26a67aba96750220ed65c93a161e1e7eee1fec4951a6621
2023-03-26 21:07:00,True,2.324e-10,7.118e-13,14139194619.0,0.1006,0xd4...1d9f,https://bscscan.com/tx/0x88a60e34ebc697f97f30a63573dc9e2722ff34f0141554ff501859683f9b63e5
2023-03-26 21:05:36,True,2.334e-10,7.118e-13,788580931.0,0.0056,0x15...4042,https://bscscan.com/tx/0xfc56813b6d1397f65a6b34c71c855276f5e10576641e65aa3c7bd45fded1e372
2023-03-26 21:03:23,False,2.324e-10,7.083e-13,4790516569.0,0.0339,0x94...d04e,https://bscscan.com/tx/0x4bbcda343501d7639c0c4f7b2d05447d250497b624e22971ac3fdbfa1de062a8
2023-03-26 21:02:02,True,2.334e-10,7.118e-13,37909019659.0,0.2698,0x15...4042,https://bscscan.com/tx/0x3ab3c87652ec22a8dc93046220699f5f9144f4cc9fa016709d9d2911a0e03201
2023-03-26 21:00:20,True,2.323e-10,7.118e-13,48921700000.0,0.3482,0xe4...d3bc,https://bscscan.com/tx/0x0af214420ae55803d097cbb69bbc1c2ffa0a36017a3836658c73dc044f859cd2
2023-03-26 20:59:53,True,2.336e-10,7.118e-13,88281551805.0,0.6284,0x4e...f949,https://bscscan.com/tx/0x042773c42cb2d972aa8704912cf5ed568dbeb6b54b9cb5d783c1c787ce6294fe
2023-03-26 20:59:29,True,2.323e-10,7.118e-13,17956482724.0,0.1278,0x02...3dcf,https://bscscan.com/tx/0x5d1f3a775ff6b68bd2f5ca7c942a4059dd916b364534330f046a2896069a6fda
2023-03-26 20:57:50,True,2.335e-10,7.117e-13,30907700001.0,0.22,0x81...82bf,https://bscscan.com/tx/0xe28bc351b9b1dcd72fdf9c7760e453e58a1a34679435b58f4244f839a497ab48
2023-03-26 20:56:38,True,2.323e-10,7.117e-13,1000000000.0,0.0071,0x8f...3e12,https://bscscan.com/tx/0x1cd5b6e82fc695eeaa8abe3d50d5001fc427be68c71ec3888ab201c284bc860d
2023-03-26 20:55:35,True,2.323e-10,7.117e-13,1000000000.0,0.0071,0x8f...3e12,https://bscscan.com/tx/0xd571504b83a8d33b8b59ca862d336e5f701a50eedb229923a699a93120590aef
2023-03-26 20:54:59,True,2.323e-10,7.117e-13,50000000000.0,0.3558,0xd2...4916,https://bscscan.com/tx/0xae9a00f64beb54a08ba572f82d62f43162edfc257af75786cf610fafbe705957
2023-03-26 20:54:56,True,2.323e-10,7.117e-13,50000000000.0,0.3558,0xd2...4916,https://bscscan.com/tx/0xae9a00f64beb54a08ba572f82d62f43162edfc257af75786cf610fafbe705957
2023-03-26 20:53:47,False,2.323e-10,7.082e-13,8392752698.0,0.0594,0x2e...fc9a,https://bscscan.com/tx/0xab1517f5f2de957c923b8a3e45dcb7c061f8550cd708b094bcd3f7a9af6e6edb
2023-03-26 20:52:26,False,2.323e-10,7.082e-13,4500000000.0,0.0318,0x09...91c2,https://bscscan.com/tx/0x7c1daddbbe9202c8c01365ec73444617044056e417fd4535e15b99a845a1fa09
2023-03-26 20:52:08,True,2.335e-10,7.117e-13,700000000.0,0.0049,0x93...5831,https://bscscan.com/tx/0x4991bcd9353721d116246746bfbc03f0e510ccda19f92f4041e7bcc345a9c143
2023-03-26 20:51:41,True,2.323e-10,7.117e-13,100000000000.0,0.7117,0xfa...5069,https://bscscan.com/tx/0x34aea4d9ec5be597fb176a282f20e98b46b8f62aeed54045b6c56feecb7aaa8a
2023-03-26 20:50:14,True,2.323e-10,7.117e-13,10000000000.0,0.0711,0x8f...3e12,https://bscscan.com/tx/0x870d12f605acc2286ae8bfebbf7e074b4325ff874f81e938819f37ec170f0977
2023-03-26 20:47:38,True,2.323e-10,7.117e-13,11072925162.0,0.0788,0x1a...a607,https://bscscan.com/tx/0x0e5e6db95e26f612197fa7fea606582bc592948c4aa4364f5939c623566bf36a
2023-03-26 20:47:11,True,2.334e-10,7.116e-13,542396625648.0,3.86,0x1f...1c31,https://bscscan.com/tx/0x8f6dd76e88d433a8709ea8f7528db8cf503b91d7ccb0b80daca1ce461a4a5ce5
2023-03-26 20:45:59,False,2.311e-10,7.08e-13,56424660244.0,0.3995,0xa5...be77,https://bscscan.com/tx/0x207c9669664bd9df235218c6434e8f9b3b77ff81d5d6fbb7a48fbb476e0e28ed
2023-03-26 20:44:02,True,2.321e-10,7.115e-13,2439191294.0,0.0173,0xa5...be77,https://bscscan.com/tx/0xdbeb93f49dfa4543e7b50454b3efc6b052acf5f49d7c262b482f3515ad0b1426
2023-03-26 20:42:56,False,2.311e-10,7.08e-13,130308611725.0,0.9226,0x0c...9305,https://bscscan.com/tx/0xdca3eee7457ef79e54f917a6c0bc1a0a0e34475aedac98c73e0700eca9c866e3
2023-03-26 20:41:29,True,2.334e-10,7.116e-13,407515006.0,0.0029,0x55...cfad,https://bscscan.com/tx/0x8b8e6ab234c2990ad26159736180411a8107931dd9defcde8c3b4e09d0b213cd
2023-03-26 20:41:11,False,2.311e-10,7.08e-13,9705706875.0,0.0687,0x77...6d06,https://bscscan.com/tx/0x4bb438bd96acecc1429da17805fb4e190e2e3734e13d84084c65ea73ae88cbb2
2023-03-26 20:35:02,True,2.322e-10,7.116e-13,13782798254.0,0.098,0xbb...69cf,https://bscscan.com/tx/0x8a32746a8645c38d497d2204c2499469a9298c9af9bc18f36e442fdfbd696526
2023-03-26 20:33:44,True,2.334e-10,7.116e-13,33146448949.0,0.2358,0xc6...08e6,https://bscscan.com/tx/0x09931f9632a079b1d1a755876239ca917528347dbc84997fc684eb68b516944a
2023-03-26 20:27:35,False,2.322e-10,7.081e-13,344855705393.0,2.44198,0xb9...b761,https://bscscan.com/tx/0xb1dec02e2eab5c6486a64a8b797133f2d3cf118cede929f03e7b9cf0ad63bd31
2023-03-26 20:27:32,True,2.322e-10,7.117e-13,21075600001.0,0.15,0x20...962f,https://bscscan.com/tx/0x82148f54384c5d8f2c95c39d70066e6854c8805c6f7073abb328a6a5fbea38b1
2023-03-26 20:27:23,False,2.31e-10,7.081e-13,4539607528.0,0.0321,0x73...671a,https://bscscan.com/tx/0xb6271e94f52ead5b04719e257f501886ac652fecb0df3c38eb35804be0c05aad
2023-03-26 20:23:11,False,2.321e-10,7.081e-13,29146093525.0,0.2064,0xd9...0c75,https://bscscan.com/tx/0x6a703b1f5ab06ad5bb92272f3a0d9f110617e08db4db02d2fd4b027b884e2331
2023-03-26 20:20:50,False,2.309e-10,7.081e-13,12081729793.0,0.0855,0x95...6ec3,https://bscscan.com/tx/0x1fe5211c6718ebed077b52c27f98fb69cc2c2d1c05737e6daee5d9e549082b9c
2023-03-26 20:19:56,True,2.321e-10,7.117e-13,20826587635.0,0.1482,0x12...a77d,https://bscscan.com/tx/0x249bc2f769c38b1eb0f2db6035b6ee62b9e787bc19086dfc362a06e285b1faee
2023-03-26 20:18:56,False,2.309e-10,7.081e-13,165305208968.0,1.17069,0xd5...8484,https://bscscan.com/tx/0xad9fbbabb52750a592f413b4287f896229edf54ea10701646fd2c73247cbf76a
2023-03-26 20:18:56,True,2.321e-10,7.117e-13,12000000000.0,0.0854,0x10...a47f,https://bscscan.com/tx/0xcf0f584ff28026adde8f602d1ee47976502bb208a5cb7cef070598b96e404218
2023-03-26 20:18:05,True,2.32e-10,7.117e-13,6046844702.0,0.043,0xd5...7db1,https://bscscan.com/tx/0x4e06b6fc1cb4180928ced1ef6a881428abe60f385f2d5aa69222dd4c6e3c5c5f
2023-03-26 20:15:56,True,2.321e-10,7.117e-13,6181761831.0,0.044,0xb5...8e26,https://bscscan.com/tx/0x3cf8baef869d72976b4cf6b56b37dd59c80c5c24e67c5fb9b90ba3583f83894f
2023-03-26 20:15:41,False,2.321e-10,7.082e-13,12020279562.0,0.0851,0xb0...35e0,https://bscscan.com/tx/0x4799cc7a20b06ca2e50824e4fa180cd3f47265fb37360b6331997ed48ec93549
2023-03-26 20:14:50,False,2.321e-10,7.082e-13,7563305949.0,0.0535,0x64...7b79,https://bscscan.com/tx/0xfaea4f0fecdfd6ba3120fdc8da1cef9aadecc0eecf12857d04fd7813d1b522b2
2023-03-26 20:09:26,True,2.32e-10,7.117e-13,104317782301.0,0.7424,0x88...82fd,https://bscscan.com/tx/0x1adee9419bfcda6e91ce536efea32a91ee4ec49943d7f4617a3795cfa408ce33
2023-03-26 20:07:29,False,2.32e-10,7.081e-13,38660925743.0,0.2737,0x5c...88cb,https://bscscan.com/tx/0xb7e546928b29c6ef651969016d0d5d225fe973ed1ebb8cf55133088f8e81f496
2023-03-26 20:05:41,False,2.308e-10,7.082e-13,9073668771.0,0.0642,0x5e...2c87,https://bscscan.com/tx/0x0b98f38cc92b2f88e0e72daf5f44f2be5a6e548961348a7707c884a4e91091fb
2023-03-26 20:05:14,False,2.308e-10,7.082e-13,13500000000.0,0.0956,0x5a...4e8b,https://bscscan.com/tx/0x9eb8f5cc4455872d9a8c6d9cb87a6a309c823a1521bdb243c821b1d62b350aac
2023-03-26 20:03:47,True,2.332e-10,7.117e-13,6974366846.0,0.0496,0x15...4042,https://bscscan.com/tx/0x4b964894afa6902b6630cfc092f05eb4455e533aead45d3b5586eb84ab9b1978
2023-03-26 20:03:41,True,2.331e-10,7.117e-13,107558832686.0,0.7655,0x01...334d,https://bscscan.com/tx/0xe67a0c6a61c195f3d58b994437dba5836ad7c500827226d374ae145410f77157
2023-03-26 20:03:11,True,2.32e-10,7.116e-13,181757000000.0,1.29356,0x6a...4a4e,https://bscscan.com/tx/0xb01f6e537ae3850761991970eca67cf38b00d47cec55b6a866045fdcfed08801
2023-03-26 20:02:14,False,2.321e-10,7.081e-13,4094750543.0,0.029,0xc6...d79f,https://bscscan.com/tx/0x38a3ecfeedb55c3588a0a323eca9b66603000a02d61f4ce735eb83590927ee7d
2023-03-26 20:01:02,False,2.307e-10,7.081e-13,25002047187.0,0.177,0x38...f015,https://bscscan.com/tx/0x962832fc7311ed059a4c8b6d13190b4302878fd7fc2aeaae8e74524696a8f404
2023-03-26 19:55:53,False,2.319e-10,7.081e-13,2638622558.0,0.0186,0xf1...b521,https://bscscan.com/tx/0x42f086d8fa4ce8c878a1bb190073d749fb5044065b42f5208431e5ef521c909e
2023-03-26 19:55:44,False,2.319e-10,7.081e-13,6664070811.0,0.0471,0x7e...4c86,https://bscscan.com/tx/0xde24fe77d42a3d4cadc7d67afda64791c07aa08868c1e60a8ddcc9a3b092fd15
2023-03-26 19:53:44,True,2.33e-10,7.116e-13,3000000000.0,0.0213,0x36...6c33,https://bscscan.com/tx/0x62c34b5ca4fb171dc7b56e61bb0e76c0d2f5789ec9cae5f57f760fca66f425be
2023-03-26 19:51:53,False,2.306e-10,7.081e-13,16357368564.0,0.1158,0xd1...6740,https://bscscan.com/tx/0x1e64d6efc2c48b36023c2ab9e181c765a230ef9aa1d5269306da2fb8de5729ba
2023-03-26 19:49:11,True,2.331e-10,7.12e-13,3972498902.0,0.0282,0xbf...2c9d,https://bscscan.com/tx/0x35d5ce3b96ad4513627df191ed8e3a2d4551cf92b4668b788a2e6f1ced22872b
2023-03-26 19:48:53,False,2.306e-10,7.081e-13,35933835717.0,0.2544,0xa6...5f19,https://bscscan.com/tx/0xbfae9fbe547390660fd202f9d773aef3cf6466bb12776160ada1e03a10c843c0
2023-03-26 19:48:26,False,2.307e-10,7.081e-13,5316836990.0,0.0376,0xa7...27f2,https://bscscan.com/tx/0xce733853d9b7ba2fdf390693abea5eed96ad61df02df614d37bc5047f5647c4f
2023-03-26 19:45:56,False,2.306e-10,7.081e-13,9000000000.0,0.0637,0xca...2d45,https://bscscan.com/tx/0xb7b99bab00987e3b6e947c3ee2e154ce4ed88fdcc70e7c4c3edfc380c1592ae3
2023-03-26 19:43:02,True,2.329e-10,7.116e-13,41333997001.0,0.2941,0x5b...5e54,https://bscscan.com/tx/0x882c83281fc49ccb8491c9afd5054e2c0967beb8c5761c15f376fd199861593d
2023-03-26 19:42:20,True,2.33e-10,7.116e-13,3119260000.0,0.0222,0x53...af54,https://bscscan.com/tx/0x92b8dc3a1aa55c72a8ad8b88a5618ab3606afb4f55aa2162dd2bddb5bd9cd3f1
2023-03-26 19:39:05,True,2.33e-10,7.116e-13,22541983610.0,0.1604,0x60...ccd6,https://bscscan.com/tx/0xdb854997b1319352c789c438aff18060a7daed55eca2ea5c19d37cf5fee39679
2023-03-26 19:38:02,True,2.33e-10,7.116e-13,14051309023.0,0.1,0x28...1463,https://bscscan.com/tx/0x534422f07a36aaa261e09d2bab649c6da2f6b1e3c740891049c4963573b2cee2
2023-03-26 19:36:05,True,2.33e-10,7.116e-13,642499409.0,0.0045,0xa7...bbf7,https://bscscan.com/tx/0xa26f37f1860f00d67d4537d547c2d7702ab70bbcfbdc8d5590e224b468555b41
2023-03-26 19:34:35,True,2.329e-10,7.116e-13,1531598361.0,0.0109,0xe3...c5d7,https://bscscan.com/tx/0x8e10801ab7cb989983392e06e95a8db813f8867bd104c50ca08c2cf53a9ccc71
2023-03-26 19:33:17,False,2.317e-10,7.081e-13,7687753389.0,0.0544,0xcc...be69,https://bscscan.com/tx/0x12525c29199607ddac1c0e586b4665c7d9639e8166b6698cd2d0534b9f7de3ae
2023-03-26 19:30:11,True,2.318e-10,7.116e-13,7960887479.0,0.0566,0xb6...2d34,https://bscscan.com/tx/0x6051eb2d2d41dd798bee9c0bed7aec3d59a6469972e11cc294c92d2b003fc0df
2023-03-26 19:30:06,True,2.318e-10,7.116e-13,102568223551.0,0.7299,0xc0...9d69,https://bscscan.com/tx/0x2d516f5004bbeeb713b88f68b00cd569e089fac12fb30a605e6248ff8d7aeeb0
2023-03-26 19:30:06,True,2.318e-10,7.116e-13,6986837821.0,0.0497,0x15...4042,https://bscscan.com/tx/0x1223e2e0cf2541f07b71097bb3cf191f50cce63534c20853325a5584e3118a7e
2023-03-26 19:29:10,False,2.318e-10,7.08e-13,61333893740.0,0.4343,0x13...bb9f,https://bscscan.com/tx/0xfa3587d5d8eb93db15998bfb2e8e9f6215cb7a596a5ddf7c67cb2d7cf626ed33
2023-03-26 19:27:54,False,2.318e-10,7.081e-13,8768459291.0,0.062,0x97...cbb4,https://bscscan.com/tx/0x60d8601c8a8f32ac8065ae358db4b79a9947ebdd142d3a2a97b75ba5e50fe6a0
2023-03-26 19:26:35,True,2.318e-10,7.116e-13,5383271270.0,0.0383,0x26...8c0e,https://bscscan.com/tx/0x0a40a447c72b538f0d3567df48cd0242d4aa09e140540c3aadb0501c4364b936
2023-03-26 19:26:26,True,2.318e-10,7.116e-13,31280538037.0,0.2226,0xa4...7b13,https://bscscan.com/tx/0x7b9a0875de8fadb489f9c0df7bced72db3612d9552b4288d51344ad7f9171c90
2023-03-26 19:24:39,False,2.307e-10,7.081e-13,231691614287.0,1.64068,0xa8...8033,https://bscscan.com/tx/0x3679e6c95c60449ce36325cc4b691c8333b1fa8de5e708545a3afd60d342662e
2023-03-26 19:23:22,False,2.307e-10,7.081e-13,4790225240.0,0.0339,0x7f...52f8,https://bscscan.com/tx/0x198acbd23f5273231e094beb3b54674736e349fab38505159a8ea274f02f152e
2023-03-26 19:22:16,True,2.331e-10,7.117e-13,3111857353.0,0.0221,0x92...26cb,https://bscscan.com/tx/0xb27fc6ecceefc735c39dc6fae62448331f3274c1982dd17c6eac62582dfdfcc8
2023-03-26 19:20:43,True,2.331e-10,7.117e-13,19000000000.0,0.1352,0xc3...0ce8,https://bscscan.com/tx/0xdfac0a74c04eb21ba7fb5aaf090c66783d509846d5df4f4aaaed15f7acf4deb2
2023-03-26 19:19:58,False,2.308e-10,7.081e-13,1438053214.0,0.0101,0xec...2e34,https://bscscan.com/tx/0x8a540c008b6e21bb0aac0a41064583e6aff335a0c4174f2c1b20c00550244a29
2023-03-26 19:19:04,True,2.319e-10,7.117e-13,792055461.0,0.0056,0x15...4042,https://bscscan.com/tx/0x6e1341205a990d82cafe3b326d85dcedee1b5e3c8f38d8825e5f565ba214c326
2023-03-26 19:17:40,False,2.32e-10,7.081e-13,22224067927.0,0.1573,0x41...3428,https://bscscan.com/tx/0x04c828b8947ae2c02cf267269aeab5cf8d187f709075158f1464f036b12c6877
2023-03-26 19:15:37,True,2.332e-10,7.117e-13,5680420001.0,0.0404,0xa5...b18b,https://bscscan.com/tx/0xf9325c31dc11e8ca93f2c10819f1c504f128bc64a7369ffab75186d1bcce967b
2023-03-26 19:14:31,True,2.32e-10,7.117e-13,9114293981.0,0.0648,0xd0...feb5,https://bscscan.com/tx/0xa8bc9bcb94f779388e026f9dfef956102fcc39c0d23da23babda4da635a1364f
2023-03-26 19:13:58,True,2.32e-10,7.117e-13,817630151.0,0.0058,0xa0...2026,https://bscscan.com/tx/0xf02b3ab325f30089a7b5f486dc3bf18ea3b3989553b8bbda8fc013a439697ada
2023-03-26 19:13:07,True,2.332e-10,7.116e-13,210766882561.0,1.5,0x6a...bef3,https://bscscan.com/tx/0x5b1f29bfa50a01ccca709ec2d6d349aa4d486f2c2d161437fe78bf7dec578fa2
2023-03-26 19:12:52,False,2.308e-10,7.081e-13,6300000000.0,0.0446,0x32...c29c,https://bscscan.com/tx/0x8cba486e86b998c8f8e98bbb380ce3739b48267c213fa6e5896b5124364960a2
2023-03-26 19:10:28,True,2.32e-10,7.116e-13,4830404956.0,0.0343,0x7f...4b73,https://bscscan.com/tx/0xb480813f0d969430b24bd3443dbbba13146ba23c9d8f7ce302f30bea1f917843
2023-03-26 19:06:19,True,2.331e-10,7.116e-13,2669837328.0,0.019,0x5b...e7d2,https://bscscan.com/tx/0x6041cf23f2d2a73dafc8512838ba4a410cce4d956484b779f3dd938aa3e5bb5b
2023-03-26 19:04:55,True,2.319e-10,7.116e-13,286039000000.0,2.03548,0xa8...8033,https://bscscan.com/tx/0xcbaab55099f05bcbf76e8187f94d6473aa948cd8a450cfb709da9cb617363bbd
2023-03-26 19:02:10,True,2.329e-10,7.115e-13,903039120.0,0.0064,0x2a...7bc0,https://bscscan.com/tx/0xe583fb5bf8872abc4bb63d00cd566e0686a09a74017b30c9a9166146a08c81fd
2023-03-26 19:00:28,True,2.328e-10,7.115e-13,8572686258.0,0.061,0x2f...3d77,https://bscscan.com/tx/0x023bda73b023336a9d5f9ef65472e86e1b12e1e96ae47b14d4d40677f4dda62e
2023-03-26 18:59:25,False,2.318e-10,7.08e-13,32226400421.0,0.2281,0x8e...d127,https://bscscan.com/tx/0xccfddaf815fd3451372fd7cc5d82b779dd6f09d8f1c8a845d4363731e82d3e4c
2023-03-26 18:58:43,True,2.329e-10,7.115e-13,88852691201.0,0.6322,0x82...fe0a,https://bscscan.com/tx/0x3af09d453cbe3f647c53c8c11d4a60b9dcac41812b5ac3523312504410278460
2023-03-26 18:57:22,True,2.312e-10,7.099e-13,10222976914688.0,72.5775,0xb9...f731,https://bscscan.com/tx/0x5603d45139f7c0b88918a3a327b010656a3694aef835acbe52a176de49500d08
2023-03-26 18:57:07,False,2.307e-10,7.048e-13,67572470808.0,0.4762,0xa3...6df4,https://bscscan.com/tx/0xb21d330b1f10786a7df08191ee016998de3c51dc0c61ffb053f75070786061bf
2023-03-26 18:54:11,True,2.306e-10,7.083e-13,4376210001.0,0.031,0x41...4a7a,https://bscscan.com/tx/0x24b77cc13791d8498ef622ab94ef1d500cdb8b29a7a2148d96d383e40971fda5
2023-03-26 18:51:08,False,2.307e-10,7.048e-13,395232037914.0,2.78598,0x97...a3af,https://bscscan.com/tx/0x67bb9c9c4029270dcb833d7a6b0daa6beaa8c095d112682dae2ab3e705b7aca0
2023-03-26 18:50:26,True,2.319e-10,7.084e-13,915636546.0,0.0064,0x53...341e,https://bscscan.com/tx/0x86440cc17f786e47bfd16cdc8dc0de779a886d0fc28817b04a2cbe89fa550a2d
2023-03-26 18:50:26,False,2.307e-10,7.05e-13,395232010939.0,2.78646,0x97...a3af,https://bscscan.com/tx/0x363625a99a92ba287abfb917a5fda3b6d60f59ab33ceb02a43fca65a92b3af96
2023-03-26 18:50:17,True,2.319e-10,7.086e-13,13640977492.0,0.0966,0x12...28f1,https://bscscan.com/tx/0xc81f5641b68d77fc8a65076703df580d71c70b4e071dbc317ab229821e438fa8
2023-03-26 18:50:14,True,2.319e-10,7.086e-13,5644825782.0,0.04,0x6a...bef3,https://bscscan.com/tx/0xac3215d0986cc4c430e2b5ca36734a6e4a90a8098cee9a0b04495db0578a1bc8
2023-03-26 18:49:50,False,2.296e-10,7.051e-13,263487995319.0,1.85789,0x97...a3af,https://bscscan.com/tx/0xb18d9994d90055c1b4e27a9b36e38e8d96aac580f56678cd0400a4d4092bef7f
2023-03-26 18:48:53,True,2.319e-10,7.086e-13,38348005725.0,0.2717,0x6e...6cc1,https://bscscan.com/tx/0x75c5c6a083b839356da6711aa3985c6c1c3b50db7a60fbe3fa242c95f6aaf560
2023-03-26 18:46:47,True,2.319e-10,7.086e-13,7094515378.0,0.0502,0x3a...f533,https://bscscan.com/tx/0xa41ede434324b9958e0c99d2e65959b38771b9c57399039ec0aa6c5ce111520c
2023-03-26 18:46:17,False,2.308e-10,7.051e-13,8100000000.0,0.0571,0x91...9b98,https://bscscan.com/tx/0x911e593a77b1a7b9499e7afac8fe655bf24fe13f5ef7935812b974224e3fe700
2023-03-26 18:46:11,True,2.32e-10,7.086e-13,141106856.0,0.001,0x45...93af,https://bscscan.com/tx/0x072b366fbf2ab3616b071bb3f035ce7849251bb3846f9de93126a91bfb0b2d66
2023-03-26 18:45:53,False,2.308e-10,7.051e-13,181710000000.0,1.28137,0x69...69a6,https://bscscan.com/tx/0xd6bc51baf67e4e26893cf01fdd376c84defbe5eb3700d3bbdd500ade14eb0b94
2023-03-26 18:45:44,True,2.32e-10,7.087e-13,110057255647.0,0.78,0x4a...f0eb,https://bscscan.com/tx/0x504ff78f06c704a26874f828a9267b87445230479ad23138047edfce20b4489b
2023-03-26 18:41:50,True,2.319e-10,7.087e-13,1038991108.0,0.0073,0x27...da29,https://bscscan.com/tx/0xd8c743deddf2f4c5356effbc6d99dd6fddeab5d4df367422c988e62773b83ecd
2023-03-26 18:41:38,True,2.319e-10,7.087e-13,533336.0,3.779e-07,0x1f...4cae,https://bscscan.com/tx/0xd4951dbb92bca4e5cea6dbf659e32e29d338e1b474a982ed4bfecf757d52731e
2023-03-26 18:40:05,False,2.308e-10,7.051e-13,5968874157.0,0.042,0xda...e549,https://bscscan.com/tx/0x169acd626610468267339cac6effbb7b11f19fcb92938292a46a41ac20d7aeb0
2023-03-26 18:38:56,True,2.319e-10,7.087e-13,1744023190.0,0.0123,0x5b...e7d2,https://bscscan.com/tx/0xd506b257570be7d60c2de3bb7015a0b6bcf16163869fd97ac50af8145b88fffd
2023-03-26 18:38:41,True,2.308e-10,7.087e-13,2000000000.0,0.0141,0x14...506b,https://bscscan.com/tx/0x2bb5a44dcb2197161d86f6cbe695e86ea5bbb2b6f0634b46de1773170d11f442
2023-03-26 18:37:47,True,2.319e-10,7.087e-13,5882948860.0,0.0416,0x4c...a3c3,https://bscscan.com/tx/0x9f8032ca5e0162bdb56df99fb79aa0eba4787943dfeeeb71b545135d169deaa2
2023-03-26 18:37:29,False,2.296e-10,7.051e-13,13766459103.0,0.097,0x14...a2c7,https://bscscan.com/tx/0xe765bbc878f13ba2f70b3d6da35598a49e674a27261d8f39087108e4ac9b32ea
2023-03-26 18:36:35,False,2.307e-10,7.051e-13,120189960000.0,0.8475,0x69...69a6,https://bscscan.com/tx/0x680211cfe8216b9ca139f9c70dce2bf9b4a439fc9417e979d8d2fc0c48acb37a
2023-03-26 18:36:02,False,2.308e-10,7.052e-13,6612383983.0,0.0466,0x64...fa95,https://bscscan.com/tx/0x6e9c5f3f89a30b198d12dd0088170588f92806055240768873bc459fcba69aad
2023-03-26 18:35:19,False,2.307e-10,7.052e-13,18000000000.0,0.1269,0xc5...392b,https://bscscan.com/tx/0x4178bb48a6cbb2a96d34bcf7ff0186ec303e4c10f313456064204ea93935f9ad
2023-03-26 18:35:04,True,2.319e-10,7.087e-13,155207533009.0,1.1,0x07...b8cb,https://bscscan.com/tx/0x187431eaec3c535dda76155df2d9b2cdc179756270983bbe5ae75b64805343f5
2023-03-26 18:33:08,True,2.318e-10,7.087e-13,13256503349.0,0.0939,0x3c...772b,https://bscscan.com/tx/0xe17a87e78a1d5cd5761298073e12827faf826ef1bc5dd966b688a152172e0229
2023-03-26 18:32:59,False,2.295e-10,7.051e-13,2096362658.0,0.0147,0x93...db7a,https://bscscan.com/tx/0x655c08719d37c1d93c148f0c92c6b9076eb134fc6b45c9419678e986bd39e244
2023-03-26 18:30:47,False,2.306e-10,7.051e-13,56170673878.0,0.3961,0x0d...53da,https://bscscan.com/tx/0x0f69fa468d64d2e2da02a0b8349f34fc99235752bcdd381b09aca0d7c70347a9
2023-03-26 18:30:08,False,2.306e-10,7.051e-13,10973129952.0,0.0773,0x47...8038,https://bscscan.com/tx/0x8a16fa45014b20d61986dcff82652a5ee7943929b8b5cf2a1e01b93ca6ba06fc
2023-03-26 18:29:26,False,2.306e-10,7.052e-13,385344625384.0,2.71761,0x8f...bc8f,https://bscscan.com/tx/0xe5a3d550fb720e1cffa5e46daf5198252fd1a15efd59eca214c13cc5530fead3
2023-03-26 18:29:20,False,2.306e-10,7.053e-13,2370443286.0,0.0167,0x2c...b37d,https://bscscan.com/tx/0x6fba81ab13f2986916f300796c3054ccf36d63d953c9e0606ed2d698a6921f95
2023-03-26 18:29:11,False,2.295e-10,7.053e-13,45318949068.0,0.3196,0x63...7d5d,https://bscscan.com/tx/0x77339084180c54593527a8ee3a38d8f9becb37458e1577aae8ad36fabf2c66ba
2023-03-26 18:28:44,True,2.318e-10,7.088e-13,70537200099.0,0.5,0x0e...4f52,https://bscscan.com/tx/0x13c6f468dfe6bc5e33032099f604953878240206d48c0565f4308899a24a4932
2023-03-26 18:27:20,False,2.295e-10,7.052e-13,3618468007.0,0.0255,0xf8...53fd,https://bscscan.com/tx/0x244c1c610cdf25a0ac78d6ec28caa2dd575e4861bab7530993190b82f163b27a
2023-03-26 18:25:32,True,2.318e-10,7.088e-13,8593200000.0,0.0609,0xbb...84be,https://bscscan.com/tx/0xe28f590b20d1088c3143967fadcd40220103aecacb2ce0c9ca5e0d6b2c165483
2023-03-26 18:24:59,False,2.306e-10,7.052e-13,8719466954.0,0.0615,0xe8...af97,https://bscscan.com/tx/0xa95cb0e633710963b89b07f8ec6bfc55950c7a563e02c56a30a3dca864b369cc
2023-03-26 18:23:59,False,2.295e-10,7.052e-13,17597587233.0,0.1241,0x12...28f1,https://bscscan.com/tx/0x8ff9f935ffe79f0770635ff4453cd35f0c60b22e5df2af13c777e73a3df25b34
2023-03-26 18:18:53,True,2.307e-10,7.088e-13,2821509692.0,0.02,0xde...f03b,https://bscscan.com/tx/0xe095c1c3935be7f2ef7fe53206f7913290fb7e0fa241cf86858b5904ebaa1c17
2023-03-26 18:17:50,False,2.307e-10,7.053e-13,30748793500.0,0.2168,0xb1...5e43,https://bscscan.com/tx/0xf128c1aae2dbf614c69a515e257f7d3b35da0354d667be0146058d4e8660517a
2023-03-26 18:17:08,True,2.318e-10,7.088e-13,32776658551.0,0.2323,0xf0...9d3e,https://bscscan.com/tx/0x3e2c6be22fd933fded07a201d02855e1f0624c20238386e3650b8c6fa485bf62
2023-03-26 18:16:50,True,2.319e-10,7.088e-13,23195373542.0,0.1644,0x30...69c6,https://bscscan.com/tx/0x154f2a37dd062f4d11503f19be9701c4a41dc5524f9a96e93f63325324bad1cb
2023-03-26 18:16:17,False,2.295e-10,7.052e-13,3088771012.0,0.0217,0xc9...eeed,https://bscscan.com/tx/0x96a319fbe99f4968bdde09e912ed399ee792db9fd4906c9d82d9378ea75f94c0
2023-03-26 18:16:08,True,2.318e-10,7.088e-13,2597242205.0,0.0184,0x65...df5f,https://bscscan.com/tx/0xa3704ff05143f0cc7b5853cd77a6a5fdaf287f1782314db3ef86b65c0e9d499e
2023-03-26 18:15:29,True,2.307e-10,7.088e-13,18339600000.0,0.13,0xdb...7709,https://bscscan.com/tx/0x9a216edef578f909ac270c5a5266cb5361e2a064611a597bb66b268d1ef010d5
2023-03-26 18:15:20,False,2.307e-10,7.052e-13,54000000000.0,0.3808,0xe3...2705,https://bscscan.com/tx/0x3e278403153c2e42343f7ca6f2198cb32cc5fb9e44e9f7b3c58084bba773422b
2023-03-26 18:14:26,False,2.296e-10,7.055e-13,1453176874632.0,10.2526,0x9e...69d2,https://bscscan.com/tx/0x42f23bb33fd7459e00b658acd407caa8b97b33e7ba6b86cd1537fa857fa55973
2023-03-26 18:14:17,True,2.308e-10,7.092e-13,903589441.0,0.0064,0x45...93af,https://bscscan.com/tx/0xd3d3608ace0fdb6c0a0895e1749335579bb716568139ff3decde0aff62ac6c7b
2023-03-26 18:14:02,True,2.308e-10,7.092e-13,4443079788.0,0.0315,0x2a...1ea7,https://bscscan.com/tx/0xee4bfec95eea233289d605006a410eb7b3916fb46968d466b1ab27410ae8d974
2023-03-26 18:12:02,True,2.32e-10,7.092e-13,1100000000.0,0.0078,0xca...5456,https://bscscan.com/tx/0x52cb0ebfdfac6b060f35ed54d3e4682ebaf5727090fe1092f02649475982e456
2023-03-26 18:10:17,False,2.309e-10,7.057e-13,15772332323.0,0.1113,0xad...6994,https://bscscan.com/tx/0x9109e2a18ec0a7029d2bd313296ce58885be9c6ad9db3dd07993b74db18d68c9
2023-03-26 18:07:35,False,2.309e-10,7.057e-13,3670184666.0,0.0259,0xe3...c5cb,https://bscscan.com/tx/0x9861e180f10be4e206b0a60c86747bc2535297a597a39121a1a2c42784586768
2023-03-26 18:07:11,False,2.309e-10,7.057e-13,2790000000.0,0.0196,0x55...2ce8,https://bscscan.com/tx/0xac0aa988fdad06cd9d31d21ef8a6aa0feb6e463cf523cecb2a97baea269b7096
2023-03-26 18:06:53,False,2.297e-10,7.057e-13,7177251307.0,0.0506,0x5b...2843,https://bscscan.com/tx/0xe9d78b72863b9a629834edba321e4f7352fa72d0c31f7c6e1731ec8432fd9254
2023-03-26 18:01:41,False,2.297e-10,7.057e-13,6093568736.0,0.043,0xa0...a7c9,https://bscscan.com/tx/0x8139c216017fe4f05c44731f11752d61bd3ec727c46f4c600038cbc8b459d6a8
2023-03-26 17:59:32,True,2.32e-10,7.093e-13,1800000000.0,0.0127,0x5f...b33e,https://bscscan.com/tx/0x136f9810ca30635b59401a2e39917ca4576ea796fe45c25a9a23b7330e289cca
2023-03-26 17:58:14,False,2.308e-10,7.057e-13,918554862.0,0.0064,0x2b...0457,https://bscscan.com/tx/0x2fdfc927794df8c0656b378e89bcb4d38cb24bd97e5cdd53334131ed19204fe1
2023-03-26 17:57:29,False,2.297e-10,7.057e-13,17046923154.0,0.1203,0x61...2b83,https://bscscan.com/tx/0x39e63a296f5fe84312ece4aac8cd4891511848667b4cf508d0bb286ea4eacd51
2023-03-26 17:54:59,False,2.309e-10,7.06e-13,1966884307387.0,13.8876,0xf5...8cea,https://bscscan.com/tx/0x31a047e6c2d2ce761e283186d8178d32cbd07e8a3d20dc8ff29b80ceff4d5196
2023-03-26 17:54:47,True,2.322e-10,7.099e-13,20030183573.0,0.1422,0xd6...11bf,https://bscscan.com/tx/0xf705ece63b8d41f2713bf52ce0e923a53d533338ffc17a2a72b7f8b763f4569b
2023-03-26 17:54:41,True,2.322e-10,7.099e-13,7043110000.0,0.05,0xd7...14fc,https://bscscan.com/tx/0x8fc02beff58822bbd0440d4709002d4aad5d74091669aa8f41092bd928d6d9f5
2023-03-26 17:54:08,True,2.322e-10,7.099e-13,793983377.0,0.0056,0x15...4042,https://bscscan.com/tx/0x22a837edf0a9637479e11d37e55b947f712f9a99366a52bd7bc0f85615754fcc
2023-03-26 17:53:22,False,2.31e-10,7.063e-13,27087778389.0,0.1913,0x21...8fba,https://bscscan.com/tx/0x1cf4bf25344a939bce6b56c6be5d6738b46850cfbbfac3a92330098564192419
2023-03-26 17:51:08,True,2.31e-10,7.099e-13,1549470000.0,0.011,0x2c...6c27,https://bscscan.com/tx/0xc9f4a90a9cc10b2a90efa19f56c2ecf4f834136fc0191ca571b052f8bc23e4a9
2023-03-26 17:50:26,False,2.299e-10,7.063e-13,2260125374.0,0.0159,0x6d...2fbf,https://bscscan.com/tx/0x8d5829a3bbcfdb15b85c6aa76297c847756b8f69c657d26c7d18a15c523f7ee6
2023-03-26 17:48:02,False,2.299e-10,7.063e-13,16655695437.0,0.1176,0xc9...a28a,https://bscscan.com/tx/0x5a220a6834ae0033f016f1388eeeb63ef8345067d08365542724e389f8f17460
2023-03-26 17:46:08,False,2.3e-10,7.064e-13,268651655303.0,1.89781,0x0e...5e80,https://bscscan.com/tx/0xa200e065d626134e921cfb04d0c34ed0c1194d2bcf14b34d0776bf922070c4eb
2023-03-26 17:46:08,True,2.312e-10,7.1e-13,9823840313.0,0.0697,0xce...74de,https://bscscan.com/tx/0x1a3070a7ea7275219a89e7b95cc28bec61c811231e667ab02891c25ca24a3e21
2023-03-26 17:44:29,True,2.312e-10,7.1e-13,4558664900.0,0.0323,0xc4...7611,https://bscscan.com/tx/0xd803424dff5008c84e131d8e3b4a468577eb70f4380a29eb1fa1bad5f5f71310
2023-03-26 17:40:59,True,2.323e-10,7.1e-13,14663670218.0,0.1041,0x83...4a22,https://bscscan.com/tx/0x146804a165a4d1dd9f98049ac1478c304393e8ee5c3bef3dddf88584abcc5898
2023-03-26 17:40:59,False,2.312e-10,7.064e-13,1457409070.0,0.0103,0x58...33ca,https://bscscan.com/tx/0xfcf0f583813d92a48dcd9a962009ba6d80dff4fcc2988b09c4a05fca77902e03
2023-03-26 17:39:41,True,2.323e-10,7.099e-13,29259984721.0,0.2077,0x02...5364,https://bscscan.com/tx/0x2320ca7ec8edc402ea03c86935954357695695a20e03d03f07d97f64b7acbfb9
2023-03-26 17:38:56,True,2.323e-10,7.099e-13,10582271241.0,0.0751,0xbf...8250,https://bscscan.com/tx/0x091b9465654cf193ca3bb74f29ddf5d12cfde8efcbafaf712f312e994fa0075b
2023-03-26 17:37:14,False,2.311e-10,7.064e-13,251875390382.0,1.77945,0x37...8f07,https://bscscan.com/tx/0x72ba2ce1c7d30ad4d0fddff59d41b8e2d9a6d76a96bcb70c0b0b76a74c67c36f
2023-03-26 17:36:17,True,2.323e-10,7.1e-13,5918198976.0,0.042,0xf8...6498,https://bscscan.com/tx/0xcdf12b6b31d7185697ddee94164f6ea58b94286ab600b99fdc70757eef05befe
2023-03-26 17:35:47,True,2.322e-10,7.1e-13,2113324468.0,0.015,0x95...8514,https://bscscan.com/tx/0x387e664d8e1a6d789b315c7ad6fb5b7ed532dd34421c933f6402a83f8e407b95
2023-03-26 17:34:59,True,2.322e-10,7.1e-13,4352908499.0,0.0309,0x3f...ec50,https://bscscan.com/tx/0x0af80ae16123391129569ca5b1b6f09efe828950e83486cd7c27ede835930df2
2023-03-26 17:33:59,True,2.322e-10,7.1e-13,8250116504.0,0.0585,0x95...8514,https://bscscan.com/tx/0x17be52dd45b2a142e9654b4ad7bbce63569722fa0d291ea58e6fef18a94fd3f6
2023-03-26 17:33:02,True,2.322e-10,7.1e-13,7354320857.0,0.0522,0x1a...a607,https://bscscan.com/tx/0x7a174c33dba242519b77c2dd5f68677de477cf7b65c77e26fbc31b298c621a43
2023-03-26 17:32:17,True,2.309e-10,7.1e-13,2816674563.0,0.02,0xef...65b4,https://bscscan.com/tx/0x83d0d288aaae445fc36d87da38648d41c312cfb62b7daa3b47ee89e82b39a9b9
2023-03-26 17:31:53,True,2.322e-10,7.1e-13,15657109681.0,0.1111,0x2f...0b49,https://bscscan.com/tx/0x3ba0d4f53c23a117f0f9c3424a5df31f0f4db5697830cdd8f65692b4822ad4a9
2023-03-26 17:30:47,True,2.321e-10,7.1e-13,3773741423.0,0.0268,0x54...30e6,https://bscscan.com/tx/0x983f56ee7e76e3a546a2f185d54def7c6f00415f170eb33e5bb8b3d523fb8743
2023-03-26 17:30:35,True,2.321e-10,7.1e-13,2721710001.0,0.0193,0x50...9894,https://bscscan.com/tx/0x3c05993f76abc66505396ef3821719476c2b7fed40e414e95b8313e956017149
2023-03-26 17:29:44,True,2.321e-10,7.1e-13,4800000000.0,0.034,0xfd...bcbe,https://bscscan.com/tx/0x5979d5c63ac8083736fd76a22c47654bd4c1bfeb4b174541310b226488f5df25
2023-03-26 17:28:56,True,2.321e-10,7.1e-13,11200000000.0,0.0795,0xe9...7027,https://bscscan.com/tx/0x9e3659547272c4d58d2f412cdc7d5fddae9ae0a46ac8411148b0399ddcae17d5
2023-03-26 17:24:56,True,2.31e-10,7.1e-13,6283990714.0,0.0446,0x5d...c2e8,https://bscscan.com/tx/0x5f9034f4db55eaa8814298c25f0904b635d69419a1024d6eb6f362ac8baca7ee
2023-03-26 17:17:23,True,2.321e-10,7.1e-13,61300000000.0,0.4352,0x65...53a4,https://bscscan.com/tx/0x54b7a53aa2dba2fcbdd0d07bbe912f0cf34ea25423ff3600e08d184ecd190b5c
2023-03-26 17:16:47,True,2.31e-10,7.1e-13,1200000000.0,0.0085,0xab...4722,https://bscscan.com/tx/0x169f5f4ea48f4dc4e6906ae7d0b926139b0634263161cb6b8d1354057fc210b4
2023-03-26 17:16:38,True,2.31e-10,7.1e-13,1000000000.0,0.0071,0x67...bbfa,https://bscscan.com/tx/0xf41bc0262735f440106dd037e463da6b4f61b3ce1cd2f7e7f8874df24370afca
2023-03-26 17:13:47,True,2.322e-10,7.1e-13,2328144827.0,0.0165,0xeb...fd86,https://bscscan.com/tx/0x32ff3f3a45f4f14d9350c32177ee30120c8d566283410becc394edf14b5970cb
2023-03-26 17:13:38,True,2.321e-10,7.1e-13,3500000000.0,0.0248,0x1e...f69a,https://bscscan.com/tx/0x8b9f2fd251b6f670d99c3118221714af3f1fae6cc2ce98f8d3227e6b52ba138b
2023-03-26 17:10:02,True,2.31e-10,7.1e-13,2095680321.0,0.0148,0x35...cef7,https://bscscan.com/tx/0xe51f045f869446c12e4e93dc9daaba8b1fe80ada104ed566f0b873c74c944ec4
2023-03-26 17:07:35,False,2.309e-10,7.064e-13,6317077626.0,0.0446,0xec...1adb,https://bscscan.com/tx/0x060f20a0abc7fa6e4caa16fda729db6784de2fb4b738018b5cbfce05e6f24be9
2023-03-26 17:07:32,False,2.31e-10,7.064e-13,131400000000.0,0.9283,0xc0...1fb0,https://bscscan.com/tx/0xa4ed1ba75d86eee438b21877fdeaba40a61afa159358372e2c145101aff81dd7
2023-03-26 17:05:14,True,2.321e-10,7.1e-13,2008993011.0,0.0142,0xbb...4869,https://bscscan.com/tx/0x68c0a81d156c27b1edab89ab8f5a36997204535809a3f786a124cc2a281ddf9a
2023-03-26 17:04:56,True,2.321e-10,7.1e-13,8058070000.0,0.0572,0x93...4b59,https://bscscan.com/tx/0xe28fb1a54dc635560946f1928e02ab54b7e1e6cbcdd67869a6d13d63c3ac4bc5
2023-03-26 17:03:06,False,2.309e-10,7.065e-13,24065724432.0,0.17,0x47...3d40,https://bscscan.com/tx/0xa241a4988e40a6cc1433c17d0ec63bfd16a6a218a8f4a52dfd0d9769c74dbdd2
2023-03-26 17:02:35,False,2.298e-10,7.065e-13,80266506244.0,0.5671,0x05...7066,https://bscscan.com/tx/0x4803905295fd50612c74eb1e3faf9e2355fd6f29e84f0ff9a1b6eac9b7282de7
2023-03-26 17:02:11,False,2.309e-10,7.065e-13,53417202866.0,0.3774,0x6b...ac31,https://bscscan.com/tx/0xb3c7a271d482faa69901ebfa678ba95b24235e82a3cac88746839e4e2888e308
2023-03-26 16:58:50,False,2.299e-10,7.065e-13,47862820909.0,0.3381,0x43...9ad0,https://bscscan.com/tx/0xf1da0de6149163084576b3fb473e0900bba475b800192a630e2b37b0b98c0fa5
2023-03-26 16:58:50,False,2.299e-10,7.065e-13,1963343675.0,0.0138,0x0f...39a5,https://bscscan.com/tx/0xe99d7699aee2ccb8a061653ea5dfadc4653375367cd9bef05aca8960628f1166
2023-03-26 16:57:53,False,2.31e-10,7.065e-13,109431979718.0,0.7732,0xb2...78da,https://bscscan.com/tx/0x8a6c875b92f04a8f76ceec9315ff43dcd6fecf34d7eacf10f7e053f413f021f1
2023-03-26 16:56:17,False,2.299e-10,7.066e-13,122394053810.0,0.8648,0x01...c05c,https://bscscan.com/tx/0x506ce72a7d7f15e3e5cf58eb8699e126c700ffff25ff39bca7129ec8026378e6
2023-03-26 16:55:32,True,2.322e-10,7.101e-13,10116487912.0,0.0718,0x36...26bc,https://bscscan.com/tx/0xc33b5aa8014aa17f14ef6d3ae2af47f27526575505127d5acd47cdf60bff2114
2023-03-26 16:55:26,False,2.311e-10,7.066e-13,46123125439.0,0.3259,0xeb...80c6,https://bscscan.com/tx/0x76154ef3f9219b5f6e06d707186c8ac17f576c1930e33b5ab27f73cd1436c331
2023-03-26 16:53:44,True,2.322e-10,7.102e-13,1300000000.0,0.0092,0xc9...7619,https://bscscan.com/tx/0xd06de877e1114c543299c0f74e0aa2485c6daf15a73e769ee9fc7eb5325f0638
2023-03-26 16:52:05,False,2.311e-10,7.066e-13,77815179886.0,0.5499,0x57...7d0c,https://bscscan.com/tx/0x2a4f4e615185170ba4c13d70f69edd9382486fb821cffd6535c747ce1dafa061
2023-03-26 16:51:44,False,2.313e-10,7.066e-13,7216296839.0,0.051,0xb4...ee9c,https://bscscan.com/tx/0x0128006f0c2c0b0f2ff9dda8b33fbd56ac0e0382f7dd297668ac9d787c5e61ef
2023-03-26 16:50:02,False,2.313e-10,7.066e-13,3940888166.0,0.0278,0x38...de79,https://bscscan.com/tx/0x2b45b8546892e19242ebe7b0925552d3c95049714f62165089184067e0cf29ac
2023-03-26 16:48:41,True,2.325e-10,7.102e-13,30015800000.0,0.2131,0x93...4b59,https://bscscan.com/tx/0x18939b05fbaf2f413b4d9ace1141e1959ea4ecbb95ee4b3580c1865b17b582e2
2023-03-26 16:46:08,False,2.313e-10,7.066e-13,3572864387.0,0.0252,0x9d...1e3e,https://bscscan.com/tx/0x0f102bef5e2e892a48d0629b0cc4152be98e7dcb9d56d421bf634bbab7e0f87c
2023-03-26 16:45:41,False,2.313e-10,7.066e-13,73619851713.0,0.5202,0x7d...d500,https://bscscan.com/tx/0x120efdad492e956c901f939b49d582474eec3225262296c78335ea03fd7c01ac
2023-03-26 16:45:08,False,2.302e-10,7.067e-13,15300000000.0,0.1081,0xe4...2498,https://bscscan.com/tx/0xffd09807b4a3940fe04404eafb35768607619187d51e712806c995c144507d36
2023-03-26 16:44:02,False,2.302e-10,7.067e-13,9289199705.0,0.0656,0x21...9a4a,https://bscscan.com/tx/0x35f3e52c831998380d48a1a5d1d1c2fbdfcc7d2ccedccf61ca40d6752c14cb5d
2023-03-26 16:42:50,False,2.313e-10,7.067e-13,42690330000.0,0.3017,0xcd...95ca,https://bscscan.com/tx/0x1ec38f4344463f761efe8de2f9099d962fdcd517c475b3199dd40e291083ce54
2023-03-26 16:42:32,True,2.325e-10,7.102e-13,1000000000.0,0.0071,0x57...0c09,https://bscscan.com/tx/0x3c5b1718fc925c31d9fa2db1bbcdfefcb36c8d0a9ad42f42c5a69b14aebdbc34
