datetime,buy_order,price_USD,price_native,amount_token,total_native,maker,etherscan_url
2023-03-21 21:59:50,True,2.574e-10,7.602e-13,3099512379.0,0.0235,0xfd...1480,https://bscscan.com/tx/0x357393457c8d6640671509ccd20694b5fbb3bc5a44c7463ff374e6141fc8f8fd
2023-03-21 21:58:17,True,2.573e-10,7.601e-13,403995563627.0,3.07104,0xc8...f3a8,https://bscscan.com/tx/0x25f0a3ca76f592128ff0044652da7180c2cf2e7e43c7000f83c873a4d059a3bc
2023-03-21 21:58:11,False,2.561e-10,7.564e-13,616506838228.0,4.66331,0x05...7066,https://bscscan.com/tx/0x55cc316b21690c5cb58a45de53f9b09659dd5acedc70fbb79243cf1e0742cf6b
2023-03-21 21:55:35,True,2.561e-10,7.603e-13,35030270905.0,0.2663,0xa7...b014,https://bscscan.com/tx/0xda52f62bdc2083242af7a3ac58ccd48d22e3e113452a848a844f7495dc577567
2023-03-21 21:52:53,False,2.561e-10,7.565e-13,297412200001.0,2.25008,0x99...9b30,https://bscscan.com/tx/0x10fc83c22dfb5c2aa83487cbe4bff8ed6fcf41cb0807c2ff8241f600b5d53db4
2023-03-21 21:51:35,True,2.565e-10,7.603e-13,63780779832.0,0.4849,0x34...d08c,https://bscscan.com/tx/0x960e817bf3be2f2e169e1399fb55bed6fa40399f6d443341dc929d38b5bec2e3
2023-03-21 21:49:02,False,2.553e-10,7.566e-13,123481888886.0,0.9342,0xe2...a780,https://bscscan.com/tx/0xdc7c56d758d7e3944066338cf58e4c06cf31d119052d5ebab16230ca32d0b223
2023-03-21 21:46:59,True,2.578e-10,7.604e-13,71386769372.0,0.5428,0xb3...0f71,https://bscscan.com/tx/0x40bd0b14f9a59428f926e0cddb738e1a2b98fc938637e02fa8419f292d70d628
2023-03-21 21:46:38,False,2.553e-10,7.566e-13,3826466525.0,0.0289,0xdc...44b4,https://bscscan.com/tx/0x0ac5db1637d51ac16826e037f77d1906f35726b81a4cd6508170c0edac4ab6f9
2023-03-21 21:44:35,False,2.562e-10,7.566e-13,6053500774.0,0.0458,0x08...1055,https://bscscan.com/tx/0xcc7d644a5e10e795786118937925dccef386167a9bc6a888f98f1ee82e2c354d
2023-03-21 21:44:05,False,2.562e-10,7.566e-13,6086396199.0,0.046,0x5e...a751,https://bscscan.com/tx/0x8815b3dc2ecfc0ed202eae7da7decca911007fe6e305356313d4c4a1dea786ad
2023-03-21 21:43:56,True,2.562e-10,7.604e-13,11441341766.0,0.087,0x4f...ba15,https://bscscan.com/tx/0xf387dfbdbe135ce04c1d479c93adcf6b7fca764fd12feb89d9a2d2eb1dcd97f9
2023-03-21 21:42:26,False,2.549e-10,7.566e-13,13406948343.0,0.1014,0x18...18c0,https://bscscan.com/tx/0xab4dd2c96d04049d48a6f6dc3cc8d2714de3cdf4d89ae837718765576235155e
2023-03-21 21:41:35,False,2.562e-10,7.566e-13,2251674254.0,0.017,0x82...b8f4,https://bscscan.com/tx/0xc7b6b5c4d49f2630ffb1ada5d3c2dc36907aa5e0ea6508729fa28fa0dff10e82
2023-03-21 21:38:26,False,2.549e-10,7.566e-13,211676535353.0,1.60164,0x3e...1be1,https://bscscan.com/tx/0x6a43677d67501401f10637feff30592abcfbb98b6897fcfa95a62bd74791d7d1
2023-03-21 21:37:08,True,2.562e-10,7.604e-13,219193444876.0,1.66683,0x87...5abb,https://bscscan.com/tx/0x2b55794d7befda4068006444b7f05cebaf89569ab9ef243a30905eeb109bb084
2023-03-21 21:36:26,True,2.574e-10,7.604e-13,5460480001.0,0.0415,0x37...dfe8,https://bscscan.com/tx/0x43789b2301cdf883ff44a937c2afb27fc320efad206b2ba6dd1d78c9a4a62297
2023-03-21 21:35:50,True,2.56e-10,7.603e-13,73859778799.0,0.5616,0x50...5768,https://bscscan.com/tx/0xde3e4947abf58fa9e7123a000b5e46c395f50b77168e289ac0f9dd73705490e8
2023-03-21 21:34:23,False,2.561e-10,7.565e-13,24939190309.0,0.1886,0xbe...acbf,https://bscscan.com/tx/0x2430c2af3ffdd39ab5b987b5edb15fa1f5139b6e48b5282c465872e76efb09de
2023-03-21 21:32:32,False,2.558e-10,7.566e-13,92765776998.0,0.7018,0xb1...e437,https://bscscan.com/tx/0x0214e8506dded684c9fe769a1fb5452721a0cf647056eb787b04e3928162a45c
2023-03-21 21:32:11,True,2.558e-10,7.604e-13,9250000000.0,0.0703,0xa3...59b1,https://bscscan.com/tx/0xd29aa98f7889be751412e7c29842fd76af9c2a39e116aae2da22c69b6b10d8fb
2023-03-21 21:31:14,False,2.545e-10,7.566e-13,1567711312.0,0.0118,0x76...789a,https://bscscan.com/tx/0x9aea87f59b12c2456efe30b487ca578abf02361b4d7ad693f0fac548aeed2b84
2023-03-21 21:28:14,True,2.572e-10,7.604e-13,9205561506.0,0.07,0x17...94f6,https://bscscan.com/tx/0x10cbad04045601b5ac213ebdda33d15c988cc865f96d1f51590eacc80e79729d
2023-03-21 21:26:32,True,2.559e-10,7.604e-13,1935446060.0,0.0147,0x76...789a,https://bscscan.com/tx/0x29ff79a53767a8804aeeaeb560784cdb39df8580c14a782a84f89701f31b13b8
2023-03-21 21:24:32,False,2.545e-10,7.566e-13,3829680296.0,0.0289,0x30...2cec,https://bscscan.com/tx/0x0e58325aeae621caac468cafc6c73f638f1106b7dda66837fcfb93a3c722b8f0
2023-03-21 21:23:17,False,2.545e-10,7.566e-13,60296987037.0,0.4562,0xad...b698,https://bscscan.com/tx/0x97643773f64b9814607078e8f2c7c9c5ba55e5f21f55fab3935ca6d03e958881
2023-03-21 21:23:02,True,2.558e-10,7.603e-13,179555609107.0,1.36534,0x20...6e8e,https://bscscan.com/tx/0xeeb253265314f60514e4418219e542d5e26009975e26245d3be6ae5b67889aad
2023-03-21 21:22:35,False,2.545e-10,7.566e-13,180890955583.0,1.36862,0xad...b698,https://bscscan.com/tx/0xe20cf85c0794c09c36b3ffc7fd7b706edfb28cb4e957aa92cd538f1251bc206a
2023-03-21 21:22:14,False,2.545e-10,7.566e-13,43219181945.0,0.327,0x42...dd7d,https://bscscan.com/tx/0x2d68fa4b56d396b75b8cda2e9b2173338b7c67ca83751998ec6b62156716aed0
2023-03-21 21:22:02,False,2.546e-10,7.566e-13,241187929338.0,1.82504,0xad...b698,https://bscscan.com/tx/0x7cb5094de7669590d5dd21ab408fffdf0ae0487110f9aaa33b5780bca4f210ff
2023-03-21 21:21:23,False,2.546e-10,7.568e-13,482375821843.0,3.65068,0xad...b698,https://bscscan.com/tx/0x395cd02a65222193a25c4df4ff073a52750c654e393432a99fceff882e53e6f4
2023-03-21 21:21:02,False,2.559e-10,7.569e-13,27900811681.0,0.2111,0x79...98ea,https://bscscan.com/tx/0xd5d003a1247c246e8692c1fb4f89bf8268b29465e4cff347a778d47d4ae27ba4
2023-03-21 21:20:41,False,2.547e-10,7.569e-13,321583863439.0,2.43426,0xad...b698,https://bscscan.com/tx/0x27b84564a9353a4dcb186e79ead9f7c5cef739251df7335fb5a695fd072fd51e
2023-03-21 21:20:20,False,2.547e-10,7.57e-13,4421154092.0,0.0334,0xd4...ace8,https://bscscan.com/tx/0xef66c445884e3e3a0e3df0d5a5685efc1c6965bed003f65874204762a9e05192
2023-03-21 21:18:38,True,2.56e-10,7.608e-13,10000000000.0,0.076,0xef...498a,https://bscscan.com/tx/0x0f347df1f59150697d3821470e272c5accab59f16a002b82ea3785b92d2d31b4
2023-03-21 21:17:11,True,2.56e-10,7.608e-13,4807554650.0,0.0365,0x2a...61ba,https://bscscan.com/tx/0x583698bace0040f02bdd40acd7437ea211c8f589d03e928a7e34229fbf3816a7
2023-03-21 21:14:32,False,2.56e-10,7.57e-13,11790366445.0,0.0892,0xd9...1d28,https://bscscan.com/tx/0x9a9d5ee7a00b66f25b4c5b0abc5f591de1a784552c57250cdc9043d18486f573
2023-03-21 21:13:02,True,2.56e-10,7.608e-13,715276020.0,0.0054,0x1b...c6f4,https://bscscan.com/tx/0xe2da098af068c125af8f548bef92f794c1a2e6d41692a6d2fa3f57814049ef0b
2023-03-21 21:10:32,True,2.573e-10,7.608e-13,18826511308.0,0.1432,0xef...b14a,https://bscscan.com/tx/0x99b2e4d8856aa40015ce370b5c0d030bbd7b5c44e2e1990511605330e8366be1
2023-03-21 21:08:47,True,2.563e-10,7.608e-13,210302472.0,0.0016,0xfa...8d42,https://bscscan.com/tx/0x94ac00054faf2121db2a864f7e3c557dd14eba23b21ca77c1f9394e70dcb2c16
2023-03-21 21:08:26,False,2.55e-10,7.57e-13,182979030757.0,1.38523,0x1e...8813,https://bscscan.com/tx/0x20567dd585ee379922a9d55e17a8332ff212d5ab57898d08fae87cc7e061bb67
2023-03-21 21:05:56,False,2.562e-10,7.57e-13,5910837295.0,0.0447,0x4a...82bd,https://bscscan.com/tx/0x4fb70e47cbd97719c24959597300661f38a6c9795d0aa6071b9bba4d8b565efe
2023-03-21 21:05:35,True,2.561e-10,7.608e-13,550000000.0,0.0041,0xbb...a63c,https://bscscan.com/tx/0x0cfd1f4207ccf75f8a8794ead8c5441cdd9a8c3b0c569b688c7b20ff0dfdafff
2023-03-21 21:05:32,True,2.561e-10,7.608e-13,1350530005.0,0.0102,0xf3...56c5,https://bscscan.com/tx/0x985629dbd10120b2890ef5153fa96c3e21a5d0ca18087a1411c4ec522a860bc3
2023-03-21 21:05:17,True,2.561e-10,7.608e-13,7914372834.0,0.0602,0x0f...5b5b,https://bscscan.com/tx/0x4bd9db45e3422530e0f27c53ea5ba95fd0a73bf963e30a68737991951a1b309a
2023-03-21 21:04:11,True,2.562e-10,7.608e-13,27056454847.0,0.2058,0x4f...3b74,https://bscscan.com/tx/0x2fdce62c822271cbd9aef75f2d9522510a640c721f808d6c23f4062f29d24cff
2023-03-21 21:04:02,False,2.561e-10,7.57e-13,16626120663.0,0.1258,0xbe...acbf,https://bscscan.com/tx/0x38747b877fae968acd171e775d55b469d074ab18f948f4889969535d27fa6743
2023-03-21 21:04:02,True,2.574e-10,7.608e-13,9266742958.0,0.0705,0x4d...7939,https://bscscan.com/tx/0x0421a8ef0c0d13e4d7de1d1c269c379e86ad48d99dfb7110ab77d025c2419fce
2023-03-21 21:03:14,True,2.561e-10,7.608e-13,11237200000.0,0.0855,0x1f...4f4f,https://bscscan.com/tx/0xba5fe018649c94d0402a44602f67506cd63b23c4fb36e017297386481525806f
2023-03-21 21:02:05,True,2.561e-10,7.608e-13,15975980892.0,0.1215,0xb8...ba79,https://bscscan.com/tx/0x60ea1f3b00c62b9a71d66b2ec5ef26c76d0f23e0b7b57cee6c042cb2a6a2209e
2023-03-21 20:56:50,True,2.563e-10,7.608e-13,6500000000.0,0.0494,0x0b...9f03,https://bscscan.com/tx/0xfefcb0e9314c8eb9f993712bbf48b3b891392b312d25ee2358164bc51437d1fa
2023-03-21 20:56:02,False,2.565e-10,7.57e-13,9075602942.0,0.0687,0x6f...9621,https://bscscan.com/tx/0x95957e705a7a5980d896eedc5eb3e1d74e44e5a500d3894e6da0eecd8864eb27
2023-03-21 20:55:38,False,2.565e-10,7.57e-13,19942664777.0,0.1509,0xf8...12a2,https://bscscan.com/tx/0xdd765b3fdada793335e6ef1fab4202c4ed8f148a4cbd13bdc43db7db1dcece8e
2023-03-21 20:54:17,False,2.552e-10,7.57e-13,1220166508.0,0.0092,0x32...ea78,https://bscscan.com/tx/0xd85f31c8810f3cfa2390fd29566f6eb67d9f5feda501eac47d42cc0ce01bc076
2023-03-21 20:51:53,True,2.578e-10,7.608e-13,2737301633.0,0.0208,0xf5...ef41,https://bscscan.com/tx/0x221fcf7be05cdcf7e70fb9337a71ffa9b25a2a017fa96887af4ab7ba18cd12fe
2023-03-21 20:51:44,False,2.552e-10,7.57e-13,4500000000.0,0.034,0xb2...8852,https://bscscan.com/tx/0xde11e4d4af518d0de9df64a47ab7c8eb84c14a1e5bbd360f25d042b0b4e1bda8
2023-03-21 20:50:44,False,2.551e-10,7.57e-13,7260721854.0,0.0549,0xcb...cda7,https://bscscan.com/tx/0xd8f12f98717c8454911cfe070f8a656fd9f6a62d3858cbcfa15a5098bfcef9c8
2023-03-21 20:50:38,True,2.564e-10,7.608e-13,10514363371.0,0.08,0xa3...3fc6,https://bscscan.com/tx/0xdc21fe00dd319053bc48d7ef31f0125f368d3d416d2530eb0d8cf2c58c2b867d
2023-03-21 20:49:29,False,2.563e-10,7.57e-13,4028045911.0,0.0304,0xde...d453,https://bscscan.com/tx/0x4f0614db1c8d0e044d680625fe9623ff6dd7c5e9689d35f1f457f4beb79320eb
2023-03-21 20:48:50,False,2.563e-10,7.57e-13,26934906854.0,0.2039,0x51...860f,https://bscscan.com/tx/0xa9f26f7e0cddcee11fc47806b43e33de20a984ff27806fcfae08b69ea89e8631
2023-03-21 20:47:56,True,2.575e-10,7.608e-13,7885694732.0,0.06,0x45...93d2,https://bscscan.com/tx/0x95c1df1f8a0b43f9f2529671331c4ffb252eb6703dcd93bce0b2584791db14fe
2023-03-21 20:45:53,True,2.563e-10,7.608e-13,21674555084.0,0.1649,0xba...9c55,https://bscscan.com/tx/0x7994d06ccebfd3dd70ac0b8f3fad439eb3320fa295584913982e2e14d9e5a3f6
2023-03-21 20:40:56,True,2.577e-10,7.608e-13,3934831477.0,0.0299,0x8d...b28a,https://bscscan.com/tx/0x5065a39e756236e80d06a52f8d19ab6abc9777c9b3732c3fe438d69df5fbd586
2023-03-21 20:39:32,False,2.564e-10,7.57e-13,1414885391.0,0.0107,0xc4...182f,https://bscscan.com/tx/0xd98ecaaab7b3dd37a93541c0e631522ef36bd42c7686d2f621b25ead6029f25d
2023-03-21 20:39:29,True,2.577e-10,7.608e-13,30000000000.0,0.2282,0xc8...b880,https://bscscan.com/tx/0x92113738d08dd979eaf130ec0f614399525167c4da5599788ec1be915bb247c1
2023-03-21 20:38:56,True,2.577e-10,7.608e-13,4600115065.0,0.035,0x58...fa66,https://bscscan.com/tx/0xdb90175ee8437bc09f3fd81478117a2f0825173f056ebeff0fea5098203ab127
2023-03-21 20:36:50,True,2.576e-10,7.608e-13,76225300000.0,0.5799,0x90...f190,https://bscscan.com/tx/0x3b2b05c2a87797cd0ffe4fe3b9d824cac996c4a5540b21f8de0c491e87049d25
2023-03-21 20:33:25,True,2.561e-10,7.608e-13,2000000000.0,0.0152,0x01...0d55,https://bscscan.com/tx/0x2f74a328e4246083cddac0e5ea046953e4ade9ad48ad707e995f0ddc3315ca1f
2023-03-21 20:32:37,False,2.561e-10,7.57e-13,22344754443.0,0.1691,0x8d...b28a,https://bscscan.com/tx/0x3b06c954b4fcf1b53ed909d262ea07a74bed1eae929804fdba7b4d848d135d96
2023-03-21 20:26:25,False,2.56e-10,7.57e-13,11367613597.0,0.086,0x4e...8936,https://bscscan.com/tx/0x760937c488a261fe73cc993c2bfd54d60ec081014528b48b8e064b519cf2cc2c
2023-03-21 20:25:04,True,2.573e-10,7.607e-13,277370983287.0,2.1102,0x51...6dfd,https://bscscan.com/tx/0x03e146425bd460c21a013d6959723475083d8a867631551a1a7cd4096a8521e8
2023-03-21 20:23:43,False,2.56e-10,7.569e-13,150207597120.0,1.13702,0xd6...0adf,https://bscscan.com/tx/0xd2bea70282886700b054f72dde99d1d51e62c4f0858cac17869c660a1afff895
2023-03-21 20:23:19,False,2.547e-10,7.569e-13,33519221085.0,0.2537,0x7a...1e40,https://bscscan.com/tx/0xb4ab7c20dedfeabaf8d9523f9b0ea459db9da61c2d5258201aa6552c0d9fa5c7
2023-03-21 20:22:49,False,2.548e-10,7.57e-13,97503119183.0,0.7381,0xf9...3aae,https://bscscan.com/tx/0xc22bb2a6302a7709e90b19c1cdcbb9173905265bcfea9636e1773c7c9f3764ab
2023-03-21 20:22:40,False,2.561e-10,7.57e-13,16054231534.0,0.1215,0x95...6c28,https://bscscan.com/tx/0x0ce814e3f7d443b910e66f67940f7710e977c766dca8ebc7aa43332af723bd76
2023-03-21 20:22:10,False,2.561e-10,7.57e-13,20188626089.0,0.1528,0xa3...e121,https://bscscan.com/tx/0xf881d418784c0fb64fb52ea50050a00d4f3d73abd8322836d23520979215db3c
2023-03-21 20:21:46,False,2.561e-10,7.57e-13,6030000000.0,0.0456,0xdd...8f2e,https://bscscan.com/tx/0x273748c7da79259c54b285287d928f9e605ce2e66e832088b864c40a578ea14e
2023-03-21 20:19:52,True,2.56e-10,7.608e-13,157724008603.0,1.2,0xd6...0adf,https://bscscan.com/tx/0xac1a35c120c630cd254cf51ec203666eeb70e40527e017a31d110cb65fa87564
2023-03-21 20:16:43,False,2.546e-10,7.569e-13,7404500746.0,0.056,0xe8...e2b6,https://bscscan.com/tx/0x458396e883b33ba7ec2008b28775607e02b1054f8f7712770431405e4273291a
2023-03-21 20:16:28,False,2.559e-10,7.57e-13,12072939182.0,0.0913,0x73...935b,https://bscscan.com/tx/0x5d4b10dc72c6fea4322fc463c3947b04968e328a61f7c63a6deef5656ddd9ec1
2023-03-21 20:15:40,True,2.572e-10,7.608e-13,3943210184.0,0.03,0xd2...3977,https://bscscan.com/tx/0x41eacbf80737e504921ec1d27f7695ff9ad034cc4f7ddc5d2d6ba0bf3fafb8d4
2023-03-21 20:14:34,False,2.559e-10,7.57e-13,1532536200.0,0.0116,0xea...0c58,https://bscscan.com/tx/0x2f620b34d2b64db696b0348f85cfde7389112d60457b7776ba6020d534602fd6
2023-03-21 20:13:58,True,2.572e-10,7.608e-13,6609551734.0,0.0502,0xec...87a8,https://bscscan.com/tx/0xfc3d45db33b598011baf2a2902c5d6edc5cfaf05f8959285bb04ae3a3cf8252f
2023-03-21 20:13:25,True,2.559e-10,7.607e-13,3376455500.0,0.0256,0x6b...ed57,https://bscscan.com/tx/0x9515d6d0c8870a369b137ae457ab1f7fdabe6ba6e08eb413b84d670aa485035a
2023-03-21 20:13:07,True,2.572e-10,7.607e-13,4760648965.0,0.0362,0x9c...39be,https://bscscan.com/tx/0x078287b2ef2df8195c11b486c3d813a238c9c2ba6e3d5e3f2bdd7821a8fa5d7e
2023-03-21 20:12:43,True,2.559e-10,7.607e-13,7839099937.0,0.0596,0x6b...ed57,https://bscscan.com/tx/0x0cc8bfa9c0c40452f9b6f9cd0483d92687f115b3f9055681c67dfcca779ab059
2023-03-21 20:12:25,True,2.559e-10,7.607e-13,5527587962.0,0.042,0x7e...4648,https://bscscan.com/tx/0x490584ad15cbcef51ffe393dad44f395a987a541c9b50e72e108aa543d7b0b4e
2023-03-21 20:12:16,True,2.572e-10,7.607e-13,5579990030.0,0.0424,0x6b...ed57,https://bscscan.com/tx/0x3d7bf670e6b2617c926bdaf11b105a871ebf75610844e96e1486d7ee6a66a5f2
2023-03-21 20:11:40,True,2.558e-10,7.607e-13,66105300000.0,0.5029,0x77...27c1,https://bscscan.com/tx/0x0962e19c3958527d6dc15e929a8236e6952c0e2bc64c0bb4bc34c7eaf77add5f
2023-03-21 20:10:28,False,2.544e-10,7.569e-13,2970100429.0,0.0224,0x65...adaf,https://bscscan.com/tx/0xb0f9df95ce562058648eec18956a942c6fc8289820e7e5d5f7fe53e108ab1517
2023-03-21 20:10:28,False,2.544e-10,7.569e-13,17173361365.0,0.13,0xb7...50d1,https://bscscan.com/tx/0xa298bbf51132fc7ffd2b2321ff9630172b607385f4be73d3ff67c6fcad1069da
2023-03-21 20:10:13,False,2.544e-10,7.57e-13,157691295019.0,1.19373,0xd6...0adf,https://bscscan.com/tx/0x3baed98feb92a61bf66f35976bb4091381134a41bc2aed0a6ccf09402aa46fd6
2023-03-21 20:08:20,True,2.555e-10,7.608e-13,1314357660.0,0.01,0xdf...2281,https://bscscan.com/tx/0xf9e0050f33816c105e9408d8c4c2d379db68f777bdc0ff48053baa9094e333d7
2023-03-21 20:07:10,False,2.541e-10,7.572e-13,1336135322514.0,10.118,0xf5...8cea,https://bscscan.com/tx/0xe30807c91a59ea657664714fdf3871aec39f085f12346ff9937bfe749057e3da
2023-03-21 20:05:26,True,2.568e-10,7.612e-13,6772290001.0,0.0515,0xab...ce75,https://bscscan.com/tx/0xe149c64efa3f0b99a619f026d9e01de935deb796853e139de03a2374e8120e3c
2023-03-21 20:03:47,False,2.554e-10,7.574e-13,8124253058.0,0.0615,0x2d...16ba,https://bscscan.com/tx/0x0c4d274aa98e65455e68589f65f11cf77f5fdfa2aef2791318b77c52b647d652
2023-03-21 20:03:14,False,2.554e-10,7.574e-13,19712753957.0,0.1493,0xc6...693c,https://bscscan.com/tx/0xeb6831bb1f7e0ac79616866619a77e5882ec2d3fedbefbce12f80450e78a75e8
2023-03-21 20:01:50,True,2.554e-10,7.612e-13,131358806985.0,1.0,0x81...6fed,https://bscscan.com/tx/0xbba976fe987d09d232f3c5734b1406dd7525d306411b31473310cc28a13195a2
2023-03-21 19:59:50,False,2.555e-10,7.574e-13,148437899898.0,1.12438,0x84...0a39,https://bscscan.com/tx/0x00f0ed05d70eb6473fed3e5693e43e86c0ee3b8a3bda429f541830ea90ddd612
2023-03-21 19:56:50,True,2.567e-10,7.613e-13,1017515445.0,0.0077,0xb3...b3ef,https://bscscan.com/tx/0x3e9082fafa0c8f2756131780f628869722177afa55c8b65cd93d0f006092303e
2023-03-21 19:56:50,False,2.554e-10,7.575e-13,25752775578.0,0.195,0x1a...7cfd,https://bscscan.com/tx/0x9570e2c32cb42eaf5c7e1ea49e4e8507ee637f9017e434b7ad2680bf059a35df
2023-03-21 19:53:23,True,2.567e-10,7.613e-13,7881158340.0,0.06,0x80...fab4,https://bscscan.com/tx/0x6bca4d3c34182783b29a7adb25e2ac22e23d47ca60f30834fd76aa786fd971d7
2023-03-21 19:53:08,False,2.555e-10,7.576e-13,928060794403.0,7.0316,0x23...e62b,https://bscscan.com/tx/0x8798a3d64885e8e093327cb61ad719cd38919b3026a8ce6d1e9de4aadebc0f40
2023-03-21 19:51:41,False,2.555e-10,7.578e-13,1620000000.0,0.0122,0xa2...59ef,https://bscscan.com/tx/0xaa3205b4380e3ef7bb00b3fa3a5fb7042c2652b531e67615145ee55ed679e1c5
2023-03-21 19:48:53,True,2.554e-10,7.616e-13,2000000000.0,0.0152,0xb1...0bca,https://bscscan.com/tx/0x7562dfa6376c70886101afef1e751ea049d8978e068cb8e0c667b71f25aef3ea
2023-03-21 19:47:29,False,2.542e-10,7.578e-13,2908692451.0,0.022,0x78...88b1,https://bscscan.com/tx/0x8bcd2926153c6cae2583e3c6ae04d61feb288298053b3ae3ef4d8aee9d6c9b2c
2023-03-21 19:45:32,False,2.542e-10,7.578e-13,45905999252.0,0.3478,0x2f...c28f,https://bscscan.com/tx/0xd30ce80178b31528cee5fd8df4c83f97e70ae819e6078e48d2d2f688e605f2e5
2023-03-21 19:43:29,False,2.543e-10,7.579e-13,349318990883.0,2.6475,0x9a...3ac7,https://bscscan.com/tx/0x7b930b918483cc726a5d3c21a77549ad2292ba156c85644a7ce12ef629de7e66
2023-03-21 19:43:14,False,2.556e-10,7.579e-13,7250396125.0,0.0549,0x8c...59a7,https://bscscan.com/tx/0xbb0a38952a20c9c527b5ece402179d6a4ca064e4e1938347f949eafa21c34dc6
2023-03-21 19:42:11,True,2.569e-10,7.617e-13,60000000000.0,0.457,0x95...1ab3,https://bscscan.com/tx/0xcd377c517cac4dad58de2afaa2d981715e32d631ba85a2efb6044171a400a6fd
2023-03-21 19:41:47,True,2.569e-10,7.617e-13,10200246127.0,0.0777,0x44...e373,https://bscscan.com/tx/0x3f27e478dc9e119cca242eba113e668a23dcc13a97a64b8455aed714e753f82d
2023-03-21 19:41:47,False,2.557e-10,7.58e-13,524456855123.0,3.97555,0x05...7066,https://bscscan.com/tx/0x61e3b4fa98fa3c587615e27bdfea82a5bc37a31ef2aa7c643ed6bef0051f375e
2023-03-21 19:38:11,False,2.557e-10,7.581e-13,185610646101.0,1.40721,0x6a...369a,https://bscscan.com/tx/0x756a49810e7c37af4ebe72cdcdc91b9fc8e91906c95a81d71783c8fa6f7f9c94
2023-03-21 19:36:35,False,2.544e-10,7.582e-13,632814003231.0,4.79859,0x05...7066,https://bscscan.com/tx/0x19a436e981edbc99e65c5720a952ae668d796cbf22dd387c4179e1f7e579ff20
2023-03-21 19:35:53,True,2.556e-10,7.622e-13,4803608757.0,0.0366,0x74...ef82,https://bscscan.com/tx/0x953baa6755fe7490060e71f44c14cfc91ce6e7d33d5b37b42909f46cb40b5e1d
2023-03-21 19:31:23,True,2.555e-10,7.621e-13,141200552176.0,1.07621,0x15...4042,https://bscscan.com/tx/0x1f489b38d4d14c77a5d52e9aba0a511f1a2a393b58efeaf3c9507bc9d5d5cf01
2023-03-21 19:29:17,True,2.568e-10,7.621e-13,15503040398.0,0.1181,0xd4...584e,https://bscscan.com/tx/0x04324227b16d3b0ace17b1f360a775dc3d780fe3a585729c958d09655c7f60be
2023-03-21 19:28:38,True,2.568e-10,7.621e-13,12500000000.0,0.0952,0x22...bd81,https://bscscan.com/tx/0x5bb0f18a41aee77b6131a045a40b5184dc6d7d23ea2c4f0ac716b8fb70a567c4
2023-03-21 19:28:38,False,2.555e-10,7.583e-13,37800000000.0,0.2866,0x64...e513,https://bscscan.com/tx/0xb770ddabde6317d11044758c0692bfa4d158f469c23c25fc9d8f1e52be1d6d1a
2023-03-21 19:26:56,True,2.554e-10,7.621e-13,9184390001.0,0.07,0x58...0c8c,https://bscscan.com/tx/0x4601541559ab45f8a241e7e68b4061fa27b194fdfabd565879bdc403175e9417
2023-03-21 19:26:32,False,2.554e-10,7.583e-13,7023863191.0,0.0532,0x6a...9f7d,https://bscscan.com/tx/0xa374a12127c7299a21cfe78af46b6877eda7ac1c04c4e67327f842be5ad6cc4f
2023-03-21 19:25:42,True,2.567e-10,7.621e-13,58769836006.0,0.4479,0x95...3017,https://bscscan.com/tx/0xb4e009021e5cde55246c00d92dfad3950463ee55fe3fdf10686a4810b39c8a76
2023-03-21 19:25:39,True,2.567e-10,7.621e-13,17916048571.0,0.1365,0x5b...ac2d,https://bscscan.com/tx/0x2b1f59a23cab652518657936ce7a22a0375b72a4012aa882a050f63441c508fa
2023-03-21 19:25:39,False,2.554e-10,7.583e-13,34178162401.0,0.2591,0x60...504b,https://bscscan.com/tx/0xa3129b299052e0c4bfaa7312ead7b10eccd34b425ce9282808252eea93132796
2023-03-21 19:24:57,False,2.554e-10,7.583e-13,9674283068.0,0.0733,0xd7...21fa,https://bscscan.com/tx/0xa621ae537d3418829b3d4c868aae8a922212e453145f3ba45ee8a51d7140a364
2023-03-21 19:22:39,True,2.557e-10,7.621e-13,644882001.0,0.0049,0x07...f577,https://bscscan.com/tx/0x215cef0e4a460261b9ed950395704633a7e5e4651a53fb6f3e119d1b7c7f0e59
2023-03-21 19:22:24,True,2.557e-10,7.621e-13,17057087314.0,0.13,0x77...d697,https://bscscan.com/tx/0x740587cbafaa78ffde065135f6865acaf46eda9d52f36f0c5b6fdb9f91de1fe5
2023-03-21 19:21:54,False,2.557e-10,7.583e-13,181213172685.0,1.37426,0x96...f3bc,https://bscscan.com/tx/0x2a4662f6b692359046070dbd18328f0378fe55e01e753dde928ae5459bc505ae
2023-03-21 19:21:51,True,2.57e-10,7.622e-13,1410750924.0,0.0107,0x15...4042,https://bscscan.com/tx/0xd5708e1922f6ff41ae5b9c5e1b590e866ea21b1e4aa611e601d4c976e79050f1
2023-03-21 19:21:03,False,2.557e-10,7.584e-13,73166808249.0,0.5549,0x95...3017,https://bscscan.com/tx/0x4201ce95fd12d67ec1dfb5d90e6cda0464a394424a1a42a5f61e6d9802670e2c
2023-03-21 19:20:24,True,2.57e-10,7.622e-13,15743312442.0,0.12,0x0e...e1d3,https://bscscan.com/tx/0x7c5a6013e932bc9cb04bb10eefef3fa067b8d60e772f051ee5fa0c411c57087c
2023-03-21 19:17:33,True,2.568e-10,7.622e-13,22303219178.0,0.17,0xf3...c2aa,https://bscscan.com/tx/0xcd6adfb6d04980ec5a6b520818cee64939f0ceab7ef03bf418842cd8688b4ca1
2023-03-21 19:16:48,False,2.556e-10,7.584e-13,129291220570.0,0.9805,0xf4...3bcd,https://bscscan.com/tx/0x5d01d7530f4cf4dcaeaa7d49255f70dbf5d475e6e2b551db05d6e333cb60b226
2023-03-21 19:16:20,True,2.556e-10,7.622e-13,3051477439.0,0.0232,0x5a...2518,https://bscscan.com/tx/0x627d2c671f037ec1a45f82a39eb2f7dfb18575df74ed020a4a7fe1c2a5b3dab7
2023-03-21 19:13:59,True,2.556e-10,7.622e-13,26237867084.0,0.2,0x81...6fed,https://bscscan.com/tx/0xd48a9c8808637f85f9126f76e5ad91bf5934233c66299a681072d600d145d181
2023-03-21 19:13:38,False,2.556e-10,7.585e-13,322812433251.0,2.44854,0x05...7066,https://bscscan.com/tx/0xdf11100a7f1da464e510ef476fba17f0d4049b790c28dc84c88a811a9ed4c7a3
2023-03-21 19:13:20,False,2.557e-10,7.586e-13,517830250578.0,3.9285,0x05...7066,https://bscscan.com/tx/0x56321e666680bb4fc082a22930eddada1d0aff999f7882d60cf3cfdeb07e47b8
2023-03-21 19:12:26,True,2.557e-10,7.625e-13,13114042648.0,0.1,0x81...6fed,https://bscscan.com/tx/0x8c0d1dc3b31e80118ec11c6c45ee6fb6e33fba47a7f7be732cc9da7f30eb521c
2023-03-21 19:11:14,False,2.544e-10,7.587e-13,22312152783.0,0.1692,0x97...2b5f,https://bscscan.com/tx/0xe6286780d83c9c0c997924e11ec663023ecc5d73f2b22b5df52e83c9c0019740
2023-03-21 19:11:08,True,2.557e-10,7.625e-13,15736795069.0,0.12,0x0e...0d07,https://bscscan.com/tx/0x816edaabeff8f7aaa546dc12044034a54b2999627248d585b1366f9ff14aa1e9
2023-03-21 19:09:41,False,2.557e-10,7.587e-13,8173384642.0,0.062,0x56...e8ff,https://bscscan.com/tx/0x05cf6d79ffd642c9bad8ddef36d50be34911cdb16402ce64d7afa7447c51a06f
2023-03-21 19:08:08,True,2.558e-10,7.624e-13,255996723277.0,1.95197,0xe8...7116,https://bscscan.com/tx/0x380dd8cbaff7ad66359e0a2bca72c6014710fdd7f76dd2e5e5155d701cb72265
2023-03-21 19:07:08,False,2.546e-10,7.586e-13,4634608114.0,0.0351,0x48...4674,https://bscscan.com/tx/0x066048a041a7c056b11ef6fde01039f33f454bc8beed78e09518d33106a81dc7
2023-03-21 19:03:53,False,2.545e-10,7.586e-13,14605894434.0,0.1108,0xf7...f34b,https://bscscan.com/tx/0x3a44514cfcf135cd70a328874915161c5d1f0f0ebacb135811ad2f5bcb592b47
2023-03-21 19:03:17,False,2.546e-10,7.586e-13,14605894434.0,0.1108,0xf7...f34b,https://bscscan.com/tx/0x58933beaacdd139c4548edc73325844ae34c213dcb98fb8ef1ad5f684ebe77bb
2023-03-21 19:01:56,True,2.557e-10,7.624e-13,8481976065.0,0.0646,0xdd...7e3e,https://bscscan.com/tx/0x7bac93c0932f53078950cbd4ff5f8d43eec801be3455906c64ea428f51c3d56a
2023-03-21 19:01:56,False,2.545e-10,7.586e-13,139019351163.0,1.05471,0x04...dddb,https://bscscan.com/tx/0x5c77d18d7beaddf1e110c97e7928f12c89221e639e2ec3bf64d3006a0f4e724d
2023-03-21 19:01:02,False,2.557e-10,7.587e-13,16214780970.0,0.123,0xf7...4cd2,https://bscscan.com/tx/0x31aa4d312d628c62c2756c7fd3485987eda0adcb738ca4fde7daa7db904c0655
2023-03-21 18:59:50,True,2.57e-10,7.625e-13,10351249772.0,0.0789,0xa0...6175,https://bscscan.com/tx/0x8ae6ef4f13eb4d482b9b7f6a0a868b5ab4ddc5ba02714be2576d4d814f29698e
2023-03-21 18:59:23,False,2.544e-10,7.587e-13,10156958271.0,0.077,0xb3...6e22,https://bscscan.com/tx/0x408ca217dc5647ca9890de692fbda14244ae1acf92e8ab10840a09f8d965f562
2023-03-21 18:59:20,True,2.557e-10,7.625e-13,4000000000.0,0.0305,0xef...3108,https://bscscan.com/tx/0xd618e584c362a3b61b4e37975a46c73114c96da37ff9da6205c847a20a88e4cc
2023-03-21 18:59:02,True,2.557e-10,7.625e-13,5245795253.0,0.04,0x6e...88e7,https://bscscan.com/tx/0x51a1a3899c64360415e3e9ce5ed0ba3848a7154e74da4f2a9b65bd14ca3b2627
2023-03-21 18:56:32,True,2.57e-10,7.625e-13,2076258329.0,0.0158,0xd3...e551,https://bscscan.com/tx/0xb860a1f5e3a0569adcf56bce64862e0b18c8f6a370f48c25c8271f480b83e7ec
2023-03-21 18:56:04,True,2.57e-10,7.625e-13,7416257029.0,0.0565,0xa8...5fbb,https://bscscan.com/tx/0x17a7134b3a8da2c4d0be85a5bfea872cc9ed934b4f627237914c87a93d395dbb
2023-03-21 18:55:39,True,2.569e-10,7.625e-13,12370131328.0,0.0943,0xb6...8dbe,https://bscscan.com/tx/0xe722b92cb76986d6fa257c655bac4d6c4b01213b2553c438eacc51f4b9ee5c22
2023-03-21 18:54:10,True,2.556e-10,7.625e-13,622945220.0,0.0047,0xe0...49ef,https://bscscan.com/tx/0x589a02ceebff9cef3805e624fef7360632570d60e1aa7fd94af812e4be83edbe
2023-03-21 18:52:52,False,2.559e-10,7.587e-13,50945280733.0,0.3865,0x69...f59c,https://bscscan.com/tx/0xaca81205a5cd59d2d328c4c76befb1566a134ce3f0eb087544e7258888c4e265
2023-03-21 18:52:07,True,2.563e-10,7.625e-13,19796174004.0,0.1509,0x0e...c8eb,https://bscscan.com/tx/0x68be17b6c36af395834c926f3d04c7db8f2b185bfd1eb038c65aa06a68473a51
2023-03-21 18:50:19,False,2.551e-10,7.587e-13,81000489289.0,0.6145,0x0e...5e80,https://bscscan.com/tx/0x2880e1fa3267b162f98ae67e745b84e7fe5896541372434f8f103cfc101ea8bd
2023-03-21 18:49:13,False,2.552e-10,7.587e-13,6869606122.0,0.0521,0x3b...0a98,https://bscscan.com/tx/0x26694c7747a51bae941c44a6a1521df2532190f346e7dbc9d6c29b6fdc107094
2023-03-21 18:46:31,True,2.578e-10,7.625e-13,3278196605.0,0.025,0x5b...2f2c,https://bscscan.com/tx/0x4b30771709d14967b2e73eef52b5ac75a1ac6fb9d2ba714e3c441b6214d3936d
2023-03-21 18:46:04,True,2.565e-10,7.625e-13,2622780001.0,0.02,0x78...ad07,https://bscscan.com/tx/0x02f8c494f05a8c17e4edf8f69be57e66f4eb06685328b8637f8aecd8ca1d4f4a
2023-03-21 18:45:40,False,2.553e-10,7.587e-13,5291412553.0,0.0401,0xa7...d55a,https://bscscan.com/tx/0x90c6783c3c199ec15a592712305f0534ae4d5c91a82ac140dc345bfff1b18540
2023-03-21 18:45:04,False,2.553e-10,7.587e-13,293181845562.0,2.22464,0xb9...3907,https://bscscan.com/tx/0x07fc567452c98eebb0b535f752be0318c6faadd3e964e0f193463a81055ac39a
2023-03-21 18:44:16,True,2.579e-10,7.626e-13,1403241857.0,0.0107,0x15...4042,https://bscscan.com/tx/0x34035506c9eee068d2540f79b454a49c958a23bb1698907a7accbaee6593180d
2023-03-21 18:44:10,False,2.553e-10,7.589e-13,572700174564.0,4.34645,0xb9...3907,https://bscscan.com/tx/0x4c63a6db2e24bdefb4ba872172358602aaf5e8ac09bac83a3debbade249dc93b
2023-03-21 18:43:07,False,2.566e-10,7.59e-13,146456706626.0,1.1117,0xb9...3907,https://bscscan.com/tx/0xf5b3a41f0445c20e3eede76cbd86bd44c82d5bb5ea3bdb4e2f56a99f8a5b4ce3
2023-03-21 18:43:07,True,2.579e-10,7.628e-13,2011048962.0,0.0153,0x38...e79b,https://bscscan.com/tx/0xb5df3e494df1fd9f70d2a47edcd2e7309f9239761bc8143d2a78e02a01406f36
2023-03-21 18:43:04,False,2.566e-10,7.591e-13,139410503909.0,1.05828,0xb9...3907,https://bscscan.com/tx/0xd15e12c4690ce481b4d61df65b58d051ea91066fa6f7a9c85685a63f124699b3
2023-03-21 18:42:55,False,2.553e-10,7.591e-13,9386983834.0,0.0712,0x40...1a2a,https://bscscan.com/tx/0x1b191c52fe11177f5fcc8cda591739f87bdc71303dce0d972607017089442636
2023-03-21 18:42:43,True,2.566e-10,7.629e-13,19009900001.0,0.145,0xfa...9743,https://bscscan.com/tx/0x776376d8a52c9456d3244b2a0df98288b75ba4b4a5f1fe798fd850d882089731
2023-03-21 18:41:55,True,2.578e-10,7.625e-13,2099029272271.0,16.0067,0x2e...57ce,https://bscscan.com/tx/0xfb563e46f6b02533c8ea0097efda007088bcd8f415b4d93f3b45002cd1e992d6
2023-03-21 18:40:58,False,2.564e-10,7.584e-13,54423131715.0,0.4127,0x1d...f2d0,https://bscscan.com/tx/0xaf14cd0f79f2648c2cf9cf0b7e8de639a5f51d0b210693898e9e9374df101421
2023-03-21 18:40:28,True,2.577e-10,7.622e-13,6559690750.0,0.05,0xa6...c471,https://bscscan.com/tx/0xf98fbb630a54749932b4fd37a30a091021778028d3563c6f556ded022501dc70
2023-03-21 18:40:01,False,2.551e-10,7.584e-13,1800000000.0,0.0136,0xf1...86c5,https://bscscan.com/tx/0xf7c748ddb204ce7f79437b266c8adbf69e455833d06db245c762c7a131a1011e
2023-03-21 18:37:34,True,2.565e-10,7.622e-13,1000000000.0,0.0076,0x0e...deac,https://bscscan.com/tx/0x048ce2e380e6e80f863da51d093bbf72b9bacdb3bc1d5c15f85cabdfca9bd1e8
2023-03-21 18:37:25,False,2.565e-10,7.584e-13,4706983286.0,0.0357,0xaf...30ce,https://bscscan.com/tx/0x71b5c29377e85464ed016c061daa6338c278bc395ecbdcbc9e0ee5f07260b3bb
2023-03-21 18:36:37,True,2.578e-10,7.622e-13,7692024702.0,0.0586,0x6b...ed57,https://bscscan.com/tx/0x06c67dbbe319b585924399ef07c95970422b8aa5cd0751597a92d9b93dd911a2
2023-03-21 18:35:58,False,2.551e-10,7.584e-13,53276377086.0,0.404,0x95...a6bc,https://bscscan.com/tx/0xeca919a5f7b3a38090a65cb03ee0dad900fe0070be35440669550b023d2666f8
2023-03-21 18:30:18,False,2.564e-10,7.584e-13,237826842301.0,1.80387,0xb9...3907,https://bscscan.com/tx/0x91e7f5daab52de1049363f7f5eb177fcc2ac9e5a741215b839c68a937a724491
2023-03-21 18:30:00,False,2.551e-10,7.585e-13,67723703970.0,0.5137,0xf7...c545,https://bscscan.com/tx/0xacd9611c2d74d4a4fd94cf0c75c23d5145b310d05e6d34c369cacde3580543b0
2023-03-21 18:29:45,False,2.564e-10,7.585e-13,51964617451.0,0.3941,0x6a...1d33,https://bscscan.com/tx/0xb62402035fedb0d53caa90c7926c9fc02833c911c7a761495f7fb716c1bb2899
2023-03-21 18:27:42,True,2.564e-10,7.623e-13,6961283930.0,0.053,0x61...ca35,https://bscscan.com/tx/0x7d7d283f4386744e39c3077b0165dd62b7a4aded54c2c4837a70970f8acc5d8c
2023-03-21 18:26:09,False,2.567e-10,7.586e-13,233322467358.0,1.76999,0xb9...3907,https://bscscan.com/tx/0x617a2607a50d8ccf51f12c29608e84f2fe9dca233d8ba79265b97b61f2be76c6
2023-03-21 18:26:06,False,2.567e-10,7.586e-13,24144852238.0,0.1831,0xb9...3907,https://bscscan.com/tx/0x56cb07e1af14c87bab1f22332e91fbdf9db822959386d2c27aaab59649745c64
2023-03-21 18:26:06,False,2.567e-10,7.586e-13,45734499350.0,0.3469,0xb9...3907,https://bscscan.com/tx/0x4f7732bd4650610d5f5daa37427e6c369c4fdfac2ec403df0f8891c58802a110
2023-03-21 18:26:06,False,2.567e-10,7.587e-13,209356742464.0,1.58839,0xb9...3907,https://bscscan.com/tx/0xd635a130852df556dacbf3f3bdb3baea33ba7b257b726dd01ec5ec6eda5c8c8d
2023-03-21 18:25:45,True,2.58e-10,7.625e-13,419646588.0,0.0032,0xcb...a83a,https://bscscan.com/tx/0x1433cab1e253cb4a5420ba5198c6ea9f0808078a1dabb5e052f598419ec5af05
2023-03-21 18:25:33,False,2.555e-10,7.588e-13,522637969365.0,3.96593,0x7d...875c,https://bscscan.com/tx/0x392cace81666544056a13963a623f8b233e60e596beb7cde8872deba00e56e91
2023-03-21 18:24:00,True,2.582e-10,7.627e-13,10000000000.0,0.0762,0x0e...deac,https://bscscan.com/tx/0x6b6b0c9946acdab9e151dc45a480bd41e50184c65cdb362afb5c2ef0efbb1068
2023-03-21 18:23:42,True,2.582e-10,7.627e-13,1400000000.0,0.0106,0x27...341a,https://bscscan.com/tx/0xa928dfbb47c244a91d4ae878297dfabc8c565065ca33c75fc4e18dfccf067036
2023-03-21 18:23:18,False,2.569e-10,7.589e-13,89060825412.0,0.6759,0xe6...eac4,https://bscscan.com/tx/0x5b49d5b9257fdfcfff1af7d4fdf5f4c845e76b1b24d9bb6048d0fc5eafcc724c
2023-03-21 18:22:15,False,2.569e-10,7.589e-13,3301797195.0,0.025,0x91...1ab8,https://bscscan.com/tx/0x92327b8563225cb73078a77fa933f2f87be82f84d71d0d26111f00c79df718aa
2023-03-21 18:20:54,False,2.554e-10,7.589e-13,18000000000.0,0.1366,0x2c...a8c5,https://bscscan.com/tx/0xe3884656cabe9518def9190213fceeed1d8a7c8bac8187b95d2609d8621a434f
2023-03-21 18:19:57,False,2.552e-10,7.589e-13,1022593492.0,0.0077,0x72...967e,https://bscscan.com/tx/0xcc207e93890a8cc48a8717c378b7bf4925ff530757bb5e50880a3173a959c040
2023-03-21 18:19:33,True,2.565e-10,7.627e-13,12841409533.0,0.0979,0x08...2721,https://bscscan.com/tx/0xa1b66110125aa1ad3edf934323f3e193479590352dd07ac8ba5bde3020c48d30
2023-03-21 18:19:33,False,2.552e-10,7.589e-13,1340982001.0,0.0101,0x5a...ef7c,https://bscscan.com/tx/0x1635ac1d738e506856692bc6fda0b333fd60ab5967b16b9f287f8d496fdfe414
2023-03-21 18:17:45,True,2.58e-10,7.627e-13,17254820576.0,0.1316,0x08...2721,https://bscscan.com/tx/0x521991a9ffc1164faf057b71f501ed1768ba281172d40adce861bf0527b065f1
2023-03-21 18:14:54,False,2.567e-10,7.589e-13,53999730000.0,0.4098,0x67...37a0,https://bscscan.com/tx/0x6d19e3a11848a569cca1ac5b1eeb3dee5725a44889ad6c9cd7029add256731cc
2023-03-21 18:14:49,True,2.58e-10,7.627e-13,58038893138.0,0.4427,0x46...40ba,https://bscscan.com/tx/0x14e847ec322ef278d09eb964911c58481fb83935e2677dd02ff10cc5d56ad4a9
2023-03-21 18:11:49,True,2.579e-10,7.627e-13,10958674153.0,0.0835,0x59...f7d7,https://bscscan.com/tx/0xd304b162091eba7a8359f24af0ec5d1890034887b632853ce5dc376b825571c2
2023-03-21 18:10:31,False,2.566e-10,7.589e-13,9121378705.0,0.0692,0x05...aa31,https://bscscan.com/tx/0x7fa83398ec6ae198c906d70c4011093587133fa77550f784ea28d0117e4d6218
2023-03-21 18:09:22,False,2.567e-10,7.589e-13,2197498048.0,0.0166,0xe7...43cd,https://bscscan.com/tx/0xb6ca04d4fddefddf14406f30b3d64790864eae3b3e6319b6802e83489cf5d99f
2023-03-21 18:09:01,True,2.581e-10,7.627e-13,10000000000.0,0.0762,0xc3...7f84,https://bscscan.com/tx/0x129097cf4689076e384675f37677f44b8e9d903f9168d2cee059551b42205736
2023-03-21 18:08:43,True,2.58e-10,7.627e-13,18738865476.0,0.1429,0xa1...c3be,https://bscscan.com/tx/0x26cca94a3984cba4ffe3cc8aaa2bcf05fc5dc5ee5886e8de36f7d26b7e21f708
2023-03-21 18:08:19,False,2.555e-10,7.589e-13,15274178473.0,0.1159,0x02...9eb9,https://bscscan.com/tx/0xc84c31b53d3c292c0a63648315e4b12f376190f7f9f14e2fcdb850da8ccf7f29
2023-03-21 18:07:35,True,2.567e-10,7.627e-13,9662835717.0,0.0737,0x8f...144b,https://bscscan.com/tx/0x5a853e75c89d3ab3c08e419772a806781f57b1403cdcee573d90475065e4eed0
2023-03-21 18:07:16,False,2.567e-10,7.589e-13,20266507596.0,0.1538,0xaf...9be8,https://bscscan.com/tx/0x4b090f42b8c496b24531671d90815e4990eb5c514b15b4bb2938c97264a8a708
2023-03-21 18:06:23,True,2.585e-10,7.627e-13,2003418125.0,0.0152,0x79...1329,https://bscscan.com/tx/0x9d158f2c62f112cf01e1120988bfba6a1bac2c04aa6344d6e7f893bb90814a5b
2023-03-21 18:05:43,True,2.585e-10,7.627e-13,400000000.0,0.003,0xd6...f1f4,https://bscscan.com/tx/0x5846cbe6ea7a70f354265b2923f998e1faf860a58fb9988cfe4423ffab62d3fc
2023-03-21 18:05:06,False,2.561e-10,7.589e-13,275595720106.0,2.09174,0xb9...3907,https://bscscan.com/tx/0x11545986f952aa608b265da8e016ab3faf3e9d1032e9da2c825fe5a761db2966
2023-03-21 18:05:03,False,2.561e-10,7.59e-13,19935545496.0,0.1513,0xb9...3907,https://bscscan.com/tx/0x2109f1869cce2d450b57c119d67e667320a6270f25fb72e24cf7effc1a7a6a4b
2023-03-21 18:03:51,False,2.574e-10,7.59e-13,23084514396.0,0.1752,0x4b...b273,https://bscscan.com/tx/0xb4679692493466d01f7c389d67b485204c04a0c0eaaa10d310c2f5dad6aafa11
2023-03-21 18:03:48,True,2.587e-10,7.628e-13,72032815797.0,0.5495,0xf3...d84e,https://bscscan.com/tx/0xbd0432250647b57198ce0a2716db368683caca79629acddb02877e882b2954e0
2023-03-21 18:03:03,False,2.56e-10,7.59e-13,24526971194.0,0.1861,0x30...275b,https://bscscan.com/tx/0x13887755260ed59f76ef003b4c58a60cb57039b54e494d34228f1a4a1b3765b5
2023-03-21 18:02:45,True,2.573e-10,7.628e-13,802037020.0,0.0061,0xac...56a2,https://bscscan.com/tx/0x9730a81deb76b1679a852d1c4f41d6dcd6e14a864b653421a71febb164c2a713
2023-03-21 18:02:42,True,2.573e-10,7.628e-13,4812143003.0,0.0367,0x97...93b0,https://bscscan.com/tx/0xe69e54e72beebc789f6baea63b0e61135530517c05379eaa7a1e2433682e24de
2023-03-21 18:00:15,True,2.573e-10,7.628e-13,45986150965.0,0.3508,0x69...6f65,https://bscscan.com/tx/0x6b0c3a21863a61b863b3e978cc2171582bc7427ddf301f1d965be6dca007f099
2023-03-21 17:56:36,True,2.588e-10,7.628e-13,2493940948.0,0.019,0xc6...2a5e,https://bscscan.com/tx/0x0edfc4756efc54dcbf7b8015b0a21ca5801bfd01925d850bc57eb63292be71b2
2023-03-21 17:56:15,False,2.576e-10,7.59e-13,233366696396.0,1.77138,0xb9...3907,https://bscscan.com/tx/0xac61ea77eb724a031fdd385147f082c99ae0ef2883dd381da0b3cc2c9af4cdd6
2023-03-21 17:56:12,False,2.576e-10,7.591e-13,32759585233.0,0.2486,0xb9...3907,https://bscscan.com/tx/0xf2b93cdd022ff2e3b779ab1d1f148f1edafdec73dca832911b205afb2b4da726
2023-03-21 17:56:06,False,2.576e-10,7.591e-13,525176556800.0,3.98713,0xb9...3907,https://bscscan.com/tx/0x8f4ccd58eb74a332b597ea9fec546ca16e0e923b644407ae12822fbf9daefb98
2023-03-21 17:55:00,False,2.563e-10,7.592e-13,252900000.0,0.0019,0x5c...ccb1,https://bscscan.com/tx/0x02b98d7b43aefd9051fb3606054b7e1e79f54eaeffeac28109e0369c15934087
2023-03-21 17:54:36,True,2.575e-10,7.63e-13,6326494829.0,0.0482,0xf1...1ec7,https://bscscan.com/tx/0x35602a8758d8286b78628dd8005c068179e2e78975dbd7c2b247da4760477cc0
2023-03-21 17:54:15,True,2.588e-10,7.63e-13,12436703612.0,0.0949,0x72...9228,https://bscscan.com/tx/0xd53f4644f4681c9ed766ae5ca57adcec4982b489bbe156463248b1060b6b509f
2023-03-21 17:53:04,False,2.575e-10,7.592e-13,12472219156.0,0.0947,0xbb...462b,https://bscscan.com/tx/0xb2966ca947426e7e26f411eae1745c63811ab38699744f3a67b31d1a136a4528
2023-03-21 17:50:49,False,2.575e-10,7.592e-13,4842667383.0,0.0367,0x2c...0afa,https://bscscan.com/tx/0x01d8a731baf0d04064e3df1a4cfe212dd35d3db16a572830be48254002ea669d
2023-03-21 17:50:25,False,2.562e-10,7.592e-13,22123068248.0,0.1679,0xaf...6538,https://bscscan.com/tx/0xbaea068cf1b40f9a9460354c30a1a5b2768e5ba791823e8a2d4cc6be212f8538
2023-03-21 17:48:58,False,2.574e-10,7.592e-13,7436809080.0,0.0564,0x19...b1b1,https://bscscan.com/tx/0xa2d06d434767d9454759ef162d553cd6787783805a421c42a74688f06e9f72f8
2023-03-21 17:48:37,False,2.574e-10,7.593e-13,54048252900.0,0.4103,0x7b...9bc7,https://bscscan.com/tx/0x821277bdd1f65302f6c373865b65254c87b6bc8bbf120bab2c3592b3110d585c
2023-03-21 17:46:06,False,2.576e-10,7.593e-13,18000000000.0,0.1366,0xa7...27f2,https://bscscan.com/tx/0xa1a869ea44386bb6ad46b747d8b49a710427b0ccf610882b7f9d86a599f3accd
2023-03-21 17:45:57,True,2.589e-10,7.631e-13,8517534663.0,0.065,0xd4...12dc,https://bscscan.com/tx/0x605fe0889e19a46ccd2d65be04317131a36b286c536f139b44da6b646077fe51
2023-03-21 17:45:00,False,2.577e-10,7.593e-13,1800000000.0,0.0136,0x58...ba17,https://bscscan.com/tx/0xb97bf403be224cfa379a174466184f14fa868fef4e4431f4987d6c170ca946f6
2023-03-21 17:41:30,False,2.565e-10,7.593e-13,8948942958.0,0.0679,0xfe...24b5,https://bscscan.com/tx/0xe049f47f97db74ad51b9dd86d58a43f67e5674efca1231779933ffec39cc4e8a
2023-03-21 17:40:33,False,2.578e-10,7.593e-13,100758400074.0,0.7651,0x2a...6d22,https://bscscan.com/tx/0xfa62326e6def08e3f1e02b78293ffe9b01d2d3f4ba83d8306833b9f9939ce820
2023-03-21 17:40:33,False,2.578e-10,7.593e-13,45729153344.0,0.3472,0xbc...7887,https://bscscan.com/tx/0xf69f4315c76f4a7f1e76e20b3dcd892b9a4831827f205f5735bb82b953271fb1
2023-03-21 17:39:06,False,2.567e-10,7.593e-13,134676320596.0,1.02273,0xb9...3907,https://bscscan.com/tx/0x1c1d24da2b0085ad6d9e343c7d2cd6829f0bb5136738c3ea05b15503895f5748
2023-03-21 17:39:06,False,2.567e-10,7.594e-13,194008304498.0,1.4734,0xb9...3907,https://bscscan.com/tx/0xe25c5153902847346fef789e07ec08d60943400a00277bb3c2d97e57e66c3e52
2023-03-21 17:36:54,False,2.576e-10,7.595e-13,97615245725.0,0.7413,0xf7...cf8f,https://bscscan.com/tx/0x1920678dbd7d204281a3259086b81dbff533b82160e059e4d0bb76dc70d86137
2023-03-21 17:35:51,False,2.571e-10,7.595e-13,42713600711.0,0.3244,0xf3...e19a,https://bscscan.com/tx/0x7f209798e263b8fae4969f2fea3e1ffd40baa2f5522ed4cd32fc31f98da964e2
2023-03-21 17:35:33,True,2.571e-10,7.633e-13,1546859175.0,0.0118,0xd0...4d36,https://bscscan.com/tx/0xdb2611494ffff0dc111298953ce913146a9b60aa09efef9dd4d0120da194a621
2023-03-21 17:33:27,True,2.571e-10,7.633e-13,694674565.0,0.0053,0x15...4042,https://bscscan.com/tx/0xfb53b9ecf37cb0e06d9ad12889e78e1cf737e081711d4fcdf5fc9407d47bbc54
2023-03-21 17:33:06,True,2.587e-10,7.633e-13,161005000.0,0.0012,0x58...26ec,https://bscscan.com/tx/0x9f0e4791cf87b6f0984cc0c54c0ff35c23f984c66af1244d5246ee39fcb1a7d7
2023-03-21 17:29:03,False,2.562e-10,7.595e-13,8780793846.0,0.0666,0x60...4ed8,https://bscscan.com/tx/0x5df3000953cfdcf036d43db7a18db2fe116c216503121517ed9f37aae2c58d27
2023-03-21 17:28:15,True,2.585e-10,7.633e-13,11000000000.0,0.0839,0x6d...9025,https://bscscan.com/tx/0xda1bbca017ddf81667947a487233a46ba44b3cb5960ff4b93f18a6e1cdeb7911
2023-03-21 17:27:57,True,2.585e-10,7.633e-13,54405651411.0,0.4153,0x45...7ebb,https://bscscan.com/tx/0x390483ec871868c57f2d732e81214834ca312d451bf56638aade2a4334c50354
2023-03-21 17:27:15,True,2.585e-10,7.633e-13,394398069.0,0.003,0x6e...7427,https://bscscan.com/tx/0x4debf49d452daa4bb97ba01aa58d8457ce097031913a8d64606501bd78f9d54a
2023-03-21 17:26:00,False,2.571e-10,7.595e-13,8780795959.0,0.0666,0x60...4ed8,https://bscscan.com/tx/0x58134b539d5dc39800179a2e6e9c1ec131bef5b2c5c78ad955a1d1353f7fcea9
2023-03-21 17:25:36,True,2.584e-10,7.633e-13,10873440641.0,0.083,0x5a...bc09,https://bscscan.com/tx/0x55b86b3ef2705d37acb0e4c6828fb6fde6934e14b3aee1311bc5f4cc6635716d
2023-03-21 17:24:57,False,2.57e-10,7.595e-13,11486975141.0,0.0872,0x6f...5772,https://bscscan.com/tx/0x98cd5e858f3f74ccfc76c034d39a108fd5ee45a7f2bdae09e820aea9f24f99bf
2023-03-21 17:24:57,False,2.57e-10,7.595e-13,53650914773.0,0.4074,0x41...e20a,https://bscscan.com/tx/0x90ddee23f10c0aff9cc95dfcca01cf2c605c708049697d41449e17c0222e7468
2023-03-21 17:24:15,False,2.571e-10,7.597e-13,1070975613980.0,8.13643,0xb9...3907,https://bscscan.com/tx/0x17cf1c16a981cf67f6a87f606bf5a283328e44cc66cfd7193d2bb7a883135bdf
2023-03-21 17:23:45,True,2.584e-10,7.637e-13,1258597325.0,0.0096,0x6e...7427,https://bscscan.com/tx/0xe690aed9873ee4e653e0c3d81e3efd9b48d6c7600cf4a64ce14c66aa6db3f634
2023-03-21 17:22:18,False,2.558e-10,7.599e-13,446064946997.0,3.39002,0xb9...3907,https://bscscan.com/tx/0x09219f0ef285ba57f1c020c2627341eebd25ee5123b161cb43947a7a1577f549
2023-03-21 17:20:30,False,2.559e-10,7.6e-13,474401501.0,0.0036,0xcf...7438,https://bscscan.com/tx/0xdf4aa6ee524fdb524ae9ca015301fb7398dcc27b9d882cb4594f961884cefb5b
2023-03-21 17:20:06,False,2.559e-10,7.6e-13,9521559264.0,0.0723,0x86...64f8,https://bscscan.com/tx/0x00ad54c9b8cfd1db9c7a78e2a7d55965a399dfbf54c4677d11c253a3682c809d
2023-03-21 17:19:00,False,2.556e-10,7.6e-13,2371639958.0,0.018,0xcf...7438,https://bscscan.com/tx/0x84c9cfa094799a7f55f04ae5613a064de6dfeb78c283ecce535414ce823767de
2023-03-21 17:16:36,True,2.58e-10,7.638e-13,18664489356.0,0.1425,0xb0...e13e,https://bscscan.com/tx/0x25ef1a69cbfa4d1d50b6fe6743c0a62179e8a946cd4594a0507924a4fbc9b0e3
2023-03-21 17:15:27,True,2.567e-10,7.638e-13,2068408948.0,0.0158,0xd6...92d4,https://bscscan.com/tx/0xd44121456752da64583afd4bfe613c07d955c5e2c2e576e375bdb67eeebad831
2023-03-21 17:10:02,False,2.553e-10,7.6e-13,8083008001.0,0.0614,0xa5...761a,https://bscscan.com/tx/0x3c314fb710c581882df4d74364a9d4ff2a56b70236c1311aa89aefe2c012494b
2023-03-21 17:09:14,True,2.578e-10,7.638e-13,3000000000.0,0.0229,0x94...2877,https://bscscan.com/tx/0xa46a3658f1fd6981e317b60c73f1f77d6f1c28be2b565f1105973a2f24ac4930
2023-03-21 17:09:11,True,2.578e-10,7.638e-13,9354620513.0,0.0714,0xe0...ff97,https://bscscan.com/tx/0x8c8c2df1b141ca6a320fedb5c89a2135569817c18ca3cf45711c00b0a4249f62
2023-03-21 17:08:32,False,2.564e-10,7.6e-13,1800000000.0,0.0136,0x48...3e17,https://bscscan.com/tx/0xc1f6a6c41cbe5b52701bed8f99be2d8267f6a6953260a3cddbf45c9eeeffa4cd
2023-03-21 17:07:08,True,2.578e-10,7.638e-13,110000000000.0,0.8402,0x94...2877,https://bscscan.com/tx/0xc28e4c69dc61d059c519279425edcefbb8dd6764e761e96a13fd916ef743a01b
2023-03-21 17:06:56,False,2.565e-10,7.6e-13,8289119148.0,0.063,0x05...7c11,https://bscscan.com/tx/0xc40bff48587e4cab179487f14a4e0549e428a81dc7fd14abd605ec4b1b996118
2023-03-21 17:05:44,True,2.577e-10,7.638e-13,12000000000.0,0.0916,0x18...0f4b,https://bscscan.com/tx/0xf72ab4f27dc5ffc70cdf7e47c29a10021091b95a36f4f31cdce69e10079553e4
2023-03-21 17:05:23,False,2.564e-10,7.6e-13,6750000000.0,0.0513,0x48...3e17,https://bscscan.com/tx/0x9b2d41be9db02b0ccb4d473e2a845035f052ccb7d3a4dd6ca842d328b5069203
2023-03-21 17:04:08,False,2.553e-10,7.6e-13,1197506452.0,0.0091,0x5d...a2f1,https://bscscan.com/tx/0x62f837423695435eb463a85a387e569d0e4ab60433411d2dd3b25dd43d6e3d34
2023-03-21 16:55:11,False,2.552e-10,7.6e-13,161699321528.0,1.22899,0x09...3666,https://bscscan.com/tx/0x1b94ac27f016501720e1a1aad8685b419328922e69c37ebf1a7bc30692864f73
2023-03-21 16:51:29,True,2.563e-10,7.638e-13,764642701.0,0.0058,0xce...a84c,https://bscscan.com/tx/0x3276d2825d800e7ec498135c529134beab665d22ae9bbd755693ebc3927c91eb
2023-03-21 16:51:14,True,2.563e-10,7.638e-13,6328563419.0,0.0483,0x15...4042,https://bscscan.com/tx/0x3595f733cf40d1907c78c27f8f2726a526b8c3eef520472f75ae97cf09d1fdec
2023-03-21 16:50:47,False,2.551e-10,7.6e-13,45003247723.0,0.342,0xe7...dfaa,https://bscscan.com/tx/0x10cb68a3360674eb8abbfde3a86bb9d6c15999df90053e2bb56c3746412434ab
2023-03-21 16:50:23,False,2.551e-10,7.601e-13,160694596350.0,1.22147,0x6a...e87c,https://bscscan.com/tx/0x4f79f5fe4092da49eea25e2dc84840e03447aab517de33db8980a9e6fa7cacba
2023-03-21 16:50:17,False,2.551e-10,7.601e-13,54000000000.0,0.4104,0xa4...8f3d,https://bscscan.com/tx/0xd5810929312d826f58239a6edc23139a81d6a0ec3f79ad49c805367141faa8c1
2023-03-21 16:48:17,True,2.575e-10,7.639e-13,87689287745.0,0.6699,0xde...d786,https://bscscan.com/tx/0x94c4e8bfcc8b1a5aad4bb4492a5fb39a6270dc85eca42a089ba241ac16f674a0
2023-03-21 16:47:29,True,2.563e-10,7.639e-13,5513710828.0,0.0421,0xd5...b26e,https://bscscan.com/tx/0x328e3b5dbdcd74415dc3c311cd28c273e1e0b400db80a87acbeac65ffee787fe
2023-03-21 16:46:47,False,2.55e-10,7.601e-13,76484871239.0,0.5814,0x33...07fa,https://bscscan.com/tx/0xe738d4fc1c200f9a32599956be1b9d9bc1a03cafb958811777b37c56d18d8d5a
2023-03-21 16:45:41,False,2.553e-10,7.601e-13,14421746335.0,0.1096,0x12...52d2,https://bscscan.com/tx/0x02ef7cf3c3b351edc0c8b23ec09a2c624efbf89ff691b4aeee58fb2291bacb21
2023-03-21 16:45:23,False,2.566e-10,7.601e-13,76484869750.0,0.5814,0x33...07fa,https://bscscan.com/tx/0xbe1a0c39cf8e2b608c91707622cc848b36b2fc140caac68327fd58bf656dc668
2023-03-21 16:44:35,False,2.565e-10,7.601e-13,1211075910.0,0.0092,0x78...d056,https://bscscan.com/tx/0x67f1882b3ff50782bb9f777fb8a5c2e9c3f312f53aa3ffbf6ff496a1a8a1060d
2023-03-21 16:42:02,False,2.566e-10,7.601e-13,4122924017.0,0.0313,0xe5...fb35,https://bscscan.com/tx/0x5e7c198cbd90d8970fbb36ceefdf31fcb122a05cdeadac9727ec6168b01a110c
2023-03-21 16:40:11,False,2.554e-10,7.601e-13,1436228694.0,0.0109,0x8e...caf8,https://bscscan.com/tx/0xa005b237ecd0583f736c289eedb0196e733f5f4ab4f6ffb3b6dfda809aa8a0cc
2023-03-21 16:37:50,True,2.579e-10,7.64e-13,11700000000.0,0.0893,0x33...71e7,https://bscscan.com/tx/0x9d2471ed022f4907e296c74a093cc3ceb2213d2c91ab158bf0edaf99c74b511b
2023-03-21 16:37:08,False,2.553e-10,7.601e-13,14135527256.0,0.1074,0x81...2a84,https://bscscan.com/tx/0x83423f515e564df2cb71fca22fe46fa424288753f2d9ebbde8131f847f89e0fe
2023-03-21 16:33:45,False,2.55e-10,7.601e-13,811800792.0,0.0061,0xd4...36f5,https://bscscan.com/tx/0xee65c25f68b792bbdf94ff6a0a886c36953a03d359cb43e3a23f38da8b853ab2
2023-03-21 16:31:15,False,2.562e-10,7.602e-13,61200000000.0,0.4652,0x96...478b,https://bscscan.com/tx/0x33bf388c5da9934fcf00db5745c309bd98817d175005419aa234b1442cc54d62
2023-03-21 16:31:09,True,2.575e-10,7.64e-13,2258075669.0,0.0172,0x92...0117,https://bscscan.com/tx/0xd403ddb48b25266c5af33fac4350c94953589a8ea724fac4f69be851ee0b7966
2023-03-21 16:29:54,False,2.549e-10,7.602e-13,49500000000.0,0.3763,0x20...a418,https://bscscan.com/tx/0x8f870c2a24f8ea3c71e31e4aad8d749ae4dbec137cdacc4b3ad7b8b180e265f8
2023-03-21 16:29:51,False,2.549e-10,7.602e-13,50655543865.0,0.3851,0x38...a5e8,https://bscscan.com/tx/0xa33978bfcbd844ab601d5756f289ac390e2450ea05461494080694c70c0bd45e
2023-03-21 16:29:09,False,2.562e-10,7.602e-13,27368863773.0,0.208,0x29...9a8c,https://bscscan.com/tx/0x37efabd482e3be070c42c12bd774ca3e30a62fc6f74f3fb140b50d0a92861759
2023-03-21 16:28:36,False,2.549e-10,7.602e-13,4786838898.0,0.0363,0x38...75da,https://bscscan.com/tx/0xcbb9a9305a063936da6a74fc4e06f6f893e05a3a28e872941a6b2c86c6059e83
2023-03-21 16:27:39,False,2.548e-10,7.602e-13,16200000000.0,0.1231,0x71...8062,https://bscscan.com/tx/0xa86501c70dfdc96b1eca106d16f5268c2185b8335a58e98bb1f7d352ebdfdc17
2023-03-21 16:26:30,True,2.56e-10,7.64e-13,392629484.0,0.003,0x85...5ef0,https://bscscan.com/tx/0x93a73b23e389b99ee22d3d58f5d1adfb77b0b1c081a5c7c91f46a484de014688
2023-03-21 16:25:54,True,2.56e-10,7.64e-13,872927901.0,0.0066,0xa0...ca3e,https://bscscan.com/tx/0x508becb3ac9f7ac05dfb2f9796033574083f3fdc815cdff4b68b9e1b6bd791a9
2023-03-21 16:25:24,False,2.545e-10,7.602e-13,4476970189.0,0.034,0x37...33a2,https://bscscan.com/tx/0x17755e6619b50e194ef0c03ab70b1e3f08cf4b80c950dd59390d7e8d00b1b66c
2023-03-21 16:23:09,True,2.567e-10,7.64e-13,11980111979.0,0.0915,0x77...6d06,https://bscscan.com/tx/0xd77f9ffc5b7ac43a8f0a40824d183d6ad9fbaa6029a1e28500857661955fd770
2023-03-21 16:23:00,True,2.567e-10,7.64e-13,47035134232.0,0.3593,0xa9...61c4,https://bscscan.com/tx/0xf42f6140d8e3af822168aee751f32054502286786d65e94c842741a3a7f0081a
2023-03-21 16:22:03,False,2.555e-10,7.602e-13,2559515740.0,0.0194,0x9e...45f6,https://bscscan.com/tx/0x098b56cffcd692c910a804fd8f9e1f816a08098c98400c90323f3823398519dd
2023-03-21 16:21:18,True,2.573e-10,7.64e-13,11779000000.0,0.09,0x41...a9ac,https://bscscan.com/tx/0x9d09ae971395531a8b091c22b946033fac7d6a3829c63e6d274aa357422ad1a6
2023-03-21 16:20:30,False,2.56e-10,7.602e-13,62988967578.0,0.4788,0x05...7066,https://bscscan.com/tx/0x7830492183122eff97bdffe34ce69b32d8dee062ab6e03bacc2a0a328cd22585
2023-03-21 16:20:24,False,2.56e-10,7.602e-13,122901822532.0,0.9344,0x05...7066,https://bscscan.com/tx/0x1f3efa8f1f337322792c01dc858b68f451ca2672f1f4fb1f92d99a4b6b8c4465
2023-03-21 16:20:03,True,2.572e-10,7.641e-13,26000000000.0,0.1986,0x59...7a82,https://bscscan.com/tx/0x74eb23e67d12369d8209b4e7bfccd00c0144b26701c577c9e190f788dc268287
2023-03-21 16:19:48,True,2.559e-10,7.641e-13,9161020001.0,0.07,0x90...e403,https://bscscan.com/tx/0x10345f3e58d6b30c17b31e571172b5a7e3fd0c310b606bd021ce13a9d9b97d99
2023-03-21 16:19:36,True,2.559e-10,7.641e-13,10228268188.0,0.0781,0x98...d669,https://bscscan.com/tx/0x2c4cf748421c660395f8d891d7e5aa78eeaaaf93a5f664482b6dbad9a7960da1
2023-03-21 16:19:27,False,2.559e-10,7.602e-13,3149458599.0,0.0239,0xd8...e83f,https://bscscan.com/tx/0x5e589f62cbbe0af86f2daf8138ea60ebd5ded2fbd9855041d3dfcfdf15a4b6a1
2023-03-21 16:19:24,True,2.572e-10,7.64e-13,447627351754.0,3.42,0xc7...cc70,https://bscscan.com/tx/0x55ae995dbde458d435ded281cab8e19f0bf21e01d433fa0d9eac6879c0c17d3c
2023-03-21 16:18:21,True,2.572e-10,7.639e-13,77544664585.0,0.5923,0x60...5889,https://bscscan.com/tx/0x0c903fcab45cf5c56062f273e12ed095615e7c0eb3d8a2f4d16701c48fcf3bb1
2023-03-21 16:17:51,True,2.559e-10,7.638e-13,387157659105.0,2.95733,0x01...02e9,https://bscscan.com/tx/0x1316c340ab0f00d458f5d40e41f8e357757feaae6fee6cb74d1b514d78e0a39c
2023-03-21 16:17:12,False,2.546e-10,7.599e-13,7387252326.0,0.0561,0x94...1839,https://bscscan.com/tx/0x8ffa83ed09825e4ebda481bb797b3198d674cc067dbdb9529597d59234294231
2023-03-21 16:16:57,False,2.546e-10,7.599e-13,28370840799.0,0.2156,0xb3...0f71,https://bscscan.com/tx/0x8c5d6c7b10b747a928ac1c471840be3f8e6071f16f68f159ecdf8c93d75f8766
2023-03-21 16:16:57,True,2.559e-10,7.638e-13,1309234983.0,0.01,0x3d...90c1,https://bscscan.com/tx/0xb38fa17e45715cb153d1f11838b6c58fc58279072a8ac3de594e1343fc9d82ad
2023-03-21 16:16:15,False,2.547e-10,7.599e-13,3807806163.0,0.0289,0x2e...3ac8,https://bscscan.com/tx/0xe5d0ea7c5f0089b0429bc8c022b9f59e6935a60a33fb896c1ea9771211bdc77d
2023-03-21 16:15:33,True,2.56e-10,7.638e-13,4000000000.0,0.0305,0xcc...f7f7,https://bscscan.com/tx/0x2615edf07f1742e7d8c8b0186707321ce252195b02a9a8214d682dbd5915449e
2023-03-21 16:10:03,True,2.557e-10,7.636e-13,585309415825.0,4.47,0x1b...32a6,https://bscscan.com/tx/0xa760a25b87bf0b54ceb8f226ec16f7821d967fa35079516800211291c53d1bc8
2023-03-21 16:09:06,True,2.569e-10,7.635e-13,6986792981.0,0.0533,0xc0...4d52,https://bscscan.com/tx/0xe42e8ca580a227877e5ccb8c045ccf82415c82a8eb2d1641c665a7ebb38c1a58
2023-03-21 16:06:51,False,2.544e-10,7.597e-13,22511819787.0,0.171,0xe5...1c02,https://bscscan.com/tx/0x2ea08d49c3405bc0cf0428c5603ea5da9ea8b9ce5bdc903f518a5de4dccc8baf
2023-03-21 16:06:45,True,2.556e-10,7.636e-13,3063582042.0,0.0233,0x1b...08fc,https://bscscan.com/tx/0xf188b863012f6a0e9733c2351ee39fe76336a5e8122c25a6919b5de11e8dbac5
2023-03-21 16:03:33,True,2.569e-10,7.635e-13,11786288353.0,0.09,0xb1...9d3f,https://bscscan.com/tx/0xbcf6da00695d29d0569bc5e2b889bfb2fa50a04d28de15031e457240d547316c
2023-03-21 16:03:00,True,2.569e-10,7.635e-13,13095900001.0,0.1,0x90...e403,https://bscscan.com/tx/0xdd1eb4e03b4269952c54947451db2cd94290fcc60f759bdfd74f9fe23091db94
2023-03-21 16:02:36,True,2.555e-10,7.635e-13,7110937249.0,0.0543,0x93...eb2d,https://bscscan.com/tx/0xc0c8de7b8700b43a97c00b43d4df61818c1d680f77bcbd6275673768ef5dbbb9
2023-03-21 16:01:21,True,2.556e-10,7.635e-13,400000000.0,0.003,0xd8...f71f,https://bscscan.com/tx/0x98381b2be592043ea6f2c47320731a929a28559da5e6f25e6757595b2cb1bafb
2023-03-21 15:59:48,False,2.557e-10,7.597e-13,9695964940.0,0.0736,0x5e...2c87,https://bscscan.com/tx/0x8de9eb1fe6728133bbffded73111d1639df78ff9f2dee6b107620aad2a729389
2023-03-21 15:59:00,False,2.544e-10,7.597e-13,65789241217.0,0.4998,0xd9...b830,https://bscscan.com/tx/0xb17dbc8722b2efa201519249de16d259f27f97f970234b34debb2df05272d74d
2023-03-21 15:58:00,True,2.569e-10,7.636e-13,7797940001.0,0.0595,0x11...60ed,https://bscscan.com/tx/0xc455f0d6537409c3703e26e72b4d924c19d904f373f5b6d4088812547b28aaee
2023-03-21 15:57:54,False,2.556e-10,7.598e-13,6750000000.0,0.0512,0xa9...e145,https://bscscan.com/tx/0x6929df4cc8ca4eb062b2dd57eedd60c45e14f07034d7de85ab59ab97c4fabe3c
2023-03-21 15:57:48,True,2.569e-10,7.636e-13,1849018188.0,0.0141,0x1b...08fc,https://bscscan.com/tx/0x6a83fccb43908d6f485e2845fa624dd566776b4a73d5d7fae54f88d5f214f46a
2023-03-21 15:56:20,True,2.569e-10,7.636e-13,28810500001.0,0.22,0x90...e403,https://bscscan.com/tx/0xba2a9183731369c3568556446525daec64ac6f100ecee0d583004dba84ceeb4e
2023-03-21 15:55:28,False,2.544e-10,7.598e-13,72000000000.0,0.547,0xe7...d74d,https://bscscan.com/tx/0xe0fd5f748335325b0df7bbacc16ef45230bf123102cca1215d6d86dc28606913
2023-03-21 15:54:17,False,2.544e-10,7.598e-13,11216007364.0,0.0852,0x11...0e94,https://bscscan.com/tx/0x8ca537ecf05fc5b85d99dfa50e613514965047a4f70805bbf12e0024a4306f6c
2023-03-21 15:53:10,True,2.57e-10,7.636e-13,16766287039.0,0.128,0x59...f7d7,https://bscscan.com/tx/0x46011f5bca1d4fbadfff9a9906adcdb9818a885e295ab4f7b252224849306a8e
2023-03-21 15:51:18,False,2.545e-10,7.598e-13,14622004606.0,0.1111,0x2a...487a,https://bscscan.com/tx/0x4a0724a6338d8fb9e7c01890d61ea135b4fe13ec697cafb0b16ce21d6c0e3851
2023-03-21 15:51:03,False,2.545e-10,7.598e-13,1711029313.0,0.013,0xb3...273b,https://bscscan.com/tx/0x2dcd8621ab8dc85fbeb356c6c1cba92a9e2297d5f21da6367bb60eea880ddce7
2023-03-21 15:50:30,False,2.557e-10,7.598e-13,18243932092.0,0.1386,0x15...43cc,https://bscscan.com/tx/0x5c5a84b43b850fa147fb9dc4917334c7e3c5b6fba190c0204ab8db07c53237d0
2023-03-21 15:48:33,False,2.546e-10,7.598e-13,65882768848.0,0.5006,0xed...e84e,https://bscscan.com/tx/0x952cf3f6fbfdd16215b33cfd56541e291db2e5f63ef10856ab95c148a3e095d0
2023-03-21 15:47:42,False,2.546e-10,7.598e-13,12012450062.0,0.0912,0xcd...aa28,https://bscscan.com/tx/0x747dde72b4efad93c077e247241791e423d593195f5ed4d25c0d6dec0e5e0aaf
2023-03-21 15:45:12,False,2.546e-10,7.598e-13,17325052182.0,0.1316,0x6e...5606,https://bscscan.com/tx/0xd2cc396db649e0159f8706b380cd4afb50507dd5e17ee9c74f71baa39b23bafe
2023-03-21 15:44:15,False,2.559e-10,7.599e-13,269904375778.0,2.05102,0xb9...3907,https://bscscan.com/tx/0xb57744efdd654df542f62ba13a316a0a8dc848cf4cef759ca3c8aded9ee52a37
2023-03-21 15:43:03,False,2.559e-10,7.599e-13,184782483566.0,1.40432,0xb9...3907,https://bscscan.com/tx/0xf5f5439366df6788ed6501668aad0c4524610f4565602d0f1d1b034d62c972d2
2023-03-21 15:42:12,False,2.546e-10,7.6e-13,193994137007.0,1.47445,0xb9...3907,https://bscscan.com/tx/0x1d025a81a536ba7fc5bd19ad8676342097b4dc43d22b391fc4faefdfeeb41f39
2023-03-21 15:41:51,False,2.558e-10,7.6e-13,27000000000.0,0.2052,0x10...94f5,https://bscscan.com/tx/0x9781697f528d772d0d7803cc090aa8d314530bdd466df1dd8e69e851678f5922
2023-03-21 15:41:12,False,2.559e-10,7.601e-13,262476312655.0,1.99518,0xb9...3907,https://bscscan.com/tx/0xdde5cebcca6f68f0ff1f5e0a0a2fdcb75e675a7d4db3672294dcf731f50dd11f
2023-03-21 15:40:09,False,2.558e-10,7.601e-13,27000000000.0,0.2052,0x10...94f5,https://bscscan.com/tx/0x10f7bbb305ed3fd7845827156ff1c6cc44e97b949922fe3cb765548d061ebd7f
2023-03-21 15:39:09,True,2.57e-10,7.64e-13,2632556428.0,0.0201,0x8c...c58a,https://bscscan.com/tx/0xe4e7a3600cc3619d140155df9d5cc89ae18f53338fc96a9841bdfcdb3c8fbb6e
2023-03-21 15:38:27,False,2.558e-10,7.601e-13,39368251825.0,0.2992,0xaa...0ea1,https://bscscan.com/tx/0xaf13251593d6a37ab6c1d5da8e0c9a337955cd2e4014dd51c6f9f0269463533d
2023-03-21 15:37:33,True,2.57e-10,7.64e-13,5104576574.0,0.039,0xe1...5d7b,https://bscscan.com/tx/0x63d0bdf178d92c88eb5ba3dedf5a9a1ffdf16adaf72e8f5765744b30d0defcb8
2023-03-21 15:37:27,True,2.57e-10,7.64e-13,1832550000.0,0.014,0x0a...1d63,https://bscscan.com/tx/0xd8ed849d340b535b2ed2c9b80aa56f935bac61dc9c1e1deb2fb1bd06c2d89e7b
2023-03-21 15:37:00,True,2.557e-10,7.639e-13,164923625667.0,1.26,0xeb...2e5e,https://bscscan.com/tx/0xc479950fcc3829aca162ea430af5a9de12867abd1e10d8906b0bd1a0b52d9b6c
2023-03-21 15:34:45,True,2.557e-10,7.639e-13,2487038340.0,0.019,0x94...190d,https://bscscan.com/tx/0x0a5019bff4a3384a82ce025bb4ed56d0647c5edd36ae3ddf6b54988df65d7f7a
2023-03-21 15:34:24,True,2.571e-10,7.639e-13,18569635740.0,0.1418,0x83...055b,https://bscscan.com/tx/0xe2a1c1f0ea3c901c7e91b5098ed51732b098f1fad90c9c47e9b123e089e99640
2023-03-21 15:33:21,True,2.569e-10,7.639e-13,6865280989.0,0.0524,0x10...bf1a,https://bscscan.com/tx/0xc2db8a92fab052bddbe0ad2817999385e76d9b0a875f7a1bfea3a19437569b28
2023-03-21 15:30:42,False,2.555e-10,7.601e-13,72773659016.0,0.5531,0x05...358a,https://bscscan.com/tx/0x6aed2c1cabbfc0068538be83d0ce81ff9228469d9add48280acab9171656719d
2023-03-21 15:29:48,True,2.568e-10,7.639e-13,15499004829.0,0.1184,0xd4...584e,https://bscscan.com/tx/0xbbb9f1b9473a077c111133bbeffe041f46d20223aaefdbc8c9d6e7d0f01b517b
2023-03-21 15:29:42,True,2.555e-10,7.639e-13,2725337709.0,0.0208,0x46...5673,https://bscscan.com/tx/0x5ced665c74953e35c5dc8deb3a710e9af6803bd974c247c3046bfdd337ce3191
2023-03-21 15:27:48,False,2.556e-10,7.601e-13,40592813603.0,0.3085,0xc5...4813,https://bscscan.com/tx/0x940186d9e486a0c18243997edf7469a9c5283578707bbced570774925127ba1f
2023-03-21 15:27:39,False,2.556e-10,7.601e-13,9000000000.0,0.0684,0xa1...2584,https://bscscan.com/tx/0xf0b79c134b9ecea5ed00f14ef74d790c124a9a98b4a3b0900f22c85a3ef02ae1
2023-03-21 15:26:09,True,2.57e-10,7.639e-13,35856019703.0,0.2739,0x5e...795b,https://bscscan.com/tx/0xe8fb25fcd5dfafb4ef393fd5044f452083b139169d035ec89ecc214e895bef4f
2023-03-21 15:24:54,True,2.562e-10,7.639e-13,5414090000.0,0.0413,0x1f...af4b,https://bscscan.com/tx/0xaea33fd8716de2385dabe363d3eab84a254e82a25d33e3ae4d01f7a9dedbf077
2023-03-21 15:24:39,True,2.562e-10,7.639e-13,100000000001.0,0.7639,0x2d...44f7,https://bscscan.com/tx/0xafa04355e259376856bfd513957eaaee06a5123ca764a09f9ba5926cce675bca
2023-03-21 15:24:03,False,2.562e-10,7.601e-13,41660802063.0,0.3166,0x05...7066,https://bscscan.com/tx/0xab1cf20185970b046aaaa36e332b0a12d3b11a8d6d2ca1aeaa51ff40eb7263c4
2023-03-21 15:21:33,True,2.562e-10,7.639e-13,196355948582.0,1.5,0x5e...795b,https://bscscan.com/tx/0xd52d9421209a82e43278807ccb2d20452cbe5f39bfa33a9648a3bb956d192d95
2023-03-21 15:21:24,False,2.549e-10,7.6e-13,17453132784.0,0.1326,0x83...fb8b,https://bscscan.com/tx/0xeee95dc81ceb497f3fff7ecbe8b0107fd157464710576a378081a36daf2d0b1b
2023-03-21 15:21:24,False,2.549e-10,7.6e-13,70269315310.0,0.5341,0xb0...b1f5,https://bscscan.com/tx/0x4693289ae1f7f74ab615994b3d50de4a7fd01bf45e9cc71151079c195c4ea686
2023-03-21 15:21:24,False,2.55e-10,7.601e-13,8699600006.0,0.0661,0x47...be98,https://bscscan.com/tx/0x7a46b7923019fb9b946ae3012f57d848d549d9e902fd5930171191653ab89e93
2023-03-21 15:20:45,True,2.562e-10,7.639e-13,200000000.0,0.0015,0x52...c8cf,https://bscscan.com/tx/0x729b9acd2a9d053078d2aedfc9671f1d62d4d71e977973ff591dfb013761b151
2023-03-21 15:17:48,False,2.564e-10,7.601e-13,16715927770.0,0.127,0xda...1423,https://bscscan.com/tx/0xe2bde7d6c0db20bb8ef5af92b1148f9dc6e5edc0003922ae13a61f0f7bb2e400
2023-03-21 15:15:18,False,2.565e-10,7.601e-13,56744151678.0,0.4313,0x3a...d32a,https://bscscan.com/tx/0x86c57923c9c8075e372a0d7fea49b395d9a8f15c18f18819515a9cce32553467
2023-03-21 15:14:12,False,2.553e-10,7.601e-13,24944335191.0,0.1896,0xbb...462b,https://bscscan.com/tx/0xa7b54d1376d4a5994b7c2a97173c58c08686b96a1ba9fef77fad1df1163dd254
2023-03-21 15:13:09,False,2.565e-10,7.601e-13,16096108297.0,0.1223,0x83...c4f3,https://bscscan.com/tx/0x895c5504654c76cf208a9977da5af23cdf3ebd7308b3b4b12fd16963d11d2a88
2023-03-21 15:12:51,False,2.566e-10,7.601e-13,48208597884.0,0.3664,0x83...2ec5,https://bscscan.com/tx/0xf044f3d8b3ded8a5420a652bd648e6a34ad0e2650472ae9829d960591b453bda
2023-03-21 15:12:36,True,2.578e-10,7.639e-13,1109969187.0,0.0084,0xad...33e7,https://bscscan.com/tx/0xa21818653735c646bdfd4c34808ef1415e69ea9a0faa60a37060e2fb4c85626f
2023-03-21 15:11:15,False,2.553e-10,7.602e-13,631346230917.0,4.79993,0x61...801b,https://bscscan.com/tx/0x310b507d60b197acda8e98655c5a67a208dc70b915eca6638c98e53a22517704
2023-03-21 15:10:30,True,2.579e-10,7.641e-13,104000000000.0,0.7947,0x24...59dd,https://bscscan.com/tx/0x40dd5e091f61de21d9ad26f6631232b65df4563c098b89a0f3cd064488e0d63b
2023-03-21 15:10:00,True,2.579e-10,7.641e-13,52839201524.0,0.4037,0x9b...2d50,https://bscscan.com/tx/0xabcb2649a16db3cc1059813f1c9936d4fb77b7405af0af6a2ba83b7b49031dff
2023-03-21 15:07:48,True,2.566e-10,7.641e-13,4318590690.0,0.033,0x4f...70bd,https://bscscan.com/tx/0x1bb652207f845f5769d09391fcd366aa94cd582609a0f3996efa5eda3e22a739
2023-03-21 15:05:30,True,2.567e-10,7.641e-13,373000000.0,0.0028,0x2e...4cdd,https://bscscan.com/tx/0xe1e965342775283c7397ff87248203ad33ed11b73deba5196ad410e263c933f8
2023-03-21 15:05:00,False,2.569e-10,7.603e-13,5546250102.0,0.0421,0x68...0af9,https://bscscan.com/tx/0xb003b435128fb5c7355dcd45e086e500943704b64b5fac211322b4206a9b2345
2023-03-21 15:03:57,False,2.569e-10,7.603e-13,17124292985.0,0.1302,0x17...c93f,https://bscscan.com/tx/0x710247300acf1ba5e1a20e524df14ad254e17536aedd05b2e351aea6ccc07a08
2023-03-21 15:03:54,False,2.569e-10,7.603e-13,3681008054.0,0.0279,0xaa...8b73,https://bscscan.com/tx/0xdc1053a2313c2f5bf8eb5b666c638427d3345effd457441fdcfe6e36c9266abc
2023-03-21 15:03:45,False,2.557e-10,7.604e-13,489348826525.0,3.72108,0x05...7066,https://bscscan.com/tx/0x98f06c841c6c84b42a528cd74975280d77406edd78d4462da94872a7c619c9ff
2023-03-21 15:03:30,True,2.57e-10,7.643e-13,2971532707.0,0.0227,0xc2...2a74,https://bscscan.com/tx/0xa3d0609e5b8f72ed7cc0180e1b5aa4630d10dcf6055085cc3d32b53552d704f3
2023-03-21 15:01:45,False,2.569e-10,7.605e-13,10800000000.0,0.0821,0xc5...4813,https://bscscan.com/tx/0x09dd969d886095903a07a5c0e71e3dbcaa9ec8b74e20b148b1ac7a636fa35d7c
2023-03-21 14:59:30,True,2.567e-10,7.643e-13,1440994496.0,0.011,0x4a...db0f,https://bscscan.com/tx/0x6062a25f357a063bf888f421169fd0e95ec713fe33376288d19ed9c8e61cd70d
2023-03-21 14:58:39,True,2.58e-10,7.643e-13,3928971991.0,0.03,0x9a...5ef2,https://bscscan.com/tx/0x406dfffdc570892db9141449e0bd6fe069d3ce694a701659fb1e29927a828392
2023-03-21 14:56:39,False,2.564e-10,7.605e-13,11617473332.0,0.0883,0x2e...06eb,https://bscscan.com/tx/0x6079c1c09c5ac95b84e3c9dfb55412cf608e28c736b71550d001f3846d0dfcbe
2023-03-21 14:54:44,True,2.564e-10,7.643e-13,11601631593.0,0.0886,0xf1...5e0c,https://bscscan.com/tx/0x36e4e990c218562efaa9dc79f61b09e2a05c74f33fb754b8f20f684ac256e4da
2023-03-21 14:54:35,False,2.551e-10,7.605e-13,21052326500.0,0.1601,0xfb...e36c,https://bscscan.com/tx/0xee5f9319cbaf2540f55a531a912bc48a829fff78dc0a905967ad27a7be1f24c8
2023-03-21 14:54:17,False,2.551e-10,7.605e-13,36233161414.0,0.2755,0x8e...7e4a,https://bscscan.com/tx/0x7ce8025ca2f81c99c60d3c8f295b2bf06d2cfa135d50480bf19e4931c531ad78
2023-03-21 14:52:49,True,2.564e-10,7.643e-13,630000000.0,0.0048,0x2e...4cdd,https://bscscan.com/tx/0xe073cd063a21ebff45eb4645f8406c9da09fbbd5ac73cb2b64d2249cb5bc579b
2023-03-21 14:52:05,False,2.551e-10,7.605e-13,1800000000.0,0.0136,0x3a...997b,https://bscscan.com/tx/0x4e43cc47349136b0a1f198ed23525defbce3fbc4b548aea98a2f9d05fdb04a53
2023-03-21 14:51:08,True,2.564e-10,7.643e-13,9930000000.0,0.0759,0x06...164a,https://bscscan.com/tx/0xeb349352693f861574ed846b6905cb1a22647ac318cf3674fcd0d43055f7cc6c
2023-03-21 14:50:26,True,2.576e-10,7.643e-13,42110742753.0,0.3218,0x62...09ea,https://bscscan.com/tx/0xa74169e19fd3f6773efefafa2ab86d6409bd1766dfeb0e7cd2284f7b843bdfde
2023-03-21 14:48:23,False,2.563e-10,7.605e-13,81017902588.0,0.6161,0xac...b955,https://bscscan.com/tx/0x6838ff4054e26416f27cbbf7c2c81bbd9eaa0d681813b4693a4a06cada99c8c9
2023-03-21 14:46:44,True,2.578e-10,7.643e-13,697177533.0,0.0053,0x15...4042,https://bscscan.com/tx/0xcec80ea48ddf50b80e6c5d14f75eb3ff23c7e38171aaf6e6b9cf979795c4358f
2023-03-21 14:45:50,True,2.565e-10,7.643e-13,6410706355.0,0.049,0x46...ae8c,https://bscscan.com/tx/0x32384aacee411ef641f634307b7eb015670c30a0305f72ad609ee3dbea55f1e7
2023-03-21 14:45:38,True,2.566e-10,7.643e-13,34436257632.0,0.2632,0x64...1dd5,https://bscscan.com/tx/0x961b2f28a898cf3b0107a95da04164f79853d12a2b512152d2838d3ae97cfafc
2023-03-21 14:45:26,True,2.578e-10,7.643e-13,1499603320.0,0.0114,0x4e...c13d,https://bscscan.com/tx/0x6502ae2daa758c8fab7f214e636f6e8c867d58079b8dbe8be52f51d1fe159496
2023-03-21 14:43:59,False,2.555e-10,7.605e-13,268125718146.0,2.03926,0x05...7066,https://bscscan.com/tx/0xbf0869c20994723efb54c0a3651ee062844077224ab72370430dcf4cdb6bea30
2023-03-21 14:43:32,True,2.582e-10,7.644e-13,2682508152.0,0.0205,0x91...134c,https://bscscan.com/tx/0xee41eea79a5683ae25c9cb3c19633ea5bb523eb683436f07d80766053dd39caa
2023-03-21 14:43:29,False,2.569e-10,7.606e-13,3367980663.0,0.0256,0x48...0ee7,https://bscscan.com/tx/0xca250a786eea37f066c5f93b637970aa7085c8a8b6b2c02f68fd5dff7f7f7183
2023-03-21 14:43:26,True,2.582e-10,7.644e-13,1794811106.0,0.0137,0x0e...b6a2,https://bscscan.com/tx/0xf84dc8879b9833bc36537f36d6c6e745c4e737982213bfad51b169bb2a9019dd
2023-03-21 14:41:47,False,2.567e-10,7.606e-13,11966329080.0,0.091,0xaa...80ec,https://bscscan.com/tx/0x879c9f67b489e7d12b0adafe3ae11cbcea112c788b1e44bbb11bd0b60db52180
2023-03-21 14:40:38,True,2.579e-10,7.644e-13,10069665980.0,0.0769,0x87...9b65,https://bscscan.com/tx/0x47c29923dda45d91c7e1fa880f5a90d4cfbc7f21eb8331f2daa2758aa24d5e5f
2023-03-21 14:39:23,False,2.572e-10,7.606e-13,48208575973.0,0.3666,0x83...2ec5,https://bscscan.com/tx/0x7d357b0243a4dc76500c6514812fbfa1de86e40bc7b2bd9e91bf3205e95a7f05
2023-03-21 14:37:59,False,2.56e-10,7.606e-13,90998212728.0,0.6921,0x10...4d4c,https://bscscan.com/tx/0x98b5f277fe977d0f4932c3c05c0bd2bfa47f9bc222f29668204fac1196b247c1
2023-03-21 14:32:15,False,2.558e-10,7.606e-13,90000000000.0,0.6846,0x5c...ccb1,https://bscscan.com/tx/0x7f271b761f388127a994cb4d0ca77c0f026692fee7aaaf434657404a3cb9d43b
2023-03-21 14:27:09,False,2.568e-10,7.606e-13,2880017522.0,0.0219,0x01...7a80,https://bscscan.com/tx/0x008898817e1dc304198b72d051c263e39720b6a8b7b527a8bed0b66d661d9927
2023-03-21 14:22:19,False,2.556e-10,7.606e-13,4500000000.0,0.0342,0x31...4378,https://bscscan.com/tx/0xd54eab9617d8e2601d49e3bea567cb69c67c33d38e5cb803c84d8acd586bd39e
2023-03-21 14:21:07,True,2.569e-10,7.645e-13,24590321481.0,0.1879,0x25...5292,https://bscscan.com/tx/0xfd6b4c19273cd6c309d3f08a7be15b61bf61a413d7f0a846b82e932d7456860e
2023-03-21 14:17:49,False,2.557e-10,7.606e-13,16589638575.0,0.1261,0x4f...6639,https://bscscan.com/tx/0x53ecdf5c50b2d886fe5d6cc7286781db01f79a28c7a1368a27ce8482adbea8cf
2023-03-21 14:16:49,False,2.57e-10,7.606e-13,23339108973.0,0.1775,0x6a...1143,https://bscscan.com/tx/0xb2a305057c91d12144b15f0777adb753035579432b2c8df7b7ef607971e85d0c
2023-03-21 14:13:43,True,2.583e-10,7.645e-13,26353393148.0,0.2014,0x06...75f4,https://bscscan.com/tx/0x51e11e53282e06aeb9ca20ea9cc35d6af845a6f7fb43e0b2567ba4ce31169894
2023-03-21 14:09:43,False,2.558e-10,7.606e-13,45894592276.0,0.3491,0xb8...4641,https://bscscan.com/tx/0x7e5af8edc94b7040239b897ddf642f413e59c30b072acfb0dd89dc8ffdb7173c
2023-03-21 14:09:04,False,2.56e-10,7.607e-13,4638373011.0,0.0352,0x54...a78c,https://bscscan.com/tx/0xadad3198b4f564e01401aef398fc98fe6f63469a67c7208ee4b0d61928f72d1c
2023-03-21 14:07:49,False,2.556e-10,7.607e-13,7219970773.0,0.0549,0x06...412b,https://bscscan.com/tx/0x1cf0068f3f180e00a74b6b5805344ff9dac5245857a733b67f6f2c647bb08385
2023-03-21 14:07:25,True,2.582e-10,7.645e-13,15331132117.0,0.1172,0x3a...5a06,https://bscscan.com/tx/0x118b3eaae1dd448f598ecb06fc0caffc230b239730fa07021aaf1c3b454400ad
2023-03-21 14:05:43,False,2.553e-10,7.607e-13,4981933058.0,0.0379,0x96...a93c,https://bscscan.com/tx/0xe5f7e768166e34b0e152a3ba52f2d7cda27ae85a39b0f85135676607eb32774b
2023-03-21 14:02:40,False,2.567e-10,7.607e-13,16505415157.0,0.1255,0x8c...fdd3,https://bscscan.com/tx/0x3e7333c420bb8c5d8a698def25ce236d8d3f4e3b59b8029e66f6967843b82d82
2023-03-21 14:02:37,False,2.567e-10,7.607e-13,119428919111.0,0.9085,0x2a...e581,https://bscscan.com/tx/0x55123139e1b3753050163849bdfb360afd67417bc0a62b9519dfcd886a6c7e7b
2023-03-21 14:00:34,False,2.554e-10,7.607e-13,2350415184.0,0.0178,0x12...d6fb,https://bscscan.com/tx/0xfddbdf1271651da66028294c412cc70b1860462bbe683b8bfbc691a0533c2444
2023-03-21 13:59:52,False,2.567e-10,7.607e-13,14351442438.0,0.1091,0x50...2017,https://bscscan.com/tx/0x956ba70fc7c90ad5ad241cc802884da4106cced0f1b100804b3024caa98ff5df
2023-03-21 13:59:52,True,2.58e-10,7.645e-13,1046334376.0,0.008,0x6c...827f,https://bscscan.com/tx/0xee74a676dc68f796ce0cee0cb7a49be64b35548495ffd011c5fa3d83c2d17d0c
2023-03-21 13:58:34,False,2.554e-10,7.607e-13,102798419828.0,0.782,0x05...7066,https://bscscan.com/tx/0x89b1d21fe06427a96cd0d3ea993a21b41e7d1e8c63d1491cbfe43d29b3a4a5d2
2023-03-21 13:55:37,False,2.562e-10,7.607e-13,2716169854.0,0.0206,0x26...05e2,https://bscscan.com/tx/0x37022a94163f91e53ca6e5713e189cdc476b7d15744b18deb11b77b766c0048c
2023-03-21 13:53:58,False,2.561e-10,7.607e-13,9873440842.0,0.0751,0x05...7066,https://bscscan.com/tx/0xb6e341486a8ec0ac6221c8c7551fbd2a6189509d41886fc230f355465566b55a
2023-03-21 13:53:28,False,2.561e-10,7.607e-13,15088433511.0,0.1147,0xb9...675b,https://bscscan.com/tx/0x6b24acafe2b1b15f31c72855e96f997a36cf539eddb39adfb3556029953f890a
2023-03-21 13:49:13,True,2.553e-10,7.646e-13,8116147832.0,0.062,0x22...2ed1,https://bscscan.com/tx/0x06d52ea4e49756e665d54ba7f36e1ad4ced45fec8ef4c7a65a3da979e46997fd
2023-03-21 13:45:42,True,2.55e-10,7.646e-13,1914000698.0,0.0146,0x3e...8daa,https://bscscan.com/tx/0x3d1f24c3ebd6607392fd96e3d8ba611f43a467762306ecd1d63f80673ea5fb7e
2023-03-21 13:45:05,True,2.547e-10,7.646e-13,1613949392.0,0.0123,0x77...cfb6,https://bscscan.com/tx/0xe71c81576de2eb478984da0581316ea9ed552f37bbd7ae67361a1016c74393af
2023-03-21 13:44:36,False,2.538e-10,7.608e-13,118587863915.0,0.9022,0x8b...8f19,https://bscscan.com/tx/0x016fa7b557608ee7cccf3bf761827f404db645bacb9587eb81b7fcad7165d696
2023-03-21 13:44:17,False,2.538e-10,7.608e-13,39529287724.0,0.3007,0x8b...8f19,https://bscscan.com/tx/0xec01c1d21396daec52ad8664b1282399f2da8af6ce480a3d83428dea7429a33f
2023-03-21 13:41:59,False,2.55e-10,7.608e-13,19195000506.0,0.146,0xc6...c2be,https://bscscan.com/tx/0xe591eaf3d047c744f31f7b082f2c338ad1d2977405a784db4c981b049fa8f708
2023-03-21 13:39:40,True,2.549e-10,7.646e-13,208174503555.0,1.59179,0xc6...ed21,https://bscscan.com/tx/0x82d3f7a3995f1b667d992c4ba7a6751955864d530eebb02d9e0ea0090b06b83d
2023-03-21 13:39:25,False,2.549e-10,7.608e-13,166331731804.0,1.26548,0x70...eae7,https://bscscan.com/tx/0x2c55c8d48c26d272a2e333232036f73b8e4310e9cf06070b8ff1ebedabcb6ee0
2023-03-21 13:36:34,True,2.558e-10,7.646e-13,19100000000.0,0.146,0x81...c9a3,https://bscscan.com/tx/0x4a89b82934bda460f7b883b9b2750829c531bdba5fbd224112837d90cf31be0d
2023-03-21 13:31:41,False,2.534e-10,7.608e-13,22368282188.0,0.1701,0x17...507b,https://bscscan.com/tx/0xec57ba8dd993c2b3cd1ed5043eceb0ff90a9309ffc98d797c923b09b70947729
2023-03-21 13:30:28,True,2.558e-10,7.646e-13,6800390667.0,0.052,0xc8...3f46,https://bscscan.com/tx/0x2edd8ecb140d476fb1777bd7af6f1e4cde715c8143c826072408643cb0952510
2023-03-21 13:28:55,False,2.533e-10,7.608e-13,1086726623.0,0.0082,0xcf...cfb3,https://bscscan.com/tx/0x4ef7d5f984f5c478cf4364672b2ae242f6a6b66369492af93ed4bdcbbbc2317d
2023-03-21 13:25:40,False,2.548e-10,7.608e-13,15177084195.0,0.1154,0x8b...783a,https://bscscan.com/tx/0x194b3214c5a396b4fd692c72e15daa4bf079c5532f3a52941bde56849f0bb21b
2023-03-21 13:24:40,False,2.546e-10,7.608e-13,5400000000.0,0.041,0xe0...b889,https://bscscan.com/tx/0x1389b21b7c71c217fa4a920d17d25ef20b30707d94ef7183d49efb87bdaef12b
2023-03-21 13:23:52,False,2.534e-10,7.608e-13,18124103240.0,0.1379,0xcb...43ef,https://bscscan.com/tx/0xf4dcb45877f260f88bebd370d8885d7d92262d5e7b1f83ac2710aba958b94832
2023-03-21 13:22:46,False,2.546e-10,7.608e-13,1800000000.0,0.0137,0xa9...1472,https://bscscan.com/tx/0xf66e59a17c27361ac18ea26856d2d6b5be7e4d3b2698eb0468235d880b3b5561
2023-03-21 13:18:13,True,2.552e-10,7.646e-13,2721124457.0,0.0208,0x26...50d1,https://bscscan.com/tx/0x943a02bb9db5b40fd4d135d8f6b9e2c1cb6dde1dccf78c007dbc0429427a1521
2023-03-21 13:17:49,True,2.554e-10,7.646e-13,1000000000.0,0.0076,0x5f...67e5,https://bscscan.com/tx/0xca1d8aef7f0bcee067ec4789d0cb532f6cde34b6498127976ada29c1c569a09f
2023-03-21 13:15:52,False,2.542e-10,7.608e-13,7285110795.0,0.0554,0x02...9eb9,https://bscscan.com/tx/0xc5d7a6398406dc7fbd049af90af01fc29980b22de34dd819fc2bcb289e562f3d
2023-03-21 13:15:49,False,2.542e-10,7.608e-13,27900326360.0,0.2122,0x06...75f4,https://bscscan.com/tx/0x3594e044a115425a71243be8b71d1b9fbd37de4a2792a0b2a80da48ed1aed802
2023-03-21 13:13:55,False,2.543e-10,7.608e-13,18900000000.0,0.1438,0x65...6d73,https://bscscan.com/tx/0xd83f313400fb4b2c84b1862d50a6cc64d19c31058eee8889d072a95e8af2b627
2023-03-21 13:13:43,False,2.556e-10,7.608e-13,7416932230.0,0.0564,0xce...4b0d,https://bscscan.com/tx/0x6f9a72836ea2a0acd0fc6f964231ebba607bb8b77d85ff278f9b38ffdf6df7a3
2023-03-21 13:12:16,True,2.556e-10,7.646e-13,6958430000.0,0.0532,0x2f...aecc,https://bscscan.com/tx/0x4e64e9c1f5311b9f7330ec9f760a872cf00b70baabb3e4ed9fa23993b072eb7c
2023-03-21 13:12:07,True,2.556e-10,7.646e-13,2900000000.0,0.0221,0x2a...d51f,https://bscscan.com/tx/0xc4bd8be1074594b74eb27ff488b14256931db673af3358dd0ac2e57266dc6dd0
2023-03-21 13:12:04,False,2.543e-10,7.608e-13,13791915904.0,0.1049,0x45...aca4,https://bscscan.com/tx/0x7815defdc3b98524303761dbfbbf2f93372afdb6482db9510b6ef9b2ce5de096
2023-03-21 13:11:40,False,2.543e-10,7.608e-13,838121473.0,0.0063,0x5c...d519,https://bscscan.com/tx/0x47b23aced6a4554e738d6d867318e2cdf833558ac9daa557b7d145f0e6136e64
2023-03-21 13:11:28,False,2.556e-10,7.608e-13,8091949414.0,0.0615,0x23...863f,https://bscscan.com/tx/0x6956086511bd44d6530fce59f606bf3c7377d529b772af23fa8822c8bfe90a40
2023-03-21 13:09:04,False,2.556e-10,7.608e-13,107147579079.0,0.8152,0x43...4929,https://bscscan.com/tx/0xd3b0ed8e35cc0ad54e04dfcec6dd7e2c015eea7c6dcb6b8956de6c24303e9476
2023-03-21 13:08:07,False,2.556e-10,7.609e-13,36869037390.0,0.2805,0x0b...7c8c,https://bscscan.com/tx/0xf5d7198ae65a743aab063cddf31189e7766a46a4ef9068b0638701a875977407
2023-03-21 13:05:49,False,2.555e-10,7.609e-13,17174518444.0,0.1306,0xce...72f7,https://bscscan.com/tx/0x4c1bc57f156a34c022ff16c0bcf2fad3f2cb2ab3d28aeb49b5200ca14b002527
2023-03-21 13:04:19,True,2.555e-10,7.647e-13,2226596989.0,0.017,0x4c...845e,https://bscscan.com/tx/0x5d748653b68309bad3d39c302565d675b8432810ff87508381e282cca7b17665
2023-03-21 13:03:31,False,2.542e-10,7.609e-13,21091654109.0,0.1604,0x30...ba7f,https://bscscan.com/tx/0xfeadb83e3afa6c5b6097bc32fcb36808db92fd1d2df39106e7943d1d7198894d
2023-03-21 13:03:10,True,2.567e-10,7.647e-13,34768470189.0,0.2658,0x15...4042,https://bscscan.com/tx/0x1df52468c28e874afe85abc3fdf6105063481367ba66af83deccc8231f31809d
2023-03-21 13:03:04,False,2.554e-10,7.609e-13,14755264693.0,0.1122,0x54...7d5d,https://bscscan.com/tx/0x04cc5657084654dc8c1e10ecff7d6d7f203d8e76bffb1f4db4308aa64233cc6d
2023-03-21 13:01:52,False,2.554e-10,7.609e-13,84111365768.0,0.64,0x05...7066,https://bscscan.com/tx/0xda808fc27886cb7f68f53269a92fe7f3e35faf119717b8532779a9446040c829
2023-03-21 13:00:10,False,2.552e-10,7.609e-13,90000000000.0,0.6848,0xbf...2cad,https://bscscan.com/tx/0x4309ce4c1792715509ebdf008769e56829977389d112b39b584bf874e92e4da9
2023-03-21 12:59:16,False,2.54e-10,7.61e-13,101117329815.0,0.7695,0xe7...9d8a,https://bscscan.com/tx/0xf08cab4438ee8cb97ffe26cc83e5d6a8ffc7df4daa58cdbdc58646c2c4842633
2023-03-21 12:58:46,True,2.555e-10,7.648e-13,2704860000.0,0.0206,0x74...3611,https://bscscan.com/tx/0x74bb47c4202155b0b7aec4c5198f6d16e912a7d465bb4a442611c43e9ab00bd5
2023-03-21 12:57:52,True,2.555e-10,7.648e-13,11868600000.0,0.0907,0x74...3611,https://bscscan.com/tx/0xf4217ff38e3e27bc234632e078e517fe6c7a146b3141e4c04b68eac96183f8ea
2023-03-21 12:57:28,False,2.555e-10,7.61e-13,336372961233.0,2.56008,0xf2...6be4,https://bscscan.com/tx/0x88026d09c33bbd3beef4fe6815921640f2205561b4363352472f0b2aa1c60bcf
2023-03-21 12:56:37,True,2.547e-10,7.625e-13,14137155190438.0,107.796,0xb9...f731,https://bscscan.com/tx/0xaf292685f9226aeef27107320c97e3507d71444ef4cdd8226e337f5372cd6107
2023-03-21 12:56:25,False,2.547e-10,7.587e-13,14191745447316.0,107.673,0x6c...4c17,https://bscscan.com/tx/0x3f3312f197f3b24272f82196ec451077ebada8171905172250871d73a20c8a31
2023-03-21 12:53:34,False,2.542e-10,7.611e-13,90000000000.0,0.685,0xdf...c609,https://bscscan.com/tx/0xa23521d541c95b1617cfa6fcc2cb466869482d2d6129692f06fed549d88b5c86
2023-03-21 12:53:25,False,2.556e-10,7.611e-13,19280205656.0,0.1467,0x31...e02d,https://bscscan.com/tx/0x6d064f620ccc0c03d265e75812a732b9966559721538d75dd68183b0a45355da
2023-03-21 12:52:46,True,2.569e-10,7.65e-13,2000000000.0,0.0153,0x7f...d6fa,https://bscscan.com/tx/0x9be72d9d02d7758d15f02a0d8482af3045e84d4546e392a01859bd1d98802bc3
2023-03-21 12:51:55,True,2.556e-10,7.65e-13,2875791713.0,0.022,0x1f...8b59,https://bscscan.com/tx/0xf5a5d93a02434fa140b2328e08df6a11427146b1f8cc297d0274aa4c82ada125
2023-03-21 12:51:19,False,2.543e-10,7.611e-13,25097400000.0,0.191,0x8b...6ad1,https://bscscan.com/tx/0x589c3f0ecfcf41aef2f0a80641b32dbc9f698d5e465e837e997ff9a30356fada
2023-03-21 12:48:31,True,2.568e-10,7.649e-13,100152925091.0,0.7661,0x33...4cdd,https://bscscan.com/tx/0xb3d369e310faa0b74bacb21afd80939ac064cd7eff9abaa86cb7e5b9a51db005
2023-03-21 12:47:37,True,2.567e-10,7.649e-13,1853720000.0,0.0141,0x25...a7b4,https://bscscan.com/tx/0x6da508257761fcff918bab2914f56707f7e3fce079c6e988acf0072c52521026
2023-03-21 12:45:49,True,2.554e-10,7.649e-13,14379520055.0,0.11,0xe3...949a,https://bscscan.com/tx/0x9d856450c970d6cdf255ef6a2c9af020c2a94bbfeab16b86e83166e246b52229
2023-03-21 12:44:46,False,2.542e-10,7.611e-13,135049608849.0,1.02797,0x74...177e,https://bscscan.com/tx/0xc44a12c552474a00c5e0fb34deb0eefbf391f3893cae652ae4b908c36431df72
2023-03-21 12:43:31,True,2.568e-10,7.65e-13,4257594614.0,0.0325,0x09...6eee,https://bscscan.com/tx/0x5f81cc360127cab95700eb646d3a94c485fc270eb7393682a0e1bf3face9bc2f
2023-03-21 12:42:07,True,2.566e-10,7.65e-13,19742757941.0,0.151,0xd1...23df,https://bscscan.com/tx/0x986fedd2aacb0cde39eb7cf621aa6b0b6b26f1b04396510e5beaba1000158bc8
2023-03-21 12:40:28,True,2.566e-10,7.65e-13,45097738492.0,0.345,0xb4...fa47,https://bscscan.com/tx/0x12908973471831ca1e348a03d1aac6337ba9631f1e598abd44167a84b6532a63
2023-03-21 12:40:04,False,2.54e-10,7.611e-13,11025545259.0,0.0839,0x68...fe84,https://bscscan.com/tx/0xb80bf1921d9ab794186fb596def493bb02034f5ac16e1ca06f1d601bbf723122
2023-03-21 12:39:58,False,2.54e-10,7.611e-13,12081628624.0,0.0919,0xed...8b43,https://bscscan.com/tx/0x9f2e139f01319d90cba3416d04aa022eaeea8f3fac074cd35923a3a4eafe710d
2023-03-21 12:39:13,True,2.566e-10,7.65e-13,422485937.0,0.0032,0x09...6eee,https://bscscan.com/tx/0x9fe38a9faa7a846f7ededea81ffcf2cb1fb0e828f0fc058a35812481b5a3e4bd
2023-03-21 12:36:13,False,2.54e-10,7.611e-13,77154047622.0,0.5873,0x41...50bb,https://bscscan.com/tx/0x3454616e2bf1cc9428445ba878a5d9cbf5572ec90cb35cfc614f8dfaf92e0bfd
2023-03-21 12:30:16,False,2.54e-10,7.613e-13,642015000010.0,4.88781,0x26...99aa,https://bscscan.com/tx/0xfc0e4fe3efc023860428626c1932395d7fa993f332fa42b5bf54356897ba2d47
2023-03-21 12:29:49,True,2.553e-10,7.652e-13,5227018468.0,0.04,0x5d...2264,https://bscscan.com/tx/0x6f0d5d8aae7ec28a106e1b5c166a0ed64fccfce9cbd3fcbe499821ad8c11c338
2023-03-21 12:29:22,False,2.553e-10,7.614e-13,4884472605.0,0.0371,0xfe...d20e,https://bscscan.com/tx/0xbc9e1492d32a5c9a2e7c4b311245c7fe968c7ce60c14c1b07912e38a5d7d3a01
2023-03-21 12:29:04,False,2.54e-10,7.614e-13,2709009850.0,0.0206,0xd6...f696,https://bscscan.com/tx/0x287367fe612a6b06c38139a6f83ec2dfe4869c99705f8722f91bdf7501fd2f01
2023-03-21 12:28:04,True,2.552e-10,7.652e-13,275268002.0,0.0021,0x53...d0ee,https://bscscan.com/tx/0x6afb42198b131ec9d3c1545fb1d4b5c60711d70ba2eeada271cc6c96eb53b6e8
2023-03-21 12:27:49,True,2.565e-10,7.652e-13,684081887.0,0.0052,0x53...d0ee,https://bscscan.com/tx/0xe703b12a48299ce54f2bec891ca81231c955040ade62dbec1875226b40bd1122
2023-03-21 12:27:34,True,2.553e-10,7.652e-13,1092896155.0,0.0083,0x53...d0ee,https://bscscan.com/tx/0xafae8f848c26aa2802c024633f6651b866eae1c8e0cc2cf35b14a5f13c413024
2023-03-21 12:27:16,True,2.565e-10,7.652e-13,1092896700.0,0.0083,0x53...d0ee,https://bscscan.com/tx/0x6e3655f58f7c677574c31e97a31254fc39e797abfcdd76eb6d217a9c6b9c192e
2023-03-21 12:26:52,True,2.566e-10,7.652e-13,1637983313.0,0.0125,0x53...d0ee,https://bscscan.com/tx/0x64c8328b99f0a9d5f98ba81d85c654f767610680fffa6c16f9325d721d476b3b
2023-03-21 12:24:28,True,2.548e-10,7.652e-13,706515750.0,0.0054,0x15...4042,https://bscscan.com/tx/0x08e7e4d9d10111a95d683adadbbfde437579d89f71932dcea4aa59c2cd0634e9
2023-03-21 12:23:43,True,2.561e-10,7.652e-13,400000000.0,0.003,0xa7...81a6,https://bscscan.com/tx/0xb7d258ecde1f56dab37a3eb253d254b7996e58b1a6d65957221afc5d050ccc41
2023-03-21 12:23:37,False,2.548e-10,7.614e-13,6749360662.0,0.0513,0x32...7121,https://bscscan.com/tx/0x1aa73c7e6f7349513ffc5c3fc7d79e4fb54b41a31dc52cc6e0fa3dac187a68f1
2023-03-21 12:23:34,True,2.561e-10,7.652e-13,198658000.0,0.0015,0x31...9d2c,https://bscscan.com/tx/0xc980f4e71ea886fc49af8d11fc4606aa55eceede80ac85e0be7e42194bb6074d
2023-03-21 12:21:37,True,2.56e-10,7.652e-13,20701446391.0,0.1584,0x2b...5e1c,https://bscscan.com/tx/0x16cae081a98e5fa7249eb0afd676322f90049c622c690b36c5921d0905377e97
2023-03-21 12:21:04,False,2.547e-10,7.614e-13,131287232367.0,0.9996,0xe0...13f8,https://bscscan.com/tx/0x4cddadd0954f3bb8bfcf091d75c00097c07c661b5458f69e0ea4f9bf9199e680
2023-03-21 12:20:55,False,2.547e-10,7.614e-13,13263203559.0,0.101,0x00...c356,https://bscscan.com/tx/0xaf8eaa3a5ed015492954ef813bc35ce7d2d86c377690ea2906565c8123631328
2023-03-21 12:18:40,False,2.545e-10,7.614e-13,13527570820.0,0.103,0x48...f4b6,https://bscscan.com/tx/0x94f53b5eb26d34cf63540cd362a716229253feb7ef9f5416916d688b2ee7be3f
2023-03-21 12:18:07,True,2.546e-10,7.653e-13,4807990572.0,0.0368,0xdd...620d,https://bscscan.com/tx/0x28f82f27a94599716f1179732e724b9184912b2f0f9af6e9c22c7c555440bf8a
2023-03-21 12:16:40,False,2.534e-10,7.615e-13,534588492995.0,4.07129,0xd2...c541,https://bscscan.com/tx/0x8c782a38c9fc9113953f1439c74ac62c5617a0ff20392c8b7b285b3f736bef94
2023-03-21 12:15:34,True,2.547e-10,7.654e-13,2699932115.0,0.0206,0x08...2929,https://bscscan.com/tx/0xbfeac5b9ca3a735c0067e7318a47750eae0686ec70bcfff5cea0a4443f56a067
2023-03-21 12:14:10,False,2.55e-10,7.616e-13,6874244448.0,0.0523,0xb1...377e,https://bscscan.com/tx/0x9debde5c8d59033f1ebf5ef6e51c5e41b07a62ff0288baa4e29585bd36601840
2023-03-21 12:13:31,False,2.537e-10,7.617e-13,386964328273.0,2.94764,0xaa...1dca,https://bscscan.com/tx/0x333de5579c443e765f78a1edeece616aff87f42424b4054b8ca7babb3f6eef7e
2023-03-21 12:12:16,True,2.568e-10,7.656e-13,31150000000.0,0.2384,0xd3...4041,https://bscscan.com/tx/0x9a2e4f2bc1ed74298218eb768349156330d5f39049172d9ed66440511b10f12c
2023-03-21 12:12:07,False,2.556e-10,7.62e-13,1377878873510.0,10.4999,0xb9...3907,https://bscscan.com/tx/0x211e47671a57bec85b7f58ebeb151a8b23e934b5529ea50d26c17dc37d9f2b81
2023-03-21 12:11:19,True,2.559e-10,7.66e-13,1700000001.0,0.013,0x50...be38,https://bscscan.com/tx/0x8f1f13c8752c73d1dd9a1f0a1cdbb1be2d92dd187dd1d438f951b61d4159485a
2023-03-21 12:05:31,False,2.557e-10,7.622e-13,2638757859.0,0.0201,0x67...04fd,https://bscscan.com/tx/0xcb1718a7066d95a0927a492a89af435340f4947d345c5cdb2745a0e7c57353ab
2023-03-21 12:05:07,True,2.57e-10,7.66e-13,33750000000.0,0.2585,0xde...68ff,https://bscscan.com/tx/0xddf1257df20fce72ee6f2acde2d774d0e526807f54300b0c8c0688cae848141d
2023-03-21 12:04:10,False,2.544e-10,7.622e-13,49259512251.0,0.3754,0xe5...123d,https://bscscan.com/tx/0xfc781398d3520d64f9d864e27a0dea73c790341e1c508a084707217575e6c8b4
2023-03-21 12:02:28,False,2.557e-10,7.623e-13,167858182322.0,1.27959,0x05...7066,https://bscscan.com/tx/0x8d3e03ff9fb25121e08eec5d0f22d59c8b8cf623ddbf33c84f5b47d04266ceb8
2023-03-21 12:00:28,False,2.542e-10,7.623e-13,2110906668.0,0.016,0x20...1a11,https://bscscan.com/tx/0x514abe850ffc0097e5413bb71b42d721c6b54d43b0291a3fd5f0352aee08d004
2023-03-21 12:00:22,True,2.555e-10,7.661e-13,280270981777.0,2.14719,0xbd...c89b,https://bscscan.com/tx/0x81b6187d3a87f8a63fad7f2a5e4613092579de0a095ea22bcdcaad68d7955861
2023-03-21 12:00:07,False,2.542e-10,7.622e-13,6764091870.0,0.0515,0x31...b265,https://bscscan.com/tx/0x08803bef108cd3637a351b76a5010e529b06eea076714d1e129959ff678560f4
2023-03-21 12:00:01,True,2.554e-10,7.66e-13,35245375980.0,0.27,0x49...f436,https://bscscan.com/tx/0x8829a6992b76c1e24efe17ffb46e054bbe7605242c19100a43abeec6c9b42a75
2023-03-21 11:59:52,False,2.542e-10,7.622e-13,7474435856.0,0.0569,0xb9...a4b8,https://bscscan.com/tx/0xbfc119d4e55c733955c49c4e5ef9fe1d7f1fc26867d85034b9af7ab028b2318b
2023-03-21 11:59:52,False,2.542e-10,7.622e-13,3550944075.0,0.027,0x14...d352,https://bscscan.com/tx/0x63812b973f51f0e6d69a9c6cc970c85a7ba77d1afe07528bcb9cce948e2332c9
2023-03-21 11:57:34,False,2.542e-10,7.622e-13,13765086878.0,0.1049,0x42...dfac,https://bscscan.com/tx/0x425d64db3b1e0ce3edca8e0560db759665aaeeb85c87f65f49837aedf2fea0bf
2023-03-21 11:54:16,False,2.553e-10,7.622e-13,235050276442.0,1.79173,0xb9...3907,https://bscscan.com/tx/0xa830554a968149f4ae4cc2ab1237f99bceb1ffd4e40098d23657be231862d18f
2023-03-21 11:54:07,False,2.553e-10,7.623e-13,25027649399.0,0.1907,0xf8...4cd5,https://bscscan.com/tx/0x12d80d5ff172a42dd01f2ac2c7fc34f90487358bdfec7e50e741c8177a1d209a
2023-03-21 11:54:04,False,2.553e-10,7.623e-13,342603128598.0,2.61195,0xb9...3907,https://bscscan.com/tx/0xcfab034a1e0459edc44c71760f01b0e52051ab6f08792ba9bacd1d43ef99954a
2023-03-21 11:52:31,False,2.554e-10,7.624e-13,3648982494.0,0.0278,0xbb...d87a,https://bscscan.com/tx/0x9b3f0e8472e5e8b6861eae9f32e7c027d6fe6bd7a4c22c084faf5ed6d6952369
2023-03-21 11:51:49,False,2.553e-10,7.624e-13,3085606738.0,0.0235,0xac...8b8f,https://bscscan.com/tx/0x675893f3ae99fcdec51c5c450a22808fb58dc3b12957b1e1d1570976bec9965a
2023-03-21 11:50:10,False,2.552e-10,7.624e-13,1893706093.0,0.0144,0x1a...c81b,https://bscscan.com/tx/0xe0d73a77369bc840f5259a653d9d3efcc3911f71f559f58444a7e7bfc624af1b
2023-03-21 11:42:22,True,2.549e-10,7.662e-13,391078040188.0,2.99646,0x92...39ae,https://bscscan.com/tx/0xe4ed4ac912f4d04fffbdc3a3d0a51b7ed1e0429e1c71f1c5e24fe5f8b120bdae
2023-03-21 11:39:58,True,2.56e-10,7.661e-13,28715682659.0,0.22,0xf4...2183,https://bscscan.com/tx/0x69a86eae203f661dff6c38af2ff284f7266de7e4335a91adc813f824db8fceac
2023-03-21 11:38:22,False,2.548e-10,7.623e-13,76282516195.0,0.5815,0xad...aba8,https://bscscan.com/tx/0x3d6a5a7603b20dea30d033c2fad140391fcf5bf0b5b84a27ecbe6e3b2c0e6c65
2023-03-21 11:36:58,False,2.536e-10,7.623e-13,3806603234.0,0.029,0x56...b034,https://bscscan.com/tx/0x1ba5449eba7275937e50760ef4f65295598a7a56f5a2154d54e8746538286917
2023-03-21 11:35:49,True,2.548e-10,7.661e-13,12000000000.0,0.0919,0x43...ab07,https://bscscan.com/tx/0x1d339944aeea850dd4af3d321bedc5bf81a82bbd828ce321790da689d3cf8881
2023-03-21 11:34:52,False,2.548e-10,7.623e-13,111600000000.0,0.8507,0xec...2545,https://bscscan.com/tx/0x39e0b1b9d7f4664e345a6ca7adb813989315cef9286a8e6ee5452566e4bcaaef
2023-03-21 11:33:49,False,2.551e-10,7.623e-13,198457639161.0,1.51304,0x32...234b,https://bscscan.com/tx/0x0cc83c326d71c7123ccb7e016e39b648ee0d377f5490c95fb5121dc45a105fac
2023-03-21 11:30:34,False,2.538e-10,7.624e-13,43200000000.0,0.3293,0xc5...0a10,https://bscscan.com/tx/0x097d6e529abf443a44e0f213de03bb6fa11f0fae0b8756a8d7572e05a39c4cc2
2023-03-21 11:28:19,True,2.563e-10,7.662e-13,3335518743.0,0.0255,0x6c...827f,https://bscscan.com/tx/0xfd8c3b6faf70ccff653bfe3973e06f0885780ee32ebad630ca15c3d239257c1a
2023-03-21 11:27:49,True,2.563e-10,7.662e-13,50088500000.0,0.3838,0x93...4b59,https://bscscan.com/tx/0x58deac6bec16662ec47cddf2f9a2ca38cb97b7982c44a00da7bfacaec46c05fe
2023-03-21 11:26:55,False,2.537e-10,7.624e-13,3782901299.0,0.0288,0x31...c40b,https://bscscan.com/tx/0x67cade5e1d1aa02d01d5b3c9faae05282c57a38bbfe36bee0604d706be50d9b8
2023-03-21 11:26:40,False,2.537e-10,7.624e-13,56968459930.0,0.4343,0xde...c727,https://bscscan.com/tx/0x726f06a8035f92d7e2da261f3cefdb3b9747da6b09d4ed2bce9bb28dd3253ec2
2023-03-21 11:22:31,False,2.533e-10,7.624e-13,48233213324.0,0.3677,0x3a...0e53,https://bscscan.com/tx/0x01a90e50cd1289c85c2fbc6da663409c44958bb62164547c7bb9edec342e9b6a
2023-03-21 11:19:04,False,2.544e-10,7.624e-13,170573049118.0,1.30061,0x9f...6a97,https://bscscan.com/tx/0xebd7116389b1627990fccf73609ba621a30e76a540c31c7fe1b20c27f551504d
2023-03-21 11:18:46,True,2.542e-10,7.663e-13,652441173.0,0.005,0xae...7a7a,https://bscscan.com/tx/0x466a3ff9d82c1cd07c7fc5399a70a7a95b41cf5efed9c6c51e4c2252e48ca568
2023-03-21 11:18:25,True,2.553e-10,7.663e-13,2740547788.0,0.021,0x27...1811,https://bscscan.com/tx/0xd5d6b764eaa8d48d8fcbaa39c91d6694e2d4784e75c8182ba77d6b6163d16810
2023-03-21 11:16:58,False,2.529e-10,7.625e-13,1293952180.0,0.0098,0x66...c9c0,https://bscscan.com/tx/0x0614898364b3c847c1d429a45ff2237f8088e3bd59f5cf3d640b616bb08240b6
2023-03-21 11:16:01,False,2.543e-10,7.625e-13,68709637080.0,0.5239,0x40...fae1,https://bscscan.com/tx/0x70e047486f53a6cda08b33e9731b6aae8dcbb054d63cd8d2e9ecf81b83bad9be
2023-03-21 11:15:25,False,2.543e-10,7.625e-13,104203100553.0,0.7946,0x5b...6609,https://bscscan.com/tx/0x70b5b7a2652f7cd46317d29e70c5a445f45b18b408d7ef76e6fe1df5b4427b64
2023-03-21 11:14:13,False,2.543e-10,7.625e-13,33711854570.0,0.257,0xda...9d5e,https://bscscan.com/tx/0xef87443270095e34fc33418da9d89a6289dfb0b06dfc0b35b00bf4ce60d6f437
2023-03-21 11:12:43,True,2.556e-10,7.664e-13,4811910001.0,0.0368,0x0a...0dcb,https://bscscan.com/tx/0x32f6ff32447b5fa967556c42b334d02fc6c598bfda42389939e89073102a8d6b
2023-03-21 11:11:06,False,2.543e-10,7.625e-13,4408942190.0,0.0336,0x59...cba4,https://bscscan.com/tx/0x4cad69a543e327e532382b1cb3c5632812a16830376c28fd7d92cd5069267983
2023-03-21 11:05:14,False,2.542e-10,7.626e-13,47237686077.0,0.3602,0x0c...66a1,https://bscscan.com/tx/0xa6e9ec360116b1836adc359ff1fce1770eb42c5e33f33f9c75d674a82b7856c6
2023-03-21 11:04:50,False,2.542e-10,7.626e-13,21941127233.0,0.1673,0x30...01eb,https://bscscan.com/tx/0x5955da1ed7280e4ab23560a2c80ef3e3701d7355ded21fa2357451a9b929b35a
2023-03-21 11:03:35,True,2.542e-10,7.664e-13,4566523927.0,0.035,0xcf...ef72,https://bscscan.com/tx/0xce578e1a43a82a01ec6e05b79376181da0d57f42e9337cdc04ed8f5d31436c42
2023-03-21 11:00:29,False,2.544e-10,7.626e-13,4632146834.0,0.0353,0x50...280e,https://bscscan.com/tx/0x2fee78ca7a7d70ea1400e3e9de37843dd48b840e1ea9325f7c7c16a38df247ff
2023-03-21 10:59:17,False,2.529e-10,7.626e-13,85730682911.0,0.6538,0x05...7066,https://bscscan.com/tx/0x3481a71ed64949784d3ca037d5517c58e7a1c95bf158019311b46627286a534e
2023-03-21 10:54:50,False,2.529e-10,7.626e-13,7200000000.0,0.0549,0x0e...160d,https://bscscan.com/tx/0x2cd7db641353b0b3bd83d5f977b74d6f1ecef87506357ef53e828d06b2d7d7e5
2023-03-21 10:53:10,False,2.542e-10,7.626e-13,2346785243.0,0.0179,0x54...3e6e,https://bscscan.com/tx/0x9232065f4d782a377b6a17a165696c68d9dbc0ee06ac975069580c5caffabacd
2023-03-21 10:52:20,True,2.557e-10,7.664e-13,5186067763.0,0.0397,0x78...c463,https://bscscan.com/tx/0x4b27fcd6e50a821b0b66f1c5cd9a4d5cbd71661f5931b0ce4cc6c129e8b63c67
2023-03-21 10:51:16,False,2.546e-10,7.626e-13,27065842532.0,0.2064,0x60...b8fa,https://bscscan.com/tx/0xa1997e523bdb6a944d6fcfb6386c7e3fa4bed61e595b222845e916f57cc30449
2023-03-21 10:50:57,False,2.533e-10,7.626e-13,4096145825.0,0.0312,0x55...3af6,https://bscscan.com/tx/0x24c2bc5e401aac3ee6cbf555db4f88c54ee8891771685e9bb2550bd6f110d0f6
2023-03-21 10:50:49,True,2.546e-10,7.664e-13,1887288732.0,0.0144,0x78...c463,https://bscscan.com/tx/0xcb0e198f7e988c010bfef0dacb67e2ac2cc7f2802b80f69519c6122226554587
2023-03-21 10:49:46,True,2.545e-10,7.664e-13,6613274819.0,0.0506,0xf4...eb87,https://bscscan.com/tx/0x7c230b3c5ca294d0eead0530b558d45a8133cd60283eefdd7ba1d1b0293a5261
2023-03-21 10:48:52,False,2.533e-10,7.626e-13,18000662002.0,0.1372,0x5c...8169,https://bscscan.com/tx/0x74a26e568d6f1cdb327b8fd31cf07fb24d82fc2978dd39d634d0b6e53c4ad9bd
2023-03-21 10:48:46,False,2.533e-10,7.626e-13,90000000000.0,0.6864,0x16...2eef,https://bscscan.com/tx/0xda2d2e02ff5047ad84e9f66155466e3ceb71ec69f6cfe3d1ac19338873e2b9f9
2023-03-21 10:48:10,False,2.546e-10,7.627e-13,54001981329.0,0.4118,0x5c...8169,https://bscscan.com/tx/0x1a0df02f956c2a9fcd10e2d8e53df795a7f7aed51a4d45abf76f3fb4ce572b77
2023-03-21 10:47:52,False,2.546e-10,7.627e-13,123317328795.0,0.9405,0x05...7066,https://bscscan.com/tx/0x4072fbe2da81633f7667257eccdf09da42d0153136f64f8ebdcd1ce10de927e0
2023-03-21 10:47:31,False,2.546e-10,7.627e-13,30600000000.0,0.2334,0x14...4449,https://bscscan.com/tx/0x4e8ec6ff7b2023de56ca389bafd388c2bcbd81b90a18d74e337250f427a7b639
2023-03-21 10:47:16,False,2.533e-10,7.627e-13,24000879856.0,0.183,0x5c...8169,https://bscscan.com/tx/0xe53f14156d10f10a6c5d83af14edc03b88fd56f1320cb1a89e12a8040a61c885
2023-03-21 10:45:10,False,2.542e-10,7.627e-13,61325590990.0,0.4677,0x05...7066,https://bscscan.com/tx/0xbdf6840df0b571db639bfe845a5f8f966ed3dad55db8341d88d1ccc1e2bfacb2
2023-03-21 10:44:49,False,2.542e-10,7.628e-13,47460150000.0,0.362,0x4b...5451,https://bscscan.com/tx/0xeca5d6a9e837f0db7cf77e46262c802da221ab30b5bb451e5434d5a18bea78df
2023-03-21 10:43:43,False,2.538e-10,7.628e-13,101348305577.0,0.7731,0x05...7066,https://bscscan.com/tx/0xef560c27722ee6cbfc0fb2cf1ea29c8a7869a7f3dec091918277b6a992a72593
2023-03-21 10:43:16,True,2.551e-10,7.666e-13,11167911312.0,0.0856,0x2a...b5e2,https://bscscan.com/tx/0x920f76528116c2b79e68facb91514b33acfd4e63488d3ef112cdbc37f7ba2fad
2023-03-21 10:42:46,False,2.525e-10,7.628e-13,3367241278.0,0.0256,0xd9...24e0,https://bscscan.com/tx/0xbc3f8ccc52d9d719046df3c85c7c31e46fba1e94b0d3f7ebba4d3b9a62d70b6f
2023-03-21 10:40:22,False,2.525e-10,7.628e-13,25558382669.0,0.1949,0x84...b8db,https://bscscan.com/tx/0x2de8eac85bf59d1b49fda7b0c39c08471163202743a37bf93fc269f861e0adac
2023-03-21 10:39:10,False,2.525e-10,7.628e-13,2226872097.0,0.0169,0xbe...04e0,https://bscscan.com/tx/0x7fbdb04c5f17c773ec6aa3c1b76685ed0b6605143ff99a535f197e3f69192072
2023-03-21 10:38:55,True,2.55e-10,7.666e-13,37199231115.0,0.2852,0x58...605e,https://bscscan.com/tx/0xcfb2097ff3e1e8125e085f7bd01616a7b698b1f5139c814a3005502a0247eb44
2023-03-21 10:38:46,False,2.538e-10,7.628e-13,39351458204.0,0.3001,0xc3...c094,https://bscscan.com/tx/0x2283f1312c2fae285c70f56640f013abd01909d94a57053d15c19dd21877848f
2023-03-21 10:35:10,False,2.537e-10,7.628e-13,318594851.0,0.0024,0xa7...2b88,https://bscscan.com/tx/0xb680ec6197675b3ef9f7b51ce58cff7cb1745d498b95ea5e2eb3cb18f629d012
2023-03-21 10:34:46,False,2.524e-10,7.628e-13,13500000000.0,0.1029,0xd0...f42b,https://bscscan.com/tx/0x2e6663b7dc8c540b804f8d189398a59facdf87ac5e537288adae5b50963efe5e
2023-03-21 10:34:04,True,2.536e-10,7.666e-13,40000000000.0,0.3066,0x30...e1c4,https://bscscan.com/tx/0x2f780ea90b4e7bcac1701a41b9386eca2dce844c949403d34a68e12cec0e61d6
2023-03-21 10:31:22,True,2.547e-10,7.666e-13,23478038378.0,0.18,0x38...2d71,https://bscscan.com/tx/0x01325154b57eb21d18e1f208d9899815bbb70c7eef5bb503b9eab3ecdcf43146
2023-03-21 10:30:40,False,2.521e-10,7.628e-13,4541644943.0,0.0346,0xc3...6999,https://bscscan.com/tx/0x6d83d82b816b2a059c9cd9a8390ce3aa4a02130d73dd43762415e7c562c32ef9
2023-03-21 10:29:01,False,2.52e-10,7.628e-13,40818582816.0,0.3113,0x8f...7be4,https://bscscan.com/tx/0xaca92adcbded7aa929cf46dd5f198ae462d8691f440c5926e5d7388f89a9bd70
2023-03-21 10:26:52,False,2.531e-10,7.628e-13,2835000000.0,0.0216,0xa4...0798,https://bscscan.com/tx/0x2bf945f9b02b48772589ba8f3dd1d124a35cfd1254cefa1d39537f3504c5cbec
2023-03-21 10:26:10,False,2.519e-10,7.628e-13,6764084608.0,0.0516,0x31...b265,https://bscscan.com/tx/0x6556bbe4b311b0181defb650c83e380931f8ee3166f7cc53965d357a225cc168
2023-03-21 10:25:49,False,2.519e-10,7.628e-13,96847987597.0,0.7388,0x0b...2a84,https://bscscan.com/tx/0xa02e272b2e813126a72c4981b965a308e0d1e7bfcf2efef12fda317bd0a5f340
2023-03-21 10:25:49,False,2.519e-10,7.629e-13,100295610383.0,0.7651,0x05...7066,https://bscscan.com/tx/0x918125197691f133731ec06883d0a8385b3d2292c073937e15fd17a8e137a530
2023-03-21 10:20:31,False,2.524e-10,7.629e-13,49309302736.0,0.3762,0x3c...2a07,https://bscscan.com/tx/0x107bdadac96c830d1c07b2ffe2ea1ff5af73735261ca819bb4d3f5dc040e2498
2023-03-21 10:18:07,False,2.535e-10,7.629e-13,7335000000.0,0.0559,0x82...4d3f,https://bscscan.com/tx/0xf076c51c5bef944bff309218fc62908a2a5970cafcaf16a9e4d87186ca46ab10
2023-03-21 10:15:55,False,2.523e-10,7.629e-13,36000000000.0,0.2746,0x5e...9551,https://bscscan.com/tx/0x1799ab80b0e3419174fb2066e8de4cf377ad46e5478ead81c8417ad8195ba6c0
2023-03-21 10:15:55,True,2.536e-10,7.667e-13,470513673.0,0.0036,0xb4...1ade,https://bscscan.com/tx/0x5926ef1ce5b3fcda867b1552df66571912fdfd524ed446ed5a3c54c662bee7d7
2023-03-21 10:13:16,False,2.535e-10,7.629e-13,11796120000.0,0.09,0xd3...5e23,https://bscscan.com/tx/0xc15d1bd6e2be4322c3e3ca982addd55a6db8ad89307e6dfb5b8b15aa6136722e
2023-03-21 10:12:49,True,2.548e-10,7.667e-13,2665779522.0,0.0204,0x9f...924e,https://bscscan.com/tx/0x53999516c2a0d170611060a28a4b1b6b1584d7a44de2de8955ab50da06e5e131
2023-03-21 10:12:40,False,2.523e-10,7.629e-13,43580956745.0,0.3325,0xef...ba3c,https://bscscan.com/tx/0x3ab6945b603950a911952a1d97cb07d129eca2dd9ec6b267b92e21cbf42a30a6
2023-03-21 10:07:58,True,2.536e-10,7.668e-13,14198828719.0,0.1088,0x94...04bd,https://bscscan.com/tx/0x854671d248a9e51979fe6014993ed8fdc16b79a4c7f890cc235fa31169d05594
2023-03-21 10:06:16,False,2.523e-10,7.629e-13,2346784563.0,0.0179,0x54...3e6e,https://bscscan.com/tx/0x9301072cebc6eca5d4d1bf84e9c357e8787098ba34da23a1a5902a5e67e8233f
2023-03-21 10:06:16,True,2.536e-10,7.668e-13,5887426224.0,0.0451,0xa4...97e2,https://bscscan.com/tx/0xf125f13d1dcedcbbca364c5c0b4b5df280b3d07566458dc34c811571c1f4cecf
2023-03-21 10:06:10,False,2.523e-10,7.629e-13,5887085017.0,0.0449,0xac...8f31,https://bscscan.com/tx/0xffbd27c9ff24a8f27c15a501a0ff14a589b3f33a210d6455b1197c487551259c
