datetime,buy_order,price_USD,price_native,amount_token,total_native,maker,etherscan_url
2023-03-28 08:48:45,True,0.457,0.001472,1355.0,1.99582,0x82...2196,https://bscscan.com/tx/0x7f3f2ff615a62513cdc33cea68e3c3a3d5ac43f203dcb23df10aeea2e2364964
2023-03-28 08:48:42,True,0.4569,0.001472,2376.57,3.5,0x2f...e155,https://bscscan.com/tx/0x7bbaccfbef968412f4f4fcdc83aa846ebdc31e7371270cfc4a1408ff4cbc900e
2023-03-28 08:48:42,True,0.4568,0.001472,2377.02,3.5,0xed...4f31,https://bscscan.com/tx/0x78648c6d345b2821f20ac4889123eede92836a87d6eccc14681a521ff93b3b71
2023-03-28 08:48:42,True,0.4568,0.001472,461.4,0.6793,0x05...7eea,https://bscscan.com/tx/0xf5cc446218be0834e3c9781341534c482117e1567548628d5e9ca0c6e604f587
2023-03-28 08:48:12,True,0.4567,0.001472,2962.3,4.36072,0xd3...ec6f,https://bscscan.com/tx/0xb444c86f476121fbb40ca9ceec392aa67afc9457343776380ff4e1c846557b3f
2023-03-28 08:48:09,True,0.4566,0.001471,2962.3,4.3597,0xd3...ec6f,https://bscscan.com/tx/0x42ebfd889b2187506823b699e4ed08b39de5519aae8f74f22df9027d1bbaf17f
2023-03-28 08:48:06,True,0.4564,0.001471,9239.4,13.5913,0xd3...ec6f,https://bscscan.com/tx/0xcb2ef6b197160be6c6ce4380f5be791b2483df01f1d6929a2034129392a93065
2023-03-28 08:48:00,True,0.4561,0.00147,2380.39,3.5,0xda...6e1f,https://bscscan.com/tx/0xff463c5a3d50b493471b72420441ddcc8c9df12439effcaacbf91f4b4cc1887d
2023-03-28 08:48:00,True,0.4561,0.00147,2380.84,3.5,0xda...c952,https://bscscan.com/tx/0xdb01c169cd69cf92568d0d9ca8962a708868ad868bb63854449cad3d08a57f30
2023-03-28 08:48:00,True,0.456,0.001469,2381.28,3.5,0x62...1f10,https://bscscan.com/tx/0x64610ebea9064c1483df71b2afc94b58919f4e5d89fd5f4bb7a446e4ab88610c
2023-03-28 08:48:00,True,0.4558,0.001469,9283.6,13.6387,0xd3...ec6f,https://bscscan.com/tx/0x1742ef1890983a38cd20ee241ac91590c1e6560194711ad35d7982cf552fda10
2023-03-28 08:44:51,True,0.4555,0.001468,600.0,0.8811,0x54...7434,https://bscscan.com/tx/0xb673be107553706391f7358c868dc20b91ed345f41b73b489b99acab69125fbd
2023-03-28 08:40:12,True,0.4557,0.001468,655.217,0.9621,0x70...8487,https://bscscan.com/tx/0x2cf9df72f256aea8b6a2e25ce202df06f41d1295f486291f44e1f5c9fa813e63
2023-03-28 08:36:00,True,0.458,0.001468,502.374,0.7376,0xfb...a591,https://bscscan.com/tx/0xa43a77f1a1445d67b88b344b0c2e3ee8de40b75393e2f0a7f8c01602878700cc
2023-03-28 08:30:14,True,0.4556,0.001468,135.013,0.1982,0xd5...437d,https://bscscan.com/tx/0x708ba45b788fb9a46aa8dad000e202406f3fb418aea301d8f2b2ce84c6863dea
2023-03-28 08:25:11,True,0.4556,0.001468,655.433,0.9623,0x70...8487,https://bscscan.com/tx/0x19a4f5687e2c65180e26516f53d74ed63388f8cc61395b76e837829153001450
2023-03-28 08:23:26,True,0.4578,0.001468,5709.21,8.38088,0x98...5cc4,https://bscscan.com/tx/0xc1f3fa619cb9ca9235017f111ad79c6b3924619795e4b61506bab4b240bd1da3
2023-03-28 08:23:26,True,0.4576,0.001467,3567.1,5.23444,0xd3...ec6f,https://bscscan.com/tx/0x57843060bba84588bd97c57f1e188027fd0a5bdb0cb56ab296d1ad4bcebc14c3
2023-03-28 08:21:23,True,0.4551,0.001466,9753.39,14.3048,0xfc...535e,https://bscscan.com/tx/0x49085397124e83d588a398aa8f796180f6ef9ed5496ba3fbfd3cda8e635b7b77
2023-03-28 08:21:20,True,0.4549,0.001466,840.555,1.23229,0xd3...ec6f,https://bscscan.com/tx/0xb68c83d79718d2e4b1b6052c991aa77ac9178f7b1d28c8a3de91271f0f55d321
2023-03-28 08:17:44,False,0.4548,0.001458,8.0,0.0116,0x13...a880,https://bscscan.com/tx/0x7d595dce59fcc4e1ea51f9322a50893ec701acdad4f02f2f299433775bea7df9
2023-03-28 08:15:20,True,0.4574,0.001466,40.5494,0.0594,0x7c...014d,https://bscscan.com/tx/0x309bc36d08720e33759fc7b21a441ae2506de7faf7349bdb08bd79d9b5d1c04e
2023-03-28 08:10:17,True,0.4569,0.001466,656.542,0.9624,0x70...8487,https://bscscan.com/tx/0xba37bb850b9692542f138dc3dcec7f7c86aad9b953f16cc8c461d3e2fcab5ca3
2023-03-28 08:09:05,False,0.4544,0.001458,2.60567,0.0038,0x13...a880,https://bscscan.com/tx/0x76332ba63721754d04a601458d968b505b5ef924d9ba0b26f9be914f1680bda0
2023-03-28 07:56:08,False,0.4518,0.001458,2298.3,3.35259,0xd3...ec6f,https://bscscan.com/tx/0x0a469b1b18998af83e3b3d73de0335288900b2abe2f930d7457292965abe2588
2023-03-28 07:56:05,False,0.4519,0.001459,2297.88,3.35259,0xd3...ec6f,https://bscscan.com/tx/0x3803bbefc1ee3d8a3802a8f014cc58aa089d7022e17735c1c31ed6c285f32d7b
2023-03-28 07:54:11,True,0.4542,0.001466,659.856,0.9676,0x70...8487,https://bscscan.com/tx/0x4fac46935c9ab60d497d4175b7f6da0c2595176ea2070ba3052809548d459c27
2023-03-28 07:52:17,True,0.4542,0.001466,101.103,0.1482,0x16...fd11,https://bscscan.com/tx/0x98449d54deff6639a1e7c4022f7fb35412ff56ee616edc356529d37b9d3656bd
2023-03-28 07:52:14,False,0.452,0.001459,2459.42,3.58872,0xd3...ec6f,https://bscscan.com/tx/0x1c91ee3a0c29e337a4a80d25bc406b6c58afff4878cb2383bbc47f7f954fbeb5
2023-03-28 07:52:11,False,0.452,0.001459,2458.94,3.58872,0xd3...ec6f,https://bscscan.com/tx/0x030f02ee9c80741f5bb4426fb7281db0973daba4134a69ee040a6b0a572d8240
2023-03-28 07:48:26,False,0.4521,0.001459,3061.75,4.46946,0xd3...ec6f,https://bscscan.com/tx/0xc60a4bdf6acf303f928204245d081e3d247acb414d6d96f1873fdf17068b990e
2023-03-28 07:48:11,False,0.4522,0.00146,3043.18,4.44341,0xd3...ec6f,https://bscscan.com/tx/0x8a9d556cf031de7ee09b4d280d020182cabaaf19d1f685b18590879e52b5159f
2023-03-28 07:48:08,False,0.4501,0.00146,3061.27,4.4709,0xd3...ec6f,https://bscscan.com/tx/0x2507d63d384942caaedfe342ed96ba81599a84c3d14736acf22eefa445e70647
2023-03-28 07:47:41,False,0.4524,0.00146,3131.49,4.57457,0xd3...ec6f,https://bscscan.com/tx/0xa906c6d153b1bf20ea9fdaa80029f5fe5512dfeae713326473a975def45db516
2023-03-28 07:47:38,False,0.4525,0.001461,3060.77,4.47234,0xd3...ec6f,https://bscscan.com/tx/0xe1cf60617c0e960b30007c815bdd79a2d1c2ae9a264fa84f99eca30620f21ee0
2023-03-28 07:45:38,False,0.4526,0.001461,50.0,0.073,0xca...86c9,https://bscscan.com/tx/0x89ea246da9c506b7299fc5f378c378a0a3f4954b5778dee6f04cb87135fde8fc
2023-03-28 07:38:23,False,0.4528,0.001461,2409.64,3.52169,0xd3...ec6f,https://bscscan.com/tx/0xa46b5e15d9d7ec40ed977f966e0f31fd526fcfacd530685bbf3c501583319765
2023-03-28 07:38:11,True,0.4551,0.001468,659.069,0.9681,0x70...8487,https://bscscan.com/tx/0xc0282e9e5204a85b9ff791d622d6000d388021254d48dff1f1cb34a0f446bc6f
2023-03-28 07:36:23,True,0.455,0.001468,150.339,0.2208,0x09...bf95,https://bscscan.com/tx/0x368fc6d61c611730e7c28ed522084300600709c8443407e516f45c49e8c93e15
2023-03-28 07:32:05,False,0.4505,0.001461,420.889,0.6151,0xd3...ec6f,https://bscscan.com/tx/0x8aca25654cc935f1a2eb6b355ab67965a0f836aee8ca8ce9b30cda18e3f6aafe
2023-03-28 07:31:59,False,0.4505,0.001461,1121.4,1.63911,0xaf...847e,https://bscscan.com/tx/0xffcdd8e7074ee09e262b12ebd20f8372a582bb52ab801e234ef67a1247964c45
2023-03-28 07:31:59,False,0.4506,0.001461,1761.89,2.57558,0xd3...ec6f,https://bscscan.com/tx/0xf2e075c0c26fd1b2736dd817356010bd9e10c11d73f75e04cdaed29e4d8d0e2c
2023-03-28 07:22:11,True,0.4526,0.001469,659.11,0.9683,0x70...8487,https://bscscan.com/tx/0x1002d3efb6bb6349cfabe5f08d9d98fcb7cbffe8601859ab2e9a724c2ef37745
2023-03-28 07:16:29,True,0.4551,0.001469,777.63,1.14245,0x1d...50bf,https://bscscan.com/tx/0xfefbee6c7a090dee8c3c2f45a139eebcf1e27f62b53c0198facb844a171ecc01
2023-03-28 07:16:01,False,0.4529,0.001461,2609.83,3.81535,0xd3...ec6f,https://bscscan.com/tx/0xde2724b98ea307f8c3d62fa22da4e37112f91b80196ad29ca75f2a2bffad62bf
2023-03-28 07:15:58,False,0.453,0.001462,2698.23,3.9454,0xd3...ec6f,https://bscscan.com/tx/0xa6c0a0f80611cc6d554a73cb499329dbb38c936ad024fee26a56403532e798bf
2023-03-28 07:15:06,False,0.4529,0.001462,3117.79,4.55993,0xd3...ec6f,https://bscscan.com/tx/0x092f2feb20c6d3d6f075a060c93b791c2da7c079d0a235730529f20661d3a1a4
2023-03-28 07:14:29,False,0.4529,0.001463,4289.97,6.27613,0xd3...ec6f,https://bscscan.com/tx/0x514622e708100996149b09ca902de7c9263545678b93793c92efb6ba9f729df2
2023-03-28 07:12:57,True,0.4529,0.00147,30.0,0.0441,0x6d...4b0f,https://bscscan.com/tx/0xa6bed5ca4bcfe046da307438d6fdf7560f6cdd7530dafca0cf14310dc5a4f0a5
2023-03-28 07:09:51,False,0.4529,0.001463,68.8333,0.1007,0xb7...3cf9,https://bscscan.com/tx/0xd64529b57f1c93174146416c09c62682f853a75780cd00b4d1a81b34e76121bf
2023-03-28 07:09:15,False,0.4529,0.001463,128.746,0.1883,0xd2...d344,https://bscscan.com/tx/0x98e41b9a6ebb7f36c28aecc606c89e4215f973cede2418f7d996771523254d65
2023-03-28 07:08:54,False,0.4506,0.001463,73.4785,0.1075,0x1e...ba65,https://bscscan.com/tx/0xd34e49c34d884031ee69963ea5f49941f727dfc5cd9727b48a025a16be18ead6
2023-03-28 07:06:39,True,0.4529,0.00147,1.94922,0.0028,0xf5...2a4d,https://bscscan.com/tx/0x53c0daf7a5c79bcb5d88c0ddadfad7fe930a45ff3b30608cadfff7d493adb3aa
2023-03-28 07:06:12,True,0.4552,0.00147,659.319,0.9695,0x70...8487,https://bscscan.com/tx/0x179849a9f7fb0d4e2e1925ef925e4a1002b50380a1f1f573848c949616a66bf8
2023-03-28 07:02:18,False,0.4519,0.001463,16.6672,0.0243,0xb2...345c,https://bscscan.com/tx/0xdadb13cd895a9909c2ffc7c82c05fda32f8517aacc50662a80b8a45c8b4599ec
2023-03-28 06:50:11,True,0.4535,0.00147,661.173,0.9722,0x70...8487,https://bscscan.com/tx/0x003bd70688153e796d6fe4fe399c8e8f5d98b51d5ca26e6040fbb6ff77c3f0ad
2023-03-28 06:44:56,True,0.4512,0.00147,1094.23,1.60894,0xc0...38a2,https://bscscan.com/tx/0x6851f06ac4a331bf6c8d98c878abf115022919f7a56e7139e5ae61f1d71b5838
2023-03-28 06:34:11,True,0.4533,0.00147,660.717,0.9714,0x70...8487,https://bscscan.com/tx/0x6cefc8889d58299d7a554a62588d807ad01d80fb8b3f0935149b6c90916d1d89
2023-03-28 06:27:56,True,0.4529,0.00147,1612.0,2.36988,0xd3...ec6f,https://bscscan.com/tx/0xb273b0c2367edf345d1c491ca766f7a171e82461e6eaed9f487b8c999b400d5c
2023-03-28 06:27:50,True,0.4507,0.00147,1612.0,2.36957,0xd3...ec6f,https://bscscan.com/tx/0xbb77cb21d3b6b871ef3cb6f22daf0a79367dcca26b6b52d89cc9005a4a8cbb2b
2023-03-28 06:27:47,True,0.4506,0.001469,1612.0,2.36927,0xd3...ec6f,https://bscscan.com/tx/0xc630d37d41b4e68f32f6bc1c97f8f1de8962c7f2b02c5a5a92539fac4b45369e
2023-03-28 06:27:44,True,0.4505,0.001469,1612.0,2.36897,0xd3...ec6f,https://bscscan.com/tx/0xd5810793975f65ac41080f8218f5b2deaed3540a70b6973a1ae949bca3b06e9b
2023-03-28 06:27:41,True,0.4505,0.001469,1612.0,2.36867,0xd3...ec6f,https://bscscan.com/tx/0x79401926cd694a3058bae36eaba0c6f984804afb0f31395f7f1344257ab373a6
2023-03-28 06:27:32,True,0.4505,0.001469,1655.6,2.43243,0xd3...ec6f,https://bscscan.com/tx/0x2180ddabbcc3559c984ddb8a1b56eed1eb742310c6c75d4094b1e5f77e7171ba
2023-03-28 06:22:08,False,0.4508,0.001461,89.0945,0.1302,0xc7...2c31,https://bscscan.com/tx/0xd2e3d9136097ea5a2251782b2951e1a9030567ae0491706b5e1c6f927dd1af53
2023-03-28 06:18:53,True,0.453,0.001469,90.6044,0.1331,0x33...0e36,https://bscscan.com/tx/0xcc94e83a28ddc2b10769351566b690947fa31aca166fdbccf583c4ddf23df717
2023-03-28 06:18:14,True,0.453,0.001469,661.516,0.9718,0x70...8487,https://bscscan.com/tx/0xd02a6e81528f2b4509c7594eab6792c6de5ef240c3f9168a496a13ac7dd157cc
2023-03-28 06:16:38,False,0.4485,0.001461,154.127,0.2252,0xc7...2c31,https://bscscan.com/tx/0xf8ef65727d81b7fa0e6477152d9d14e90a43491ce1af02d23e9550584eafb356
2023-03-28 06:09:16,True,0.4511,0.001468,4135.93,6.07492,0xd3...ec6f,https://bscscan.com/tx/0x4ec37c639790e0dba8448c636127131014030a7a61a9177e085e9627ea0c2261
2023-03-28 06:09:07,True,0.4509,0.001468,4135.26,6.07196,0xd3...ec6f,https://bscscan.com/tx/0x09e7ca254f360dee974424851f71203af7ca5b97fda1a79a74a6dba0c5e2b746
2023-03-28 06:08:43,True,0.4533,0.001467,4131.46,6.06441,0xd3...ec6f,https://bscscan.com/tx/0xae358bef3b3f3e0182824c01800ae8642ecf73d9ebd5f0acae9ac0e80632e49e
2023-03-28 06:08:04,True,0.4509,0.001467,6622.01,9.71607,0xd3...ec6f,https://bscscan.com/tx/0x0c3ffd59a110155c47fe48bf3d6ce8cc0f0f9203c2219d35cd52ca92270ba6da
2023-03-28 06:06:31,True,0.453,0.001466,396.8,0.582,0xd3...ec6f,https://bscscan.com/tx/0x5c895f6db90cd76b061c89174884636b4b1720799976df4711a74b6f6bff00ef
2023-03-28 06:06:28,True,0.4529,0.001466,396.8,0.582,0xd3...ec6f,https://bscscan.com/tx/0x6c264544ebe0ad53b0972ecadf759778c85ba4d2438cd1bcfb2e126917a44a90
2023-03-28 06:06:25,False,0.4507,0.001459,84.9818,0.124,0x05...3732,https://bscscan.com/tx/0x6f366016b1e8174af516cf4b2c837ce6d9558193790e559d5955a38af9979319
2023-03-28 06:06:19,True,0.4507,0.001466,938.62,1.37669,0x4d...74b8,https://bscscan.com/tx/0x8cfe7c91fb0b5ab96165948851ccd35fa71e86c1c8f6ace9dadd814cd3615fef
2023-03-28 06:04:01,True,0.4506,0.001466,4768.03,6.9918,0xd3...ec6f,https://bscscan.com/tx/0x5300cb6ac8d1a4db16326b22723b48951f03136ebb47a43430686e535f24e0da
2023-03-28 06:03:58,True,0.4527,0.001466,2834.64,4.15544,0xd3...ec6f,https://bscscan.com/tx/0xd0da856d9dbb6341dad8e69c5bdbac15d956807860a8f4263935fb64265d3fb1
2023-03-28 06:03:13,True,0.4528,0.001465,662.311,0.9707,0x70...8487,https://bscscan.com/tx/0xc5525262233ff89a0bb65e99d93b3be92cd1652e65dd753829aa5e5a288d2df1
2023-03-28 06:02:19,True,0.4527,0.001465,4346.32,6.36938,0xd3...ec6f,https://bscscan.com/tx/0x64c5bbf28c9bf709d8dcd87960f0ad32c468d43ea34cad8bc2961536e0236063
2023-03-28 05:52:59,False,0.4489,0.001457,313.59,0.4571,0xe3...0f47,https://bscscan.com/tx/0xfdf9a543e2c20c82c1fd3ce0a0ac541d0ac9bf5141ba19d55e9cc096fe0e4ab6
2023-03-28 05:47:34,False,0.4512,0.001457,128.726,0.1876,0x05...3fce,https://bscscan.com/tx/0x920a032099eda312896067c1830262c230672c6c3ddb1507f3a771a452b8a11f
2023-03-28 05:47:19,True,0.4535,0.001465,661.63,0.9694,0x70...8487,https://bscscan.com/tx/0xf69426c36b4cf541ba36fcb9d6cfd1ddd9b78d579ba4b0fd1d9eeebfbe6210d1
2023-03-28 05:36:04,False,0.4509,0.001457,82.54,0.1203,0x05...853c,https://bscscan.com/tx/0xa543d29cc239826e16de04c1772fc275f68f25113f27f1dea1378df5c551c7ee
2023-03-28 05:33:25,False,0.4491,0.001457,67.0,0.0976,0x64...c781,https://bscscan.com/tx/0x19a9b4020e04d2bb876e0ff41e3bfac145afe38b61993de0ba0e767ed290c10e
2023-03-28 05:32:43,True,0.4543,0.001465,56.3136,0.0825,0x08...c0af,https://bscscan.com/tx/0xb68e784c1b1d9b0b1868ce42d176db99e25b7d766d0cec405d358160666a4aa1
2023-03-28 05:31:13,True,0.4552,0.001465,659.512,0.9662,0x70...8487,https://bscscan.com/tx/0xeab102789708fa3883cae5cd6dc64b211e684e116f43d567153b7e1495f41f45
2023-03-28 05:16:11,True,0.4553,0.001465,659.175,0.9657,0x70...8487,https://bscscan.com/tx/0xcbcff6d46c43e19c35c6f3b565d47dc334866e9ec40f7c857967974588303b9e
2023-03-28 05:09:53,False,0.4531,0.001457,88.6841,0.1292,0x2f...fec4,https://bscscan.com/tx/0x96b9f24ead59ed36e64599546031bd3d7e513abd14c5022ea1f79c2ba4317429
2023-03-28 05:01:29,False,0.4511,0.001457,50.0,0.0728,0xdd...93de,https://bscscan.com/tx/0x12bd0072ac92f46afe1d0001fffd14fe36c2a2830cc712559eba7cf3ad7075b1
2023-03-28 05:00:20,True,0.4557,0.001465,657.6,0.9634,0x70...8487,https://bscscan.com/tx/0xd0d30f02f3178f669b629b0d9ca15ee839bcf3055daffada2f1efb6052168071
2023-03-28 04:55:17,False,0.4535,0.001457,33.7493,0.0492,0xed...1c25,https://bscscan.com/tx/0xd4be2f8c6e908a3a9dd0767865bdcbe6c50c48cd95efc47193ceca1b6ed906ed
2023-03-28 04:48:29,False,0.4513,0.001457,3419.52,4.98521,0xd3...ec6f,https://bscscan.com/tx/0x0e88c34898eaa293f72c911665ffb97e65385a7f0d96c574a97689bb7660796e
2023-03-28 04:48:26,False,0.4515,0.001458,4806.37,7.00933,0xd3...ec6f,https://bscscan.com/tx/0x8ad720ecda6f7dee4226958645a3795c6a59ba2574700b4a61b703e28950b2f5
2023-03-28 04:46:53,False,0.4539,0.001458,5803.14,8.46647,0xfc...535e,https://bscscan.com/tx/0xaa6068355362ff26dbd370c91fb7517dc7df772337e379ecab73d04c2ce55ab5
2023-03-28 04:46:53,False,0.4541,0.001459,3471.21,5.06616,0xd3...ec6f,https://bscscan.com/tx/0x640b84a61409778c4df6b2c1144997d5e18ddf846ec9fc34d0c698855781fade
2023-03-28 04:46:50,False,0.4542,0.001459,1290.3,1.88352,0xb3...55e7,https://bscscan.com/tx/0x0c7a7608b7638ea72133895a4e8b6ffa04da31620b4185cdebfecb955d4e40db
2023-03-28 04:46:50,False,0.4542,0.00146,2360.13,3.44569,0xd3...ec6f,https://bscscan.com/tx/0x5b43137fe17f65b357d844cd9f53dbf433340853b6ff8390810d2150ae43f19f
2023-03-28 04:44:11,True,0.4542,0.001467,656.447,0.9632,0x70...8487,https://bscscan.com/tx/0x7bfb098b4bdd10ab23eb465dad8b715ddf1cf0ff5a96c10b188242c237986b48
2023-03-28 04:37:47,True,0.4544,0.001467,1181.05,1.73293,0x3e...7b50,https://bscscan.com/tx/0xf09003fa6ab2149d397240b48480c7158ea7f96cb264f70ca680041ce28d71f2
2023-03-28 04:37:08,False,0.4544,0.001459,73.0,0.1065,0x25...08d6,https://bscscan.com/tx/0x59da4080d4d43b392cd3bfec8af6f748a30b022b1d91f470f56124b9d941e291
2023-03-28 04:35:23,False,0.4521,0.001459,20.16,0.0294,0x8e...46de,https://bscscan.com/tx/0xb9cb54c14497eee3f2ced3672a273f1f16976f29a22463a32d923c8aa346c608
2023-03-28 04:33:53,False,0.4521,0.001459,4.0,0.0058,0x3c...cfd2,https://bscscan.com/tx/0x04598823a032c604d1c8bd97116c6a7ce8a2b2b9a0e44f10babaae22898177f3
2023-03-28 04:33:35,False,0.4544,0.001459,248.133,0.3622,0xcf...e877,https://bscscan.com/tx/0xaec1ab0baaa5a82e650a933af3e2fd4ac12115f1d25f43996ffc5b7f7a5f1418
2023-03-28 04:33:29,True,0.4567,0.001467,2.06702,0.003,0x06...84bb,https://bscscan.com/tx/0xb3ac410279ce5adce1702106522268644bd9eef4e363b9c56b52fc576dd1ee01
2023-03-28 04:29:11,True,0.4548,0.001467,655.84,0.9622,0x70...8487,https://bscscan.com/tx/0x0db638641c04f25344d6a6cc14f9e95e534a9665f2819e364d8506ff938ba0c7
2023-03-28 04:26:11,True,0.4551,0.001467,62.7448,0.092,0x3a...4657,https://bscscan.com/tx/0xcbdbdaf3a0ad6c5e4ebc9b4529682988fac0bf253aaaa96f154dd175d3309ea6
2023-03-28 04:21:53,False,0.4532,0.001459,199.0,0.2905,0x34...b2a8,https://bscscan.com/tx/0xa8677baabfe563a767181bbf280bf048d809760cf30935296f19943087d448c8
2023-03-28 04:21:35,True,0.4578,0.001467,47.2933,0.0693,0x9b...e950,https://bscscan.com/tx/0x58314e900b1b8a936cb73f054cd9314903c010446e9446481143bfacabd3fbd4
2023-03-28 04:15:23,True,0.4554,0.001467,996.4,1.46185,0xd3...ec6f,https://bscscan.com/tx/0x880d01d9e705b39362519b989f35972db4d7063113960ee00fecf73edffaec60
2023-03-28 04:15:20,True,0.4554,0.001467,996.4,1.46173,0xd3...ec6f,https://bscscan.com/tx/0xee7cdd971d5483bae5677652d8b74d58c8346c3c07576b67844a48b53b4ac4db
2023-03-28 04:15:17,True,0.4553,0.001466,996.4,1.46162,0xd3...ec6f,https://bscscan.com/tx/0x129cad445ee099b9514ffd6dd9e56b867fac0a15cecb3c458aafb3e9ca06766c
2023-03-28 04:13:17,True,0.4576,0.001466,654.793,0.9604,0x70...8487,https://bscscan.com/tx/0xb0bd0dc498b217c7525cd52175be7c5e481d25a72c30beaa0491ad56fa9165b6
2023-03-28 04:12:11,False,0.4553,0.001459,21.6011,0.0315,0x34...9f02,https://bscscan.com/tx/0x639bd42d8ca74f8dc726334fc8a5d61510f2ae5d6f44672316e0116305e8ecad
2023-03-28 04:05:32,False,0.4553,0.001459,5.85641,0.0085,0x15...8e57,https://bscscan.com/tx/0x76878e10411c512bd01f24f736d65ce6f2053f76f3945d11ead953e87697a550
2023-03-28 04:01:53,True,0.4578,0.001466,326.744,0.4792,0xa8...2099,https://bscscan.com/tx/0x63a3f6782bf2c6e757d26f3a764046626f03a33235f0a85634b58a72c0cb7dee
2023-03-28 04:00:29,False,0.4533,0.001459,459.0,0.6698,0x84...6a00,https://bscscan.com/tx/0xdef3510914133d980257e8238ab4f9d4c8cf8ef11498de154c168400fc97f5f4
2023-03-28 03:58:11,True,0.4578,0.001466,654.746,0.9603,0x70...8487,https://bscscan.com/tx/0x2d9f22020b9d0c5de2ed4fb0802a981fe1d32443bcf1631ff0ffff2047cf4270
2023-03-28 03:43:59,False,0.4535,0.001459,90.5001,0.132,0x96...97ec,https://bscscan.com/tx/0x32b18973912f8cdbe172ed39a2ddb25fda3c74aa910ea7a3483b99a5eb8da790
2023-03-28 03:42:17,True,0.4557,0.001466,654.384,0.9597,0x70...8487,https://bscscan.com/tx/0xba224f100988d48ff697234d1a309884aa6869829dfcc3572a1c4b8de740601e
2023-03-28 03:41:47,True,0.4579,0.001466,5805.89,8.51322,0x98...5cc4,https://bscscan.com/tx/0x26a356f91fd046a43914688fcf843dfed7defb8354ae7055ba260be76bad6f7d
2023-03-28 03:41:44,True,0.4578,0.001466,276.944,0.4059,0x51...1bf0,https://bscscan.com/tx/0xc2fff75c9bfbb2f611db5b79f3828a631ecc3a5d62ef10069d08c70d1a60d072
2023-03-28 03:37:44,False,0.4537,0.001458,28.2248,0.0411,0x63...57d5,https://bscscan.com/tx/0xa749effa2029c28fa6b6fa7701ef58fc75678eb0581b52fac52f79ace7d4a203
2023-03-28 03:33:08,True,0.4525,0.001466,59.8822,0.0878,0x88...b865,https://bscscan.com/tx/0x4f1559be01ece56c44005058be52d39416d1b4e57b58efafb7ff6d5154aabac8
2023-03-28 03:30:17,False,0.4499,0.001458,0.9094,0.0013,0xd3...ec6f,https://bscscan.com/tx/0xcbce66f0025e4ff066005b999646a512e2744d3ca0e1fb331fdbaa679cc7177c
2023-03-28 03:30:14,False,0.4522,0.001458,1919.4,2.79988,0xef...cab1,https://bscscan.com/tx/0x9e3bcfc42d1317d8c32415537c6435fb5e5ebbde779be5479feb98b9afc5bccb
2023-03-28 03:28:02,False,0.4522,0.001458,1883.68,2.74818,0xd3...ec6f,https://bscscan.com/tx/0xb9bdf61a25437e9d7839a03cf2b1727a2835df4b8b3f11c63bded3c25318df38
2023-03-28 03:27:56,False,0.4523,0.001459,1883.29,2.74803,0xd3...ec6f,https://bscscan.com/tx/0x04ce06c452e559a716e4ff2b36606eebbadd1c85aea448c8b58551486490bd6b
2023-03-28 03:27:53,False,0.4523,0.001459,1883.62,2.74891,0xd3...ec6f,https://bscscan.com/tx/0x77736b4cc1051f73bc1ed4029e5f17b493827606a645fa7c89cadf1ff9ff3182
2023-03-28 03:27:47,False,0.4523,0.001459,1959.31,2.8598,0xd3...ec6f,https://bscscan.com/tx/0x615e2f71480c809c55dc7f35df258de9422ec821a7ded4c04a64d928826d172a
2023-03-28 03:27:08,False,0.4524,0.001459,2035.23,2.97107,0xd3...ec6f,https://bscscan.com/tx/0x6cada2b5e80fe84f7c6b9208d8a035145db04f198650b7947df4ced973480767
2023-03-28 03:26:59,False,0.4525,0.00146,2035.11,2.97137,0xd3...ec6f,https://bscscan.com/tx/0xb5ce4818b6a9b9fb629f9ef56d25aebbc143dc3be398b94ced1bb6b0909025e1
2023-03-28 03:26:14,False,0.4504,0.00146,2828.23,4.13017,0xd3...ec6f,https://bscscan.com/tx/0x0d76205e463e1f76bb3f35249f5abf3b684c16616bcb75e2d79f56a018fb1397
2023-03-28 03:26:11,True,0.4527,0.001467,658.555,0.9666,0x70...8487,https://bscscan.com/tx/0x7cf1d52be0d7bc715491a4c7315ca75be0f48666239246bab089ba49bb5f4032
2023-03-28 03:24:38,True,0.4528,0.001468,21.9265,0.0322,0x18...3288,https://bscscan.com/tx/0xdf0da9a3a83dfcaf51f856d683bf7447a73231645a834435850a446e4fbc4418
2023-03-28 03:21:53,False,0.4529,0.00146,3955.64,5.77779,0xd3...ec6f,https://bscscan.com/tx/0x057aa194ffd4fe13d5b6ac2abd7f6afc811a48338a9d1b0c426168ce21af9142
2023-03-28 03:21:31,False,0.4527,0.00146,478.062,0.6984,0xd3...ec6f,https://bscscan.com/tx/0x0c90a0121fd6d6a26b5a60fdcb5fd205851eb8e01c95d7bc92ddc055ca5cbc13
2023-03-28 03:20:46,False,0.4528,0.001461,4372.7,6.3893,0xd3...ec6f,https://bscscan.com/tx/0x583261de14dcd214343dd27e2e6f1a46ec832781d10bf2d9693ee72d703af1be
2023-03-28 03:20:13,True,0.4551,0.001468,26.3046,0.0386,0x52...8d7e,https://bscscan.com/tx/0xab004a1948f93b065ca45e4b96dc6dd31c81e92296925031f7e3f05fd86de88e
2023-03-28 03:19:22,False,0.4506,0.001461,441.802,0.6456,0xd3...ec6f,https://bscscan.com/tx/0x1287b758406a8306892aa59b6fcc8fe9925ec9220871a13a6aad8541b7db71f3
2023-03-28 03:19:16,False,0.4506,0.001461,3048.82,4.45632,0xfc...535e,https://bscscan.com/tx/0x3e83faa64a1f7389d1f9e9179c158b77e7849faf096347ea2297a77f045599b5
2023-03-28 03:19:13,False,0.453,0.001461,489.1,0.7149,0x0e...7558,https://bscscan.com/tx/0xfe59f68f617385d935490938c780ceb7a75611cbd0d795279bded0b21c63aba6
2023-03-28 03:18:13,False,0.4506,0.001461,800.0,1.16954,0xec...f29f,https://bscscan.com/tx/0x0365027327eb0240e11b36e96b6c458b390b42845de302d4bcb94951c58e4f19
2023-03-28 03:15:31,False,0.4529,0.001462,2423.44,3.54335,0xd3...ec6f,https://bscscan.com/tx/0xc2a2cf70a3affb9da8ebe7375d94bbc0e517e11dfeb179828e4ea397ef4ab4b9
2023-03-28 03:13:46,False,0.4531,0.001462,494.813,0.7235,0xd3...ec6f,https://bscscan.com/tx/0xf0a7bc94fa48f7957c21ef97823cac0363380911b3bacab3f2be933eb5a8df16
2023-03-28 03:13:43,False,0.4531,0.001462,814.478,1.19106,0xd3...ec6f,https://bscscan.com/tx/0xbceaf3be5b12be099cb82bb9b648ba6131b90deb7f540c170eb06eb22ecd5b82
2023-03-28 03:10:19,True,0.4552,0.001469,657.74,0.9666,0x70...8487,https://bscscan.com/tx/0x3d8420bac726977450f6811206b50ce1b3e78ee475ac38831eeb5ccc55e44e6c
2023-03-28 03:09:22,False,0.4529,0.001462,33.8412,0.0494,0x9c...5ba0,https://bscscan.com/tx/0x0337aa1aeff22261859d21db5938e5a25a3fd7b69332bb48ddb19f5f82261ac9
2023-03-28 03:04:46,False,0.4513,0.001463,13668.0,19.9979,0xfc...535e,https://bscscan.com/tx/0xa4991450debe6866722fc05c74d76edd2659ef4774a2a67b8c1556a620ff3a59
2023-03-28 03:04:43,False,0.4515,0.001464,902.6,1.32137,0xca...34d7,https://bscscan.com/tx/0xa60656495eb92ede1f419d65322426fb07eae2e481482549df74995070433c72
2023-03-28 03:04:43,False,0.4516,0.001464,415.711,0.6086,0xd3...ec6f,https://bscscan.com/tx/0x398078e166e8a46682b8aeda4dc756c5ff357a9631d4e45ec92b3a53bdac4f5e
2023-03-28 03:02:40,True,0.457,0.001471,5.0,0.0073,0x57...e05a,https://bscscan.com/tx/0x15cf699ce6ee49df2de3d3df33252752f2fbb853e41a3448fc342a8c50893cc5
2023-03-28 03:00:10,False,0.4552,0.001464,7969.45,11.6714,0xfc...535e,https://bscscan.com/tx/0xd8d2435103ecfbfb04bdbefea9c0ebb2a039449284dd38cebdb7ba1a51b43610
2023-03-28 03:00:04,False,0.4554,0.001465,569.027,0.8336,0xd3...ec6f,https://bscscan.com/tx/0x4af9612844e7649ebf2db7dc6f02fc63aaf2474b518b3b361f18aec7163a88cb
2023-03-28 02:59:31,False,0.4556,0.001465,11709.1,17.1621,0xfc...535e,https://bscscan.com/tx/0xd34b04bccc6ec015180435febb409da3640d6f620e5dfacc976c47197c828f34
2023-03-28 02:59:28,False,0.4558,0.001466,356.555,0.5228,0xd3...ec6f,https://bscscan.com/tx/0xbf645a8b991413f73194a8be463c0f550cf85baf35973a403412e1811a226c5d
2023-03-28 02:54:19,True,0.4561,0.001473,653.755,0.9634,0x70...8487,https://bscscan.com/tx/0xd72d422dfe5f458d90f91ab3d3379cc2259a9007cff65108193cf086a543301b
2023-03-28 02:51:04,True,0.4567,0.001473,15.0,0.0221,0x9b...13dc,https://bscscan.com/tx/0x0d4213ce0e43aecb2b0f19452d0ea13b53cb2a2992916606a20f7002a0043c7a
2023-03-28 02:39:31,False,0.4569,0.001466,5567.05,8.16503,0xd3...ec6f,https://bscscan.com/tx/0x33b6ac1a4e847218efd2d9712251049f5da5858bcce27f1f74b6afaf7cc18586
2023-03-28 02:39:25,False,0.4571,0.001467,1520.76,2.23107,0x52...1c7e,https://bscscan.com/tx/0xd4815e01a155a6c2cb47923b7e5d1b9605f0c120b63bd09157412e4930d77da1
2023-03-28 02:38:13,True,0.4571,0.001474,652.172,0.9616,0x70...8487,https://bscscan.com/tx/0x0acf0d047c71c9374841d2bba45e772851fe0b8b990ed4daaabc422f5d727ecf
2023-03-28 02:35:04,False,0.457,0.001467,3352.75,4.91945,0x98...5cc4,https://bscscan.com/tx/0x616f2b22db42fe80d1db8ff87b656dff11ed4e661e324f3d862995c8e2dab554
2023-03-28 02:35:04,False,0.4571,0.001467,6.81441,0.01,0x17...b08a,https://bscscan.com/tx/0x4626ac76cfc79aabe18662989565ac8e32321fda077af9880e9b8ff666d14100
2023-03-28 02:32:07,False,0.4571,0.001467,213.251,0.3129,0x0b...56ac,https://bscscan.com/tx/0xe97b0cf5d3fa5bb45fcecb8a64820e13517122d91dfe92f68930bec6b330d458
2023-03-28 02:30:58,False,0.4553,0.001468,22678.4,33.3104,0xda...6e1f,https://bscscan.com/tx/0x4b9216fedf8db06bcdc5ed02860376ad2a73afc5a6f558a08363f3383a4c2bbb
2023-03-28 02:30:58,False,0.4557,0.00147,2100.55,3.08833,0x3f...573a,https://bscscan.com/tx/0x818348d0060c3026353ae9c0eb225b85832006c7673a1680cc12142fabbcbeb6
2023-03-28 02:30:58,False,0.456,0.001471,15916.5,23.4178,0xd3...ec6f,https://bscscan.com/tx/0x52f5252f11df96df86eb4341d984fb78f538dcf897290866c9929a9ddda92148
2023-03-28 02:23:10,True,0.4608,0.001479,650.476,0.9624,0x70...8487,https://bscscan.com/tx/0x3f0d442d9ffe0a285851d35b50fcefd79a2a669e40d7e0aedab0cb79bda65672
2023-03-28 02:14:58,True,0.4607,0.001479,2709.16,4.00784,0x98...5cc4,https://bscscan.com/tx/0x6edbd4c98b1df5f0930e4566275125b6642d161b2b93f893bee03fc1c9a8c0c2
2023-03-28 02:14:55,False,0.4583,0.001471,567.0,0.8345,0x60...68b2,https://bscscan.com/tx/0x34d6f83785421ed3d516eb4d54dc471877eba281ac8f1678265199e425a77cce
2023-03-28 02:07:10,True,0.4586,0.001479,650.636,0.9624,0x70...8487,https://bscscan.com/tx/0xbbed4654face09299d667683245a66d549213bdce6640fb56b7706c28ab2b683
2023-03-28 02:05:07,True,0.4585,0.001478,6436.97,9.51915,0xfc...535e,https://bscscan.com/tx/0x339eb29a221dedfae27df7f98368f2ee5db5a71dc0503ee1251a0169d347048b
2023-03-28 02:02:28,False,0.4584,0.001471,606.568,0.8923,0x5d...d98a,https://bscscan.com/tx/0x43693853ff3c36cecaa18caa21e90fc834390b1ed45c69549904829e61c95e8c
2023-03-28 01:52:19,True,0.458,0.001478,651.051,0.9625,0x70...8487,https://bscscan.com/tx/0x1ca6bc6b759fe7e5b1cf288e84de132bea188be2513017ac77e7e42fbcea289a
2023-03-28 01:48:16,False,0.4577,0.001472,26577.7,39.1384,0xed...4f31,https://bscscan.com/tx/0x2a240aa93d8fe3a04bdb1ff4225cdc00292ed2dc4447dd07fd87eb24ec053873
2023-03-28 01:45:57,True,0.4605,0.001481,109.314,0.1619,0x27...8af0,https://bscscan.com/tx/0xa62a3d5a1d7d9fb93649241ada92cef423bbbddd3478832ff6d8c22000e62171
2023-03-28 01:37:10,True,0.46,0.001481,651.633,0.9653,0x70...8487,https://bscscan.com/tx/0x1f23f136c784e191cd827e4661930e876d14a7ce7872e7ff25066e748158dac1
2023-03-28 01:26:13,True,0.4564,0.001481,20.2553,0.03,0x52...8d7e,https://bscscan.com/tx/0x1e9caeb7434829972c1e7584dad6c22c8e05aa651d683f238e9d858bfde4adeb
2023-03-28 01:21:13,True,0.4586,0.001481,653.731,0.9684,0x70...8487,https://bscscan.com/tx/0x932afcf53994dd9b0e6d0ec3dfa8ed112ef23caf7499d18cce3d6683ef9631be
2023-03-28 01:20:16,False,0.4563,0.001474,942.022,1.38857,0xf2...eb09,https://bscscan.com/tx/0x4153b2fb9e2fa80956f78a0ddded55f418a3a5aa53f1614969840ff2fc73f04a
2023-03-28 01:16:10,True,0.4562,0.001481,126.144,0.1868,0x2c...c9c5,https://bscscan.com/tx/0x9107bb727d9f32beacfa40b1de35a58caddcd5e40e37347fb7a6eb3663be0093
2023-03-28 01:05:13,True,0.4559,0.001481,653.602,0.9682,0x70...8487,https://bscscan.com/tx/0x79e38cb8f1c66a231fced7b39301274c2d6f21452d1054eeb837d3cccfbf149c
2023-03-28 00:55:22,False,0.4536,0.001474,1036.74,1.52822,0x68...6187,https://bscscan.com/tx/0x9437fcabe6f4827a911c70086f8342f9fd9c1c9ca0cc930f396e59a8eca7cb7c
2023-03-28 00:50:13,True,0.4581,0.001481,653.814,0.9686,0x70...8487,https://bscscan.com/tx/0x9dd7cb119e38abc44f59e45a38f38fba336ba5a4ad0430dacf5406725f6644b3
2023-03-28 00:46:52,False,0.4535,0.001474,29.2578,0.0431,0x02...2d77,https://bscscan.com/tx/0xd5f519f1dac41ce1495c15b6eb58d965326824e77633758c7d8a1098355d5e58
2023-03-28 00:44:16,False,0.4559,0.001474,9866.55,14.5494,0xda...5a45,https://bscscan.com/tx/0xa78c2bde14b3a77d554576dd08e20e49ab7419bd1e813cd88c040dea7810ea72
2023-03-28 00:40:16,True,0.4585,0.001482,2623.38,3.889,0x00...78d2,https://bscscan.com/tx/0x30b42b6ad985f3ddf96401b4ecacf4335818b7d0871f2c2c3f5cc2da7435b9f4
2023-03-28 00:37:01,False,0.4564,0.001474,22.6225,0.0333,0x52...8d7e,https://bscscan.com/tx/0x5d1f4f3a33a46ec90bcf10792ed2e7d805bea388a420a83a0a9324e1bb37af3b
2023-03-28 00:34:19,True,0.4564,0.001482,652.033,0.9664,0x70...8487,https://bscscan.com/tx/0xe9837624271c7245f143c6e4a328ee9cf7dfadea862b50ef2dae79545255eab0
2023-03-28 00:30:38,False,0.4527,0.001474,24.9263,0.0367,0x1a...0c99,https://bscscan.com/tx/0x216024ebff71b442aaadfb2890b6a29ee0948e389b6db5272d4a8a1b4dae67de
2023-03-28 00:24:21,False,0.4551,0.001474,129.822,0.1914,0x1a...0c99,https://bscscan.com/tx/0xc35e3c079474fe51b8acb18b1976c5169485be56635eced4de42978b7f346ece
2023-03-28 00:18:12,True,0.455,0.001482,654.209,0.9696,0x70...8487,https://bscscan.com/tx/0xa41d8e89df38da4c8c031b6af9e07e9c61f1d0c03301f901f749f54cacba5480
2023-03-28 00:15:15,False,0.4528,0.001474,25.0071,0.0368,0x55...8243,https://bscscan.com/tx/0xcd1c56a910d24f24aa0747d103e5694e89e8aaed13fac051e48e2b1e1a3c1715
2023-03-28 00:11:26,False,0.4532,0.001476,23011.8,33.9677,0x2f...e155,https://bscscan.com/tx/0x0905e613415db4884f53d90983bde48aff00d60b411f30a96edc8523711c2dbb
2023-03-28 00:07:46,False,0.4537,0.001477,83.5855,0.1234,0x19...2b51,https://bscscan.com/tx/0x26e4645deda35a98ef992638e0026bceb8ba29a9352a857d01f41f025fc9bc84
2023-03-28 00:04:46,False,0.4537,0.001477,1.5,0.0022,0x14...cc9e,https://bscscan.com/tx/0xe8cd33cfcb0d34bfbc618d8b057aa5d645f6a0edb29159de64d774447021f355
2023-03-28 00:03:19,True,0.4582,0.001484,653.536,0.9703,0x70...8487,https://bscscan.com/tx/0xd0d41f7365eb653244e199578ae54529b9b7172cd6ac871ade4e38d1df58f1a3
2023-03-28 00:03:07,True,0.4582,0.001484,311.534,0.4625,0x9a...4280,https://bscscan.com/tx/0x7d0ce67c54615b3ec22ec8e03c9670bcf6fc02a4a82b7301ce8f7ac0333be71c
2023-03-27 23:48:12,True,0.4549,0.001484,655.231,0.9728,0x70...8487,https://bscscan.com/tx/0xe3ead0afe713725189e8969b631d99d4632800aebe6d129581430a69749f1752
2023-03-27 23:39:06,False,0.4521,0.001477,7.56,0.0111,0xe0...5ba9,https://bscscan.com/tx/0xb05d0b1a553467ad5ddff74e9201c0b8d5c78a96a84b54956dcd1e8cc312664a
2023-03-27 23:36:21,False,0.4547,0.001477,28.0673,0.0414,0x02...2d77,https://bscscan.com/tx/0xb4c165f1bb288a5978029b3fae0f5c53405c54b0de9ae149a0edf4fc6d4c3542
2023-03-27 23:32:18,True,0.4543,0.001484,655.26,0.9728,0x70...8487,https://bscscan.com/tx/0x260df3a56193690209032075fcc3100b86e9aca84e44c0cf10239a6271aa21ae
2023-03-27 23:31:51,True,0.4566,0.001484,18.8546,0.0279,0x8a...cbfe,https://bscscan.com/tx/0x0fce00b8d23a54ce4744041341490ecadf58627d90f5e1d600ed24fa2c10b08b
2023-03-27 23:30:57,True,0.4543,0.001484,19.6831,0.0292,0x8a...cbfe,https://bscscan.com/tx/0x374740e085435b1cb5ca0f736e3d97ea3cd7c730b55bfa55e321b23b6d6fe807
2023-03-27 23:27:24,True,0.4566,0.001484,414.074,0.6147,0x91...0d6b,https://bscscan.com/tx/0xe8da2b4033e67becfc1d429b09f80cb3cc3f6bff8795760cfbacb9eefbfca599
2023-03-27 23:17:48,False,0.4544,0.001477,17.0,0.0251,0x90...6a00,https://bscscan.com/tx/0xd6ffe7c6c6bed8633c3d9e7da824867448cf6ccc311c1b0fdd1865a8b0ad9a78
2023-03-27 23:16:12,True,0.4544,0.001484,655.76,0.9734,0x70...8487,https://bscscan.com/tx/0xa08d9152746fc1963e2cdb6589076bd4eb871b79db16404146ec36beadc029f3
2023-03-27 23:14:12,True,0.4545,0.001484,2628.27,3.90117,0x00...78d2,https://bscscan.com/tx/0xb8034176a46a167ef47f3b74f83a6c5cfff3aa7ae22e5f7d4c603fb561ecbcd1
2023-03-27 23:13:30,True,0.4545,0.001484,2629.12,3.90163,0x00...78d2,https://bscscan.com/tx/0xbaa7de0ac66a8435db0dd70673fcef7e0bd84564880c8a63045d3b98f248f3a0
2023-03-27 23:11:00,True,0.4566,0.001483,2358.95,3.5,0x91...79fe,https://bscscan.com/tx/0xf3a71b68c1d243fda845ff145eefbe07aafc6b0369602416b8056af63d647c5d
2023-03-27 23:10:36,True,0.4565,0.001483,2359.39,3.5,0xed...4f31,https://bscscan.com/tx/0x58b0a70d0e355c90328ac4404350a6cc5d9d02fb6dd750dbdb7f2d4509067dca
2023-03-27 23:10:33,True,0.4564,0.001483,1209.0,1.79322,0x00...78d2,https://bscscan.com/tx/0x728bde9c62a591aeb0e3adff3a271705f2bd914e069a377fe217621b0013b296
2023-03-27 23:10:00,True,0.4563,0.001483,2360.05,3.5,0xed...4f31,https://bscscan.com/tx/0xd6d079d22a865dd4a5097b9578bdfb9aea77e2cda4c165d6e79d85905ca7727b
2023-03-27 23:09:09,True,0.4539,0.001482,2360.49,3.5,0x62...1f10,https://bscscan.com/tx/0xee9c044216b2378afea1179254b142587706be2f675e2a10c362156b30c5b588
2023-03-27 23:05:09,True,0.4537,0.001482,168.687,0.25,0xea...e9aa,https://bscscan.com/tx/0xc8059963e33a74c7df142fc65aa09966360c92994e9b12143498371c621fd76d
2023-03-27 23:05:03,False,0.4512,0.001474,11.7908,0.0173,0xb8...f236,https://bscscan.com/tx/0xa38dea4ac90b906b4037ffb1da2fd09c6b070a211ddf20a8823cddf3065a1120
2023-03-27 23:05:00,True,0.4537,0.001482,76.0389,0.1127,0x5c...d14f,https://bscscan.com/tx/0x09918109f8ab40dabff66c553a6464f8e5755bccfa92c2e0905efc9b1ac078ba
2023-03-27 23:04:48,True,0.456,0.001482,2360.98,3.5,0x62...1f10,https://bscscan.com/tx/0xc6cd4a48632f67b4fdda8a12cab2f77631ee5106b29a095fe164e8db97d2277f
2023-03-27 23:04:42,True,0.4559,0.001482,2361.42,3.5,0xed...4f31,https://bscscan.com/tx/0xd73f5e83fcb5883796f40e3361cff801aff95c559405e1179bf3029289296c10
2023-03-27 23:00:12,True,0.4562,0.001482,656.867,0.9734,0x70...8487,https://bscscan.com/tx/0x525d694304533815a74b34185500bb3c204230d6b2a3099a33633f84bfc399dd
2023-03-27 22:59:57,True,0.4562,0.001481,2361.98,3.5,0xed...4f31,https://bscscan.com/tx/0xd28b037e0f457aeb6dba87c3e7bd03340c08f30208e431c577956dec9db4b5f8
2023-03-27 22:59:48,False,0.4538,0.001474,127.0,0.1872,0x11...bd08,https://bscscan.com/tx/0xa4be0633e301e58100a5cffb932f2e4d84cd8f0841576a509317f1205ba646f8
2023-03-27 22:59:21,True,0.4536,0.001481,2362.4,3.5,0x62...1f10,https://bscscan.com/tx/0xd706f8b4cc16e80bcfa9482ed37dfbc7e236e06d6c9939cb2e702ec2e1dc27ca
2023-03-27 22:59:12,True,0.4535,0.001481,2362.84,3.5,0x62...1f10,https://bscscan.com/tx/0xed2b2f9e2bb6e33638b2616244d5925adf4996bd48c174ca71d690e846a5793b
2023-03-27 22:58:09,True,0.4537,0.001481,2363.28,3.5,0xed...4f31,https://bscscan.com/tx/0x893d807fb7d436259a2f4479eb3456309244367f379497b005e387835e978e33
2023-03-27 22:57:39,True,0.4536,0.00148,2634.9,3.90149,0x00...78d2,https://bscscan.com/tx/0xfd075aa797c95352c705747b36fd0fdbb063458c119acc64cba86bd349471717
2023-03-27 22:57:36,True,0.4535,0.00148,2364.22,3.5,0xed...4f31,https://bscscan.com/tx/0x8dc76dfd680fe0ab0db44c8032d16e58e86c3a9c1b4f3fd1b3239b2ff8dccd3e
2023-03-27 22:57:36,True,0.4534,0.00148,2364.66,3.5,0x52...1c7e,https://bscscan.com/tx/0xa5befa322ff5ea2549e296f57467494c823d1922cebe0b6a1a7be96ad6382170
2023-03-27 22:57:36,True,0.4533,0.001479,2365.1,3.5,0x3f...573a,https://bscscan.com/tx/0x9620ceb3fd5b762b0a0e468aa60a05e0b5a2b0a40e73f0c69760a9d4f52cdd68
2023-03-27 22:57:36,True,0.4532,0.001479,2640.69,3.90707,0x00...78d2,https://bscscan.com/tx/0x41df2d4a1cd454238b49402e868842228603e23d3ae9e73cafcb33fd3105a32f
2023-03-27 22:55:33,True,0.4532,0.001479,1765.0,2.61097,0x00...78d2,https://bscscan.com/tx/0x0150e7de65a2fbf23e016ea18e03ef25d746458b7cbbba7fe4faa05a55c412a4
2023-03-27 22:55:30,True,0.4531,0.001479,2639.83,3.90443,0x00...78d2,https://bscscan.com/tx/0xc31031f6a00239159f4982a66a00d7e45957823afaa627fcb37d21d6dbc9f1d8
2023-03-27 22:53:06,True,0.453,0.001478,30.7175,0.0454,0x0e...96cc,https://bscscan.com/tx/0x6ef913b60bedda0a38bed741a0fb2463bac86bb873320693ba5c2c0dea92b0d2
2023-03-27 22:50:51,True,0.4552,0.001478,2366.86,3.5,0xed...4f31,https://bscscan.com/tx/0x4d959df45afd7e16db34aed139de0ccc441916b8ae5242002302e1d59b1c4995
2023-03-27 22:50:33,True,0.4527,0.001478,93.4662,0.1382,0x46...fbef,https://bscscan.com/tx/0x0eae4cd41425df13ed8d9bc5755e37da506c0d604bc93f6db1b1cda2f76c8df7
2023-03-27 22:44:12,True,0.4528,0.001478,658.58,0.9737,0x70...8487,https://bscscan.com/tx/0xc42188550dc995f285b3dd8a0e1e9dbf6868618482f20c04903cf8388d5d6d94
2023-03-27 22:32:07,True,0.4523,0.001478,101.453,0.15,0x42...859c,https://bscscan.com/tx/0x59a72a43172aa9280edf08a4cdb4721c4e6c535a210b1639f11e4e9a6922fc1f
2023-03-27 22:31:42,True,0.4546,0.001478,42.0,0.0621,0x42...859c,https://bscscan.com/tx/0xef4e0c7d26b52d97fbf6f59dcaa089ab24fc75d1ebd48248b6b63c4d4d808cfe
2023-03-27 22:30:49,True,0.4546,0.001478,1303.4,1.92699,0x00...78d2,https://bscscan.com/tx/0x9b6820e409ce9d244efa045a6de6c9eff94af88c4348e2c34c23618a468b9be5
2023-03-27 22:29:12,True,0.4544,0.001478,659.21,0.9745,0x70...8487,https://bscscan.com/tx/0x787ec2b192941b17ad1590fbba423da20e4a8a786bbfc887975bf946349a9b19
2023-03-27 22:27:06,True,0.4522,0.001478,418.727,0.6189,0x91...0d6b,https://bscscan.com/tx/0x1814b569134b989d459b9d9ef5626052057299088bfc6cfba6749145248e62a4
2023-03-27 22:26:57,True,0.4524,0.001479,213.805,0.3162,0xde...367a,https://bscscan.com/tx/0x9621fb9846a94c4ee419668b8a830de3e9276e72dee5f0b208222b1ee77fa0b4
2023-03-27 22:25:24,False,0.4499,0.00147,85.0,0.125,0x0a...3882,https://bscscan.com/tx/0xdfb2dcf061bac45bde4eb13485722d6ee4bb996abf135785a091399462b553f6
2023-03-27 22:25:03,True,0.4522,0.001478,67.6494,0.1,0xa7...f334,https://bscscan.com/tx/0x50117052b9a4f1730f91ba27a1fa72258d45c75ce9eb9b9e7e227112b50dd738
2023-03-27 22:24:27,True,0.4522,0.001478,124.979,0.1847,0xbb...e853,https://bscscan.com/tx/0x878ef0266cc1fb30c603710c9c2c283b2bf8c30b306a15f97af21f10eabfdaf5
2023-03-27 22:24:06,True,0.4545,0.001478,120.0,0.1773,0x42...859c,https://bscscan.com/tx/0x4a782ee234fe3bc7b80e545150f21bdf55c00503a9b9b101924483c0060fd84a
2023-03-27 22:23:33,True,0.4522,0.001478,20.0,0.0295,0xe7...8bc2,https://bscscan.com/tx/0xe37776b2c17e2f7df47da1e68f40409f194e7706d53beb9801dfe1a0451ce564
2023-03-27 22:20:03,False,0.4499,0.001471,3431.37,5.04752,0x3f...573a,https://bscscan.com/tx/0x7611bdc733b9781d9dec0024d4f777a031859b4a408e350726304e400caaa4dd
2023-03-27 22:17:18,True,0.4546,0.001478,2000.0,2.95692,0x42...859c,https://bscscan.com/tx/0x25aa527dfa902cb5af3c17f5f37cf7666f59a5600fbe499d15280dafdce7c894
2023-03-27 22:15:48,False,0.4523,0.001471,151.662,0.223,0x5c...be56,https://bscscan.com/tx/0x4402bfd895f79481561b2a8a3d2bb758b9316581ed86e1f87f3aa1abf1279828
2023-03-27 22:14:24,False,0.4522,0.001471,300.0,0.4413,0xbb...e853,https://bscscan.com/tx/0xf211ed34a67086f241d403f8eabe55e8e9f403cc475c414376386211a621258c
2023-03-27 22:13:12,True,0.4545,0.001478,659.148,0.9744,0x70...8487,https://bscscan.com/tx/0x85c426a9a64f67398b7f7270a7bc04f874de5a47082b17f086d4d0044c3442a0
2023-03-27 22:11:51,False,0.45,0.00147,10.5415,0.0155,0xfc...53b8,https://bscscan.com/tx/0x724bba4bfe34e0d10dbb0010aa931d401413a1e27df028c102b79699bdf964c4
2023-03-27 22:08:45,False,0.4502,0.001471,11592.0,17.0589,0xf2...bfcf,https://bscscan.com/tx/0xbffab9ac76ab73029ef9dbf7940ffc96620b421d13e5a43d59759d4d8dc208fd
2023-03-27 22:05:21,False,0.453,0.001473,11556.2,17.0217,0xf2...bfcf,https://bscscan.com/tx/0x7ed4a7ea91dc1ce742b46bf7c1512f33623122f3ae4f65c0f302f21a141cf65a
2023-03-27 22:05:12,True,0.4555,0.001481,20.022,0.0296,0x52...8d7e,https://bscscan.com/tx/0x4449ba497155589331074702ac625211f325c993eb1e1b2822d966917df03cc9
2023-03-27 22:05:06,False,0.4514,0.001475,27048.2,39.9013,0x62...1f10,https://bscscan.com/tx/0x63ae7d54f8e03cae64e06541dd65feb6c6ab282005de1b5ce17136a8daa6d598
2023-03-27 22:02:12,True,0.4565,0.001484,247.727,0.3676,0x3f...66aa,https://bscscan.com/tx/0xb7c7b2d4cf04b357f8633f45928ff58804fa04492b90c8a99f4f6276eec45135
2023-03-27 21:58:12,True,0.4549,0.001484,655.293,0.9725,0x70...8487,https://bscscan.com/tx/0x3e12faa87bbebc89fa1dae92d609c28747297d222eb59ee4b819d3980d960906
2023-03-27 21:55:06,True,0.4556,0.001484,1785.75,2.65,0xbb...e853,https://bscscan.com/tx/0xb4ae103d65a7d8a2e29ddfd415cd84c9fc023acea8f01c1e638228a178e78dde
2023-03-27 21:47:06,False,0.4556,0.001476,9.68762,0.0143,0x55...ce90,https://bscscan.com/tx/0x6146920ab4dbb9f8437bfe3722ea7d99490dea199f72f28e6cc32b0aae7730f6
2023-03-27 21:46:27,False,0.453,0.001475,50.0,0.0737,0x32...4bb3,https://bscscan.com/tx/0xefc0cb79f1101072a9cd83a84e8cad8cae77c5b0c365bcc7a41b7da537d26918
2023-03-27 21:45:27,False,0.4532,0.001476,89.7282,0.1324,0xe6...b100,https://bscscan.com/tx/0xb75befdef6e1f9074af7a3d74103f266af38648741cc90b3809f58ebe811654a
2023-03-27 21:44:51,False,0.4533,0.001476,29.9094,0.0441,0xe6...b100,https://bscscan.com/tx/0x6b90f5e24a225bd3aea3b0005fad5e893cfb2f3af7409ac972c8b5cbe5272445
2023-03-27 21:43:45,False,0.4559,0.001476,25.0,0.0369,0x5d...dc5d,https://bscscan.com/tx/0x14a6e5574ce0dd932e5afd2109bda10ea546f34c81382ae17a87b652ee2c5eaf
2023-03-27 21:42:18,True,0.4582,0.001483,653.132,0.9691,0x70...8487,https://bscscan.com/tx/0x3bc8b605d11df20178d6732b644664e6d54bd2b03f92a5e527bdb0a81c902711
2023-03-27 21:41:48,False,0.4536,0.001476,35.1274,0.0518,0x7d...f4bc,https://bscscan.com/tx/0x2dc47a1e4bcf4150a7cd9eda1e2773f3b67cd941ac6f095797de16b42eb6ff48
2023-03-27 21:41:36,False,0.4536,0.001476,0.6603,9.749e-05,0x7c...e01f,https://bscscan.com/tx/0x91a613773905cd316681b33f998ba8ddfe2fb66044ba29f5e6875f694178b4f6
2023-03-27 21:39:36,False,0.4536,0.001476,28.8791,0.0426,0xea...4b7e,https://bscscan.com/tx/0xa00331bfa640bfd17ab9d732ad91c07eb2d72bcc2c28063f76f1f7bf369ecfd0
2023-03-27 21:37:54,True,0.4559,0.001483,48.6975,0.0722,0xb4...52ac,https://bscscan.com/tx/0xb89f5003850cf5b3f8c0558b1a6c021414446c6ec06ffcfe445b6d1b14293032
2023-03-27 21:32:27,False,0.4542,0.001476,27.0,0.0398,0x5b...4150,https://bscscan.com/tx/0xe7cf67033c551acd9e9c67deb48d0585421657eda72c9fb050bbcf6297d715c1
2023-03-27 21:28:30,False,0.4543,0.001476,1.27077,0.0018,0x3c...cfd2,https://bscscan.com/tx/0xad3f22f6d537decca49da4934c1f8a9bd10f665dd202b527a1d693ba3be6b18b
2023-03-27 21:27:12,True,0.4585,0.001483,653.711,0.9699,0x70...8487,https://bscscan.com/tx/0xad0063760cb51bb12f6475ab5bfebca11205d1327fbe8dc444ee884c43a8d8ca
2023-03-27 21:24:24,False,0.4533,0.001476,2250.0,3.32204,0x01...5dc2,https://bscscan.com/tx/0x65735fbd919759237720ad45c0fecc391ef469519366c91df22f6bb4437e3012
2023-03-27 21:24:15,True,0.4556,0.001484,77.1026,0.1144,0x2c...c9c5,https://bscscan.com/tx/0xeb857904e62bb824c1e1000838e99fa741bc60fe18791b89833b8ad64bc2cad1
2023-03-27 21:23:27,False,0.4529,0.001476,99.3887,0.1467,0x2e...3edf,https://bscscan.com/tx/0xc8d4d5bb55e0210af3efa0d81bc9972b134478a1fea2e169354e099e036064b3
2023-03-27 21:23:03,False,0.4526,0.001475,25.0,0.0369,0xbb...5094,https://bscscan.com/tx/0xb026fc1d8f52303b5d7497a9c893e2198119364dedb710ea2048d33fb135fd5c
2023-03-27 21:18:24,False,0.455,0.001477,10350.0,15.289,0x01...5dc2,https://bscscan.com/tx/0x5c4745526f3d79a579fa63fbf96487ffaf3036af714986bee2e5a6dbcbb686df
2023-03-27 21:12:12,True,0.4573,0.001485,655.448,0.9734,0x70...8487,https://bscscan.com/tx/0xee4dcecb6083671710530d06bf1ebb30f66c0b50aa9cf71e074f668ecda03f5f
2023-03-27 21:11:03,False,0.4551,0.001477,502.623,0.7427,0x0c...4fe7,https://bscscan.com/tx/0x92e9b381d0afa12d8041386d0f90234ef2d03f7872861d3a868ffbdd3dd93769
2023-03-27 21:08:15,False,0.4527,0.001477,262.322,0.3876,0x2e...f345,https://bscscan.com/tx/0x123e8f6986363e7965ae809bc33517f30a26a74bc78bfdd266aa9703ed34be6a
2023-03-27 21:07:48,True,0.4572,0.001485,2629.12,3.90445,0x00...78d2,https://bscscan.com/tx/0x65829ed9c66280ccc52f47438e8af734fab5ee487d57612c5c0109ba2eb35c26
2023-03-27 21:07:30,False,0.4527,0.001477,330.953,0.4889,0xbb...b852,https://bscscan.com/tx/0xd629c3ff9ffb8137e5657fc827e0b8350ba556521f8ad136e23f79dc967eafae
2023-03-27 21:04:39,True,0.4579,0.001484,1815.5,2.69576,0x00...78d2,https://bscscan.com/tx/0x08c6906a9e78e556cb8e53d285c6c7431137e912387922adf89fb9f56afe8aa7
2023-03-27 20:59:17,False,0.4555,0.001477,17.6485,0.026,0xc0...2cbe,https://bscscan.com/tx/0x628926653ecaf39da9459cbc3705ddb6c019f59d0c5fc36847fea7cfa43a5edc
2023-03-27 20:57:44,True,0.4579,0.001484,216.516,0.3214,0x6c...5530,https://bscscan.com/tx/0xa650a73c040a0360f7dd744d7a44a9334dc43cd5a701f0e2c220c71d262c6f5f
2023-03-27 20:56:29,True,0.458,0.001484,109.075,0.1619,0x33...8082,https://bscscan.com/tx/0xa666c33c8b6d347b60c3b3bbc9e6a03509f12b9e414a2d9df27fd2b5a32024bb
2023-03-27 20:56:20,True,0.4578,0.001484,654.476,0.9716,0x70...8487,https://bscscan.com/tx/0xafb61376477e3b6b1c57bff80d395a87025f7fe3e842ca4b1c1adeaa9d4a5992
2023-03-27 20:54:41,True,0.4576,0.001484,2170.94,3.22279,0x91...2463,https://bscscan.com/tx/0xdf8db51fc785c8392941af6624b22a6213b3ad2ebec4c54c12de77ccf6fc506a
2023-03-27 20:53:38,False,0.4553,0.001477,20.0,0.0295,0xff...a96e,https://bscscan.com/tx/0x362b6dbcba8d1e6d63f0b45154cc11c5ca8820e9e2cf4ccabfb09785a0b30603
2023-03-27 20:51:26,False,0.4554,0.001477,8.92767,0.0131,0x75...0bbd,https://bscscan.com/tx/0x351044038d1074087ad3325d4700b4371f5dd6bb03c2391b195e19e956a79759
2023-03-27 20:50:50,True,0.4577,0.001484,70.9476,0.1053,0x5d...dc5d,https://bscscan.com/tx/0xecbe7903550b51661876c63625ec809e40f9db8ca8e53c9307ce410d509272df
2023-03-27 20:42:26,False,0.4554,0.001477,99.1755,0.1464,0xf2...0b57,https://bscscan.com/tx/0x861f39aed04f2b6094a203f15145f792c071392ee02e4407dbb112c781ee0a6c
2023-03-27 20:41:11,True,0.4577,0.001484,654.615,0.9716,0x70...8487,https://bscscan.com/tx/0xcd76217324185c5eac4bf10efb4d8844548ed582a3cce4367e4dcb44e11943fa
2023-03-27 20:39:35,True,0.4554,0.001484,2372.2,3.52075,0x05...7eea,https://bscscan.com/tx/0x4d3ed5a2c537990c9c138440c057ffb36e09a72c25dd21db5ef4038c32e7b4bc
2023-03-27 20:39:05,True,0.4553,0.001483,2023.4,3.00255,0x00...78d2,https://bscscan.com/tx/0x704efdea89af18aad6166760da8c3f9f99d018da2e81736c7532ae659a4522b6
2023-03-27 20:37:47,True,0.4554,0.001483,2065.7,3.06482,0x00...78d2,https://bscscan.com/tx/0x35ebe75611bd501b13cde447995b67802341ffbe57dc790dc7632ab9e284bd3a
2023-03-27 20:37:08,False,0.4531,0.001476,35.0,0.0516,0xbe...bf1d,https://bscscan.com/tx/0x350044166c204062abad0815f8e6354f79c1178cace652e4fd4ca5e864855c66
2023-03-27 20:36:05,True,0.4577,0.001483,2629.12,3.90005,0x59...4241,https://bscscan.com/tx/0x52db838265ef9574e0373ba4906f5081f0efeb14170def876cca2f9bcc43dfdd
2023-03-27 20:35:38,True,0.4576,0.001483,1200.0,1.77981,0x33...8082,https://bscscan.com/tx/0x4e97e2f7a890b46531c76deb78cf32a5646d9d7cdaf941c5934bf834d1e7467c
2023-03-27 20:34:59,False,0.4555,0.001475,1290.16,1.90399,0x2e...f345,https://bscscan.com/tx/0x3d4ca7f252f9a74d6e2ec3445870d2a459b2081414ae10ef69afe74626dd5fd9
2023-03-27 20:34:38,True,0.4555,0.001483,895.8,1.32866,0x00...78d2,https://bscscan.com/tx/0x3f7ff9dc7d3f3a923cba03683d05de98f708e8b8f0d3c4311f4a6a10388c01c1
2023-03-27 20:34:32,True,0.4577,0.001483,1114.6,1.65305,0x00...78d2,https://bscscan.com/tx/0x80240dbb7f0e8b5f620e68e57f59d8b75787554b71e1f5c1e6916bc06dbd4d28
2023-03-27 20:34:26,True,0.4577,0.001483,948.3,1.4063,0x00...78d2,https://bscscan.com/tx/0xa8d2862cbc5f1a641d78b696d1b9ed1298265351a0d8184a7888acdddfd44ca8
2023-03-27 20:33:17,True,0.4562,0.001482,940.0,1.39388,0x05...7eea,https://bscscan.com/tx/0x15ef7c6917ba69207eea1b8a48791e5681d358351204a1f56f5f8cc3b50999e3
2023-03-27 20:32:41,True,0.4565,0.001482,350.0,0.5189,0x04...7bd8,https://bscscan.com/tx/0x18e38825cd5062b5dc575fc2bd04452380ca23484cd3305766a74344e2397558
2023-03-27 20:30:17,True,0.459,0.001482,2616.8,3.87969,0x05...7eea,https://bscscan.com/tx/0x9149a27c678a9375d87a7dfc9005ecfb2007bce800dd67057662b8899ed4a917
2023-03-27 20:29:05,True,0.4569,0.001482,1487.3,2.20472,0x00...78d2,https://bscscan.com/tx/0x6b8f45ce0b6c9ea306bada258e9cede41fb85fdef5bec513cfd9974e5c30b4f3
2023-03-27 20:27:26,True,0.4593,0.001482,2614.8,3.87546,0x00...78d2,https://bscscan.com/tx/0x3b85532a2086e2e580eefda86e704ad74ae359fecd9298bd1982e17adc3ef769
2023-03-27 20:27:20,True,0.457,0.001481,516.595,0.7655,0x91...79fe,https://bscscan.com/tx/0x45fa8ecf52b4de57c2fb9dd3b5f9db0458eb7aa518c72e789a85a215d2db4546
2023-03-27 20:26:11,True,0.4569,0.001481,652.612,0.967,0x70...8487,https://bscscan.com/tx/0xf7ee7173c2c17d3fe1fde492b80c15a1f5fb11d805fa08f13d2f967bed1337bb
2023-03-27 20:21:53,False,0.457,0.001474,25.8211,0.038,0xf2...0b57,https://bscscan.com/tx/0x20ca5b596742b3bf7c914edb8ceb441efe9f41af3f083098fbd4356a07135ecd
2023-03-27 20:21:20,False,0.4547,0.001474,6.47816,0.0095,0xb4...6d63,https://bscscan.com/tx/0x5fb48495170e5f8551621fcb37b73bbc1476dd4c33997a6ff47b1f6cf4964963
2023-03-27 20:19:17,True,0.4587,0.001481,351.656,0.521,0x40...bf97,https://bscscan.com/tx/0x0f3e0beadecae6262d57d360780b95d5902f6cd28f1faddf9931ab230344f52c
2023-03-27 20:19:11,False,0.4564,0.001474,200.0,0.2948,0x82...3d9b,https://bscscan.com/tx/0x4b37c21e7b22d985e0bccfa557a84dc1d92b07a6d5673af95a8e650c6328273c
2023-03-27 20:15:47,True,0.4576,0.001481,892.0,1.32174,0x00...78d2,https://bscscan.com/tx/0x6f5a32838acba3656be8ab5cdbe9977311e07c418277208541b60d428bcf614a
2023-03-27 20:14:08,True,0.4549,0.001481,434.936,0.6444,0x3b...62eb,https://bscscan.com/tx/0x2f97d41cd92f7040c7b53c47402234bfa8a1a7989af5a7c5e080068a6b19099a
2023-03-27 20:12:41,True,0.4547,0.001481,2362.43,3.5,0x91...79fe,https://bscscan.com/tx/0xede54c45804893340184bf151152e6570dc045a313b1340f684b0c8c5bc098ef
2023-03-27 20:12:41,True,0.4546,0.001481,2622.52,3.88458,0x00...78d2,https://bscscan.com/tx/0x67cfc9b14eaebd7823e3388f7f28255c50010b84c487700cfbdf4df60a92c979
2023-03-27 20:12:17,False,0.4523,0.001473,2500.18,3.68485,0x46...1bd9,https://bscscan.com/tx/0xb9b1ca1d15fea4c43fdd7e4e231630507294deeebe560743ab086ecd3b4389d5
2023-03-27 20:10:11,True,0.4568,0.001481,656.056,0.9718,0x70...8487,https://bscscan.com/tx/0x8acfa9a1eef626ace82776d13c6d6a2e5d05990fa4930aec03d00d1f60941c0f
2023-03-27 20:07:53,False,0.4542,0.001473,112.84,0.1663,0xf7...3f4a,https://bscscan.com/tx/0xbf11218d2be5fa5fb8f701f7ae52cd3d04b336a8910e938e0dd0a806ecddd5ce
2023-03-27 20:06:32,False,0.4542,0.001473,79.4139,0.117,0x82...3d9b,https://bscscan.com/tx/0x5ec81f910504f2541377c90f3c735e86082e68525e396f468539b72ec110740d
2023-03-27 20:06:14,False,0.4519,0.001473,50.0,0.0737,0x82...3d9b,https://bscscan.com/tx/0xbfb0162ab3ae5ae476b91b0ac904c0c0eb0b4e9b103c578d85bbb6600142d481
2023-03-27 20:05:05,True,0.4564,0.001481,2634.04,3.90146,0x00...78d2,https://bscscan.com/tx/0x98537b4bc127374c3229cdb143f0fa834f91cbd1f1e9259f616b382445d45369
2023-03-27 20:05:02,True,0.4563,0.00148,1842.1,2.72798,0x00...78d2,https://bscscan.com/tx/0x6bd2e1587f1321e95b66d9c131d6557523a0a4f00a31024e5a7f410c6f9187a0
2023-03-27 20:00:47,True,0.4562,0.00148,2634.9,3.90135,0x00...78d2,https://bscscan.com/tx/0x8ba288503f1e0fc63e62864414eb27f8945ad9af521fca6b6f577aa3fb3d3cf9
2023-03-27 19:59:51,True,0.454,0.00148,984.5,1.45749,0x05...7eea,https://bscscan.com/tx/0x9d493437391d77f17c3a3578401b67b6c2eb223dd19b3d8136579cc564d645a4
2023-03-27 19:59:47,True,0.4566,0.00148,2001.4,2.9626,0x00...78d2,https://bscscan.com/tx/0x0dcb04747ac00d8d1528d8baaaae2b7b862dfd7a116c820bbb793bf9cdadec3e
2023-03-27 19:59:44,True,0.4566,0.00148,967.6,1.43213,0x16...4027,https://bscscan.com/tx/0x0de9dd487753028bb48c2b9694cd4f4819a58fb3eb61c01deae4ae08a4e18387
2023-03-27 19:58:08,True,0.4569,0.001479,2628.27,3.88951,0x00...78d2,https://bscscan.com/tx/0x050852ebe41dca7110d77cdc046928508884601bd0f73e234e27ece331f79d88
2023-03-27 19:55:56,True,0.4571,0.001479,2365.53,3.5,0x3f...573a,https://bscscan.com/tx/0x634089c4d99b80dc895c878464d713829c3854451b5a5ba4321d03c6afb7e175
2023-03-27 19:55:11,True,0.4548,0.001479,655.747,0.9701,0x70...8487,https://bscscan.com/tx/0xf044f7a21427e6c3ce10e8d5ef63fdae46ada0550222e9ea9146500c4658a6fe
2023-03-27 19:51:53,True,0.457,0.001479,833.4,1.23287,0x00...78d2,https://bscscan.com/tx/0xa22f2bc43d1e384bacf4f3be4aead4cf17041f7366d56c350a17d048122f2a92
2023-03-27 19:51:14,True,0.4555,0.001479,803.1,1.18797,0x05...7eea,https://bscscan.com/tx/0x6b8696494c5138567663713bfdd7fd184b427b2664c247d59790b452aeac5351
2023-03-27 19:49:02,False,0.4557,0.001471,109.985,0.1618,0x25...7fef,https://bscscan.com/tx/0x2d297af0bf1e18f34594e6ff488ae97d9d3b5e90cecbc7e612276554224d68a5
2023-03-27 19:47:53,True,0.458,0.001479,18.9293,0.028,0xea...c5fc,https://bscscan.com/tx/0x8bf0448e001e9f0ab898ea7560943ec1e237a19eadf9d18f6cfc822528aeb3bd
2023-03-27 19:44:14,True,0.4585,0.001479,868.734,1.28498,0x8d...1b76,https://bscscan.com/tx/0x82a1c4a0969bf541f72df49d4ad2ecd47140856964ec85eac72f587002f67100
2023-03-27 19:44:05,True,0.4592,0.001479,2366.54,3.5,0x3f...573a,https://bscscan.com/tx/0x211bee2dc5e9898d69d4c528a6da88683b9fd4c202381b95bc1c3b26bbe0a3d1
2023-03-27 19:44:05,True,0.4591,0.001478,2619.66,3.87358,0x18...a4ab,https://bscscan.com/tx/0x4b7031550468a31b56d8fe2d99854788bf4983aa4a234d7b32f61d3c0cbd9193
2023-03-27 19:43:50,True,0.4592,0.001478,2367.48,3.5,0x8d...1b76,https://bscscan.com/tx/0xfa5fbebd95eb96641a0fa65fc4b3adc833ca2fbf84ee4cbed9e753aca63c62cb
2023-03-27 19:43:38,True,0.4591,0.001478,2367.92,3.5,0x3f...573a,https://bscscan.com/tx/0xed2473fc47b8af5fb52c434844fc4c81589a6619a9cf27b85ffa0b2e882139d0
2023-03-27 19:43:29,True,0.459,0.001477,936.3,1.38376,0x00...78d2,https://bscscan.com/tx/0x93fbe3c04f7c4b2f69e35b4b8a361fce47bdcc291c8b87b66e02f21f7052c07d
2023-03-27 19:43:23,True,0.459,0.001477,2368.54,3.5,0xf2...bfcf,https://bscscan.com/tx/0xd94c12dae532e066109629f073ca05eab646f5da88122500ceee64f145e2d92c
2023-03-27 19:43:20,True,0.4589,0.001477,26.1709,0.0386,0x8c...e58b,https://bscscan.com/tx/0xa402ab97f9bde68cb8a9f777adc4707089ba9a8a76c66f8663598709d03ec7eb
2023-03-27 19:42:41,True,0.4588,0.001477,300.0,0.4432,0x1f...4049,https://bscscan.com/tx/0x01e91a0bbc455a1b754072cec578ad99974835c2c99164b382f977b1d5a1ea42
2023-03-27 19:42:08,False,0.4542,0.00147,11.9399,0.0175,0xfa...7e8b,https://bscscan.com/tx/0xf4dc20016a6e796cd3c3bb5fa4d3202ec6fed830a61c17454b75ac7017cc1d13
2023-03-27 19:41:47,False,0.4566,0.00147,74.8219,0.11,0xb2...6c8d,https://bscscan.com/tx/0x7aa95a0b29df51ed9f7c6272801aeec304085617cc164fda58e6c2d6abd3c7cf
2023-03-27 19:39:17,True,0.4593,0.001477,2369.02,3.5,0x8d...1b76,https://bscscan.com/tx/0x5205b06fed1f620dbaf8879dd8c732b5fc1b6c17dd9bc65e4fcbd57663eeac5e
2023-03-27 19:39:17,True,0.4592,0.001477,2616.8,3.86531,0x05...7eea,https://bscscan.com/tx/0x9c623ad7c68288a52f6df372da20ab649c77a34c0588ad9127400a552eeadaa9
2023-03-27 19:39:11,True,0.4571,0.001476,546.893,0.8077,0xda...6e1f,https://bscscan.com/tx/0x440df072a7f45a321535cc4b646c641bd1e0a652a5a140bec080ace8ada1f835
2023-03-27 19:39:11,True,0.457,0.001476,652.346,0.9634,0x70...8487,https://bscscan.com/tx/0x4aa187b4148dc31d7c0ac3e89efe5ffafa6e957e42ec7bbd5b9d46cc062cef08
2023-03-27 19:39:02,True,0.457,0.001476,2370.18,3.5,0x91...79fe,https://bscscan.com/tx/0x8962d60935e8f59ee9d6357c70a8c3ff67fc7c9d16b98d6d46b7e88ac5aa0eac
2023-03-27 19:38:41,True,0.4595,0.001477,87.2297,0.1288,0x07...9154,https://bscscan.com/tx/0xefca40223ea3ea6c7a0570275addfb182a90751ca11c0fbca2cfe3a5a0efef02
2023-03-27 19:38:05,True,0.4592,0.001476,2370.64,3.5,0x91...79fe,https://bscscan.com/tx/0x4051c4e3e9da44f409841d5c3658cdd272ddac184a3eda4c8aad1d8deb7dcd7a
2023-03-27 19:37:47,True,0.4569,0.001476,2371.08,3.5,0x52...1c7e,https://bscscan.com/tx/0x871f11e917c11c93d0f81acbcd5b85ca48121432c59ba609e2e165a373768f05
2023-03-27 19:37:47,True,0.4568,0.001475,2371.53,3.5,0xf2...bfcf,https://bscscan.com/tx/0x4297bc472b36a7e093788b7910478e148e1b38cf1a7545e444f584c203f7c7dd
2023-03-27 19:37:41,True,0.4594,0.001475,2371.97,3.5,0x8d...1b76,https://bscscan.com/tx/0xf1ccbfd7d10bfa7999f91751322c7d301a3dc1857401426c604e62a826602da7
2023-03-27 19:37:35,True,0.4593,0.001475,2372.41,3.5,0x3f...573a,https://bscscan.com/tx/0xef84bfcf33a05d7c541736e3b861f6f1c688df9916fda9df6c45e9d019dbef2e
2023-03-27 19:37:23,True,0.4592,0.001475,2372.86,3.5,0xf2...bfcf,https://bscscan.com/tx/0x65911b4517f57462583080fe7b2e392835fd18bd59acdaa1b6bb4c92b67d694f
2023-03-27 19:36:59,True,0.4568,0.001474,2373.3,3.5,0x8d...1b76,https://bscscan.com/tx/0x473ee4c484c1bbee07f4b60ccc2d95f01b936cfc84f0dfd45631168392e57028
2023-03-27 19:32:20,True,0.4569,0.001474,101.723,0.15,0xb9...aab3,https://bscscan.com/tx/0x078de592e1c24fa43012a57a1afba890b4baf589bf591a91036d44645ef9130c
2023-03-27 19:32:11,False,0.4569,0.001467,114.289,0.1676,0x9a...b48c,https://bscscan.com/tx/0x0d459e181724c9fefa5396877ce57250c2a19534a55aec5a343b50bfa4e80166
2023-03-27 19:31:26,True,0.4592,0.001474,66.147,0.0975,0xe4...8b29,https://bscscan.com/tx/0x851c41bce5b874f3bf04f7c99e3eaf762db6e89d0f95dd73ce29fe7e5af15562
2023-03-27 19:30:32,False,0.4546,0.001467,49.0,0.0718,0xbb...4e9e,https://bscscan.com/tx/0x3031bcc62b5525eb49623ebe5670077b5d67f1ead9dc10715959b7cfa90f1e0f
2023-03-27 19:28:32,True,0.4596,0.001474,1140.0,1.68097,0xed...4f31,https://bscscan.com/tx/0xbba4671d794b1607906ddd94189775a8d8c818b331090417a0911b3d1e79ec34
2023-03-27 19:28:02,True,0.4574,0.001474,2373.96,3.5,0xed...4f31,https://bscscan.com/tx/0x70bc69383e7d97c4a5fa2a1d295bc98e1303ab1ccebdeb452330635e05b0fce0
2023-03-27 19:27:29,True,0.4574,0.001474,2374.41,3.5,0x62...1f10,https://bscscan.com/tx/0xf39c52fb236e9bff70106f73f18449713b213345a1b29a76290fdc9e5aef11f5
2023-03-27 19:26:41,True,0.458,0.001473,2374.85,3.5,0xed...4f31,https://bscscan.com/tx/0xc19222f61966a92d38c9c7aa21559fb8d96ba560d17347120fdee520ca2ce8d3
2023-03-27 19:25:29,False,0.456,0.001466,87.2851,0.1279,0x80...02dc,https://bscscan.com/tx/0x41001f3f8122276816f5314b09e5c1477cfbbd18a16cef267fcfe15be2349935
2023-03-27 19:23:32,False,0.4557,0.001465,5.0,0.0073,0x5e...1cfc,https://bscscan.com/tx/0x43589603f4d3f9abfd7bbc0656ce7d97c47b3349c9b90652a4f97774e1ae12c2
2023-03-27 19:23:11,True,0.4605,0.001473,650.792,0.959,0x70...8487,https://bscscan.com/tx/0xf29721ccc0a6420dc2432e5f47bf7bfeabedea6c1e856acf98cd173ea7fab7bc
2023-03-27 19:21:56,False,0.4559,0.001466,18.6,0.0272,0xa1...55c3,https://bscscan.com/tx/0xe09fbded6d941dc0a8aec11fbc9febbfccee3907ed8a7bc3fe45b787ed40a358
2023-03-27 19:21:38,True,0.4605,0.001473,2375.4,3.5,0xed...4f31,https://bscscan.com/tx/0x4e912f3e588b756bf43a986f3a58c2df955e55f55a251f3b859eb1b5a7b6b50c
2023-03-27 19:21:29,True,0.4604,0.001473,2375.84,3.5,0x62...1f10,https://bscscan.com/tx/0xed17a3c511255843a1409bb17dc3efe51313997dcc9d99fcbbe06d8edbd69ee4
2023-03-27 19:20:53,True,0.4604,0.001472,1300.23,1.91517,0x0e...c0e4,https://bscscan.com/tx/0xeef399bd60d3611b4ecac03f1df34b5dd691862309750f864acf1430cc9fd9ff
2023-03-27 19:20:35,True,0.4604,0.001472,1522.6,2.24246,0x00...78d2,https://bscscan.com/tx/0xea3c4fd632cc1ddcb9cb88ec45d5a89fe991fa303345f0205591b40bcbc871fd
2023-03-27 19:20:26,True,0.458,0.001472,1295.0,1.90704,0x00...78d2,https://bscscan.com/tx/0x9c66d46eee7ec60ff63a9db1eaa2cf9872cfd8f4126b7287d59bbe489c96047c
2023-03-27 19:17:32,True,0.4603,0.001472,3626.22,5.33901,0xc6...8a3d,https://bscscan.com/tx/0x1fda14214829e07962a3890463e01693f1836b5957ce2e1231ff60eecae0c2eb
2023-03-27 19:17:17,False,0.4556,0.001464,20.52,0.03,0xd9...07b3,https://bscscan.com/tx/0x78df921c21f77a6868acc9d08082c234149c1a0ade5cb7c4fe28cf58bbd26351
2023-03-27 19:11:20,True,0.4586,0.001472,245.621,0.3615,0x41...c353,https://bscscan.com/tx/0x95e49bb62a670fb7cbdc4dbb6c2d2984eff66e1e8589feb5667954121dcc5679
2023-03-27 19:10:56,False,0.4583,0.001464,78.2465,0.1145,0x88...b865,https://bscscan.com/tx/0xd1ac5505ad997d4b631a5e5dde6739a6ef0199ce2dd65f14be842c9e8f91ed84
2023-03-27 19:10:08,True,0.4607,0.001472,20.0,0.0294,0x15...5dcb,https://bscscan.com/tx/0x87292ab6a834c7d83cb5634b053558eeb7ca0002c4dc97000a29d7317f1e82b1
2023-03-27 19:07:11,True,0.4613,0.001472,649.819,0.9565,0x70...8487,https://bscscan.com/tx/0x8810c3b2d59f8144a7ba028e338fc4d37301686cac09125eedf9ab6d0dac4a29
2023-03-27 19:06:06,False,0.4587,0.001464,100.0,0.1464,0x07...9154,https://bscscan.com/tx/0x07c7e73896e1e18584507329f3a07eb3f7774dbf3802ba1368d5c2cba72addc2
2023-03-27 19:02:17,False,0.4556,0.001464,116.0,0.1699,0xe5...92e7,https://bscscan.com/tx/0x2bc1549b9a5a30db2e4f8755c0d7d247ae275575947aef26b5e0df47a6987411
2023-03-27 19:00:20,True,0.4603,0.001472,0.0282,4.163e-06,0x8b...6566,https://bscscan.com/tx/0x161c4f09154a357cb9790b9aa1dfe59669e072a59fa543cb6829c3579aba54e1
2023-03-27 18:57:12,False,0.458,0.001464,115.0,0.1684,0x62...42e7,https://bscscan.com/tx/0x897bd45e0b0fe0b82154aa0133345deacd23f1e37de7945435845720b82217da
2023-03-27 18:51:36,True,0.4606,0.001472,21.3809,0.0314,0x58...08ee,https://bscscan.com/tx/0x4f9b45b1f65a5c6fdafd4a6c8561325df228b07e4a122502578ca11b2a925989
2023-03-27 18:51:12,True,0.4604,0.001472,651.149,0.9585,0x70...8487,https://bscscan.com/tx/0x305fad53e7092d0bb8d9865c5c9c03c1ed3df3999ee87dcc8a6837db7fb7be76
2023-03-27 18:48:30,False,0.4559,0.001465,13571.8,19.8884,0x2c...325c,https://bscscan.com/tx/0x675d8cc0c96230b8fed942ce0f764c115862b09f8f96cd1b27f8616e7bbcaa16
2023-03-27 18:48:24,False,0.4562,0.001466,1.11,0.0016,0x60...81e6,https://bscscan.com/tx/0x067114c4598d22b120b22b897e3c2588116572a820e554afd98d8ae252ce9a8b
2023-03-27 18:47:57,True,0.4584,0.001473,61.0,0.0898,0x40...446f,https://bscscan.com/tx/0x2900b4e30c5d8eae14a93563a5e1cfa44e909c94e523c250472bc373b18a7583
2023-03-27 18:47:24,False,0.4556,0.001465,22.0,0.0322,0x58...08ee,https://bscscan.com/tx/0x4e8b8d5651add808491fbf5873d0147f7a8974a4deb92f3b2797bc639c819e2b
2023-03-27 18:41:03,False,0.4583,0.001466,13.4843,0.0197,0x9c...28a2,https://bscscan.com/tx/0x844f040054685d7ef38b53f9cb3f754e9c70fafed869f06e6e773d906e411668
2023-03-27 18:41:00,False,0.4581,0.001465,30.0,0.0439,0x07...9154,https://bscscan.com/tx/0x9b452106c692c4a7bb538d0419917e3ae468ba99345bec7a1b73ae9e569f971a
2023-03-27 18:38:45,False,0.4578,0.001466,40.1878,0.0589,0xc0...3cd5,https://bscscan.com/tx/0xf58120200b2b8beac347809757fb617d804aae164aed3f363ed2b003a787efec
2023-03-27 18:35:12,True,0.4602,0.001473,648.129,0.955,0x70...8487,https://bscscan.com/tx/0xeb60ffa37e03f05e4b267150f09be0ead9d86f8779e9985f9669dabe46535b91
2023-03-27 18:31:24,False,0.4581,0.001466,2.18254,0.0032,0x4c...1998,https://bscscan.com/tx/0x82f8a717a13a2230f2ed6ea78c4fc04b2219f536ddea387048d3be95d941f1ed
2023-03-27 18:30:54,False,0.4582,0.001466,8408.44,12.332,0x62...1f10,https://bscscan.com/tx/0x4a9be3081c4adac5d259a3af3de6a27b2b52d6cdf3afbff7965af3a4550f178a
2023-03-27 18:30:45,False,0.4577,0.001467,8902.22,13.0651,0xf2...bfcf,https://bscscan.com/tx/0x11427d35b16f31cb8f92195858473a1da99c82954cc5d9410cf05d3ab5752974
2023-03-27 18:26:30,False,0.4601,0.001468,106.913,0.1569,0xd2...d344,https://bscscan.com/tx/0xf715142dcb990360eb379f2f6a3b27b5a4d8d0120b418f822441c312953a6241
2023-03-27 18:25:21,True,0.4626,0.001475,1058.83,1.56226,0x62...1f10,https://bscscan.com/tx/0x4a01d1bbf2cd1c377f5359bdec1c370882f26f98f6c744c12d7145d50492d376
2023-03-27 18:25:15,True,0.4626,0.001475,2372.48,3.5,0x62...1f10,https://bscscan.com/tx/0x24229973c0731107ded8c55a5170e73604ebe2a327ad7ba1c48b9b3ec20e59d8
2023-03-27 18:25:12,True,0.4625,0.001475,2372.92,3.5,0x8d...1b76,https://bscscan.com/tx/0x7080e8c7cacde4d38e3fc19eaa1e96c7ffc99104a23a8eb5d36b22fa15d099ea
2023-03-27 18:25:09,True,0.4624,0.001474,260.538,0.3842,0x91...79fe,https://bscscan.com/tx/0xb933906e3a6e3f758ca006a132716a15ebd4ddc2b9674c7a2ce2318ec9c2bbcb
2023-03-27 18:25:09,True,0.4624,0.001474,2373.41,3.5,0xed...4f31,https://bscscan.com/tx/0xc5882591d6269e9e734123ddae0077a8b31ef653a89d08880c948bafdcc1f742
2023-03-27 18:24:57,True,0.4626,0.001474,2373.86,3.5,0xed...4f31,https://bscscan.com/tx/0x9a3c8e6a0cbd9805e3728745b26806e215430b2b91fcb659dafef94e6fe00b6c
2023-03-27 18:24:57,True,0.4625,0.001474,1266.6,1.8672,0x00...78d2,https://bscscan.com/tx/0x95bce8c2504d2a01a0b990ea5321c28646d76452e21da103fd9f105a82561a5a
2023-03-27 18:22:15,True,0.4607,0.001474,2374.54,3.5,0x2f...e155,https://bscscan.com/tx/0x210d3ba67ebb6d3ca75e93d34a6327897976c09c64a1e8e989bfc6c2be22635d
2023-03-27 18:22:15,True,0.4606,0.001473,2374.98,3.5,0x62...1f10,https://bscscan.com/tx/0x058c8cb144bb7af3844b6cd36002ab24ed3193b02c04a491e81c03df17950dcf
2023-03-27 18:22:09,True,0.4605,0.001473,2375.43,3.5,0x0c...8533,https://bscscan.com/tx/0x499af19e76686bde07d994045f397cd2116ccfb5fc98874a2c92100f30a9880d
2023-03-27 18:22:09,True,0.4604,0.001473,2375.87,3.5,0x62...1f10,https://bscscan.com/tx/0x18bd561ca94c9f7fc0ff0bd5db934af3114d1338c1ab7085e3eb1d7167d00f60
2023-03-27 18:22:03,True,0.4626,0.001472,2376.32,3.5,0xed...4f31,https://bscscan.com/tx/0x0fa3c3c69e825051b62674f28c32035478f1f0460a7bf55307a63509dccf90c8
2023-03-27 18:22:03,True,0.4625,0.001472,2376.76,3.5,0x2f...e155,https://bscscan.com/tx/0x32354f45bcb1852744583eae72c0031eb24ed257619f57ccf4042bd44212d9d9
2023-03-27 18:21:51,True,0.4608,0.001472,2377.21,3.5,0xed...4f31,https://bscscan.com/tx/0x127472762d9883ccda68f6c1f5ecfd3fd2abca525e81c5a9854ba618af30bf99
2023-03-27 18:21:51,True,0.4607,0.001472,3396.79,5.0,0x0c...8533,https://bscscan.com/tx/0xbd186de239195385880c5899548cd87d708ab3c61176d0800f88222de32296a6
2023-03-27 18:21:51,True,0.4606,0.001471,2378.29,3.5,0xda...6e1f,https://bscscan.com/tx/0x8dbd36d988cefe3789529332dcfcd981fbee8b2b31b4ad4a50234a2c1f397a68
2023-03-27 18:21:42,True,0.4605,0.001471,3398.33,5.0,0xda...c952,https://bscscan.com/tx/0x776b6358596b0678ed5b3a02959dff3463b6fc777333b6bac7e7b62d933cc378
2023-03-27 18:21:42,True,0.4604,0.001471,2379.37,3.5,0x62...1f10,https://bscscan.com/tx/0x16b439af5697e6c991c1bd5c4cb39cc46265ec7851321ce4e846c9ee72dc3702
2023-03-27 18:20:51,True,0.4628,0.00147,2379.82,3.5,0xed...4f31,https://bscscan.com/tx/0xa1cab55d95161aaba5e377e2bab4cc24ad129d6a769ff02da68e9b0acb9284d3
2023-03-27 18:20:51,True,0.4627,0.00147,2380.27,3.5,0x0c...8533,https://bscscan.com/tx/0x1d1d1fb197d0a2de4e5a7a35428077fe84b6672aa5a7c5ad8958a6ff3dd8e226
2023-03-27 18:20:28,True,0.4605,0.00147,2599.8,3.82206,0x09...18f7,https://bscscan.com/tx/0x4606d443367379b49b7b983cbffd17099befc6cb6c9b8f29c43cf642ad947a15
2023-03-27 18:19:11,True,0.4631,0.001469,648.022,0.9525,0x70...8487,https://bscscan.com/tx/0x5eff859f49babe078cdcb75d0708ca5270384aa76e1dec90ccda5f851d231183
2023-03-27 18:18:15,False,0.4603,0.001461,207.557,0.3034,0x1b...0db3,https://bscscan.com/tx/0x800b3853696ea93c0f1758dcf5c876e8a28712acedd2ec9927ce237a377971de
2023-03-27 18:17:56,False,0.4581,0.001462,5.69549,0.0083,0x27...42d4,https://bscscan.com/tx/0xe3ad1bf7d676220b08d4ee7738a23148ebe857f8a893b22f24ed79bb0b66d498
2023-03-27 18:11:04,True,0.4616,0.001469,148.541,0.2183,0xc5...29a5,https://bscscan.com/tx/0x0368788454981e16cad22bfb8fb515dd558186e2564eb9b5ab9a33e3ea6cfea0
2023-03-27 18:08:37,False,0.4616,0.001462,136.744,0.2,0xd2...d344,https://bscscan.com/tx/0x14a6e2cbf74f7b59479b088ef71bcb4ed8842b0fcb47dff8ba72abc82cb5138a
2023-03-27 18:05:28,True,0.4628,0.001469,1.0,0.0014,0x01...6d5e,https://bscscan.com/tx/0x50629a470a71cf90aed07f5e85f93b9ce648f958ffcad5f227ed2d6ba26bf4ff
2023-03-27 18:04:19,True,0.4618,0.001469,648.081,0.9526,0x70...8487,https://bscscan.com/tx/0xc0269cc20553a1b8f57c9ae0a1b6df6d9f05e3ab1dfc3b6218960ae2fa9b3559
2023-03-27 18:01:22,True,0.4623,0.001469,5.0,0.0073,0x01...6d5e,https://bscscan.com/tx/0x58aee125428176a419f025ac811140c27daede92f7eb17b6f8ad0f6e81d218e6
2023-03-27 17:55:04,False,0.4609,0.001462,121.586,0.1778,0xec...8620,https://bscscan.com/tx/0x8e0013733bdc48451a27ce55bee80b723db13eb19f7a9f8ef7958e1c66731236
2023-03-27 17:53:10,False,0.4584,0.001462,5398.55,7.89722,0xed...4f31,https://bscscan.com/tx/0xcac39e85df78c7687ca50cdd2e78c97909492f846cef3f864748f9b5409ddeb5
2023-03-27 17:51:58,False,0.4584,0.001463,11666.8,17.0781,0xed...4f31,https://bscscan.com/tx/0xee19bf1ad9dca4b44950e73f873ba629025b23238d3c0d3f36bfb084b78eb177
2023-03-27 17:51:52,True,0.4609,0.001471,47.5595,0.07,0x42...859c,https://bscscan.com/tx/0xbb85eb055e375a46264ee4633c7dacf705e4dd76110a5e12adb75e973e3964ad
2023-03-27 17:48:13,True,0.463,0.001471,647.142,0.9524,0x70...8487,https://bscscan.com/tx/0xc0ac7d26b5fef268f13ab0c0fa955872e2c30977a8af35b725386847e5ab35bf
2023-03-27 17:47:31,False,0.4585,0.001464,14.0,0.0205,0x02...10db,https://bscscan.com/tx/0xe00e40602712ddc9e820a112849f02bdab785889c3b957f91bd75edcab3815c5
2023-03-27 17:44:52,False,0.4607,0.001465,9926.16,14.5417,0x62...1f10,https://bscscan.com/tx/0xb23065079de60bfa3b81cf013d23984a4f903d103246efa3747784f7213f3763
2023-03-27 17:42:22,False,0.4606,0.001465,214.057,0.3137,0x04...a4a0,https://bscscan.com/tx/0x3013400b1f14ba77f29dbc177231e4d2b12a953569f50617a7d5a9ea4a135f8f
2023-03-27 17:39:04,True,0.4621,0.001472,2540.4,3.74148,0x00...78d2,https://bscscan.com/tx/0x59a1205d0f5d60037b2c2bc3038093f55f9432805152ed5c0448c881e4ade492
2023-03-27 17:32:11,True,0.4666,0.001472,642.055,0.9454,0x70...8487,https://bscscan.com/tx/0x91bb68a154d171c63f0ec4d85f6ef5bb915e486534fc522f16f7378ff859f039
2023-03-27 17:25:59,True,0.465,0.001472,1124.56,1.65592,0xed...4f31,https://bscscan.com/tx/0x441b5760bb8da0ed5a3cf69c32937dfa115a048b93c37e9324985d80c0c82590
2023-03-27 17:25:59,True,0.4649,0.001472,6298.9,9.27245,0xda...6e1f,https://bscscan.com/tx/0x01c983a7569db712e0cc7c5fc4d659f7cefdec88e9fc311e9ea366caa0ebf6ad
2023-03-27 17:25:59,True,0.4647,0.001471,6796.65,10.0,0xf2...bfcf,https://bscscan.com/tx/0xd9c61bdc85e98d7fb76f8f6a722732e429eb4efde204de105d2f963b68e736a8
2023-03-27 17:25:59,True,0.4644,0.00147,6800.29,10.0,0xda...c952,https://bscscan.com/tx/0x614748c94b8ad641c1b20cb1c4b979a04df3f5014848a417d3535936db9ddfca
2023-03-27 17:25:59,True,0.4642,0.00147,2577.46,3.78883,0x00...78d2,https://bscscan.com/tx/0xf9e1b60822679a44b0b59d892f1f7695df208f7901186f2bfa2155e92c573b27
2023-03-27 17:25:20,False,0.4642,0.001462,78.071,0.1141,0x99...2fc5,https://bscscan.com/tx/0x406ee6b9df82cc19b9243c403e9cd31b49f543b8f622815af1e8accdc8020544
2023-03-27 17:24:59,False,0.4616,0.001462,6153.47,8.99714,0xb9...12c6,https://bscscan.com/tx/0xf77c9f831eed2a2ee1c225c710c404f95f02b83a67507fc101576068ce2e829b
2023-03-27 17:24:32,True,0.4642,0.00147,6801.98,10.0,0xed...4f31,https://bscscan.com/tx/0x4c3747e6a7f9ce9be004640b8908333ff253782cccdbbe59683e262c40e292fe
2023-03-27 17:24:32,True,0.464,0.001469,4369.51,6.42105,0x98...5cc4,https://bscscan.com/tx/0x2223ad306d10d810ebac93f300fd3314b9cb1d29401eb0fb95b4fec824b3bb41
2023-03-27 17:24:32,True,0.4639,0.001469,880.2,1.2932,0x7a...c707,https://bscscan.com/tx/0xe7d8e0145c4c6e30b129c4220a3b3b02f69f1a84ed29994629de4a238657572e
2023-03-27 17:24:26,True,0.4636,0.001468,13627.7,20.0105,0xfc...535e,https://bscscan.com/tx/0x197bb26ba93400ddb7c2ae95f2884452cd82713e50e86ef531062b05583f6da1
2023-03-27 17:24:26,True,0.4633,0.001467,2588.58,3.79857,0x00...78d2,https://bscscan.com/tx/0xdd7ddc02f8a04b7ab954f58dad803d53084145552a9ef43343a35a3347b918eb
2023-03-27 17:24:26,True,0.4632,0.001467,4052.68,5.94548,0xd3...ec6f,https://bscscan.com/tx/0xa991d399ac42d697efa9125f1c8af75394c98b8db638c4673833d276425027f7
2023-03-27 17:24:14,False,0.4613,0.00146,27590.0,40.2909,0xb9...12c6,https://bscscan.com/tx/0x765b32995dbaf5fd2463f654253be16ad8ac55d6aedec56d2c07429d8da964ac
2023-03-27 17:24:11,False,0.4625,0.001463,22175.5,32.4634,0x61...3b36,https://bscscan.com/tx/0x5b8fe10841134b4e5627910375f153028c94f5a02a04091f85b0a4a3d72522c5
2023-03-27 17:24:11,False,0.4626,0.001464,269.37,0.3944,0x80...25cb,https://bscscan.com/tx/0x666c90c1dfac2bf2b205b29aa2013c4686b84627de277e7759c1d5b8f3c9ec2b
2023-03-27 17:23:38,False,0.463,0.001465,7453.36,10.9242,0x11...a5bc,https://bscscan.com/tx/0x89b40f2646eefe550ad259d9c44b29b5c2f6c5cf3575f2e00e4a8fe02f39f715
2023-03-27 17:23:38,False,0.4634,0.001466,11270.7,16.5313,0xfc...535e,https://bscscan.com/tx/0x33435bd0a610098dd8b4612706319d9579899f1690786eb0674dc902b4980212
2023-03-27 17:23:35,False,0.4634,0.001467,3450.0,5.06321,0x83...6678,https://bscscan.com/tx/0xcf4dbc55d86069a52e5acf9e760f49817ae6b31ba294a35714e0a26148b73f3a
2023-03-27 17:23:35,False,0.4636,0.001468,4074.05,5.98084,0x5a...6651,https://bscscan.com/tx/0xd2c8fee69ae5d2a80b8b9f1c5ea9eb869ddc25d1324e9b68ea88013393ff883a
2023-03-27 17:23:35,False,0.4637,0.001468,5533.51,8.12644,0xed...4f31,https://bscscan.com/tx/0x5d37fca884c9f8b24815905f716dd3f33a936b5153d2fc68befdda6f1fbae4aa
2023-03-27 17:23:35,False,0.4641,0.001469,14241.0,20.9304,0x3f...573a,https://bscscan.com/tx/0x6128f0460041db791b1f9222d2d344245de3951efeebfce745a8f1282d32809d
2023-03-27 17:23:35,False,0.4647,0.001471,16585.2,24.4054,0xda...c952,https://bscscan.com/tx/0xca008c258dcd26db48005547ecd4131e7ff6d3d5377b1577fd989ebc94af83a2
2023-03-27 17:23:35,False,0.4651,0.001473,8272.31,12.1848,0x52...1c7e,https://bscscan.com/tx/0x4cb2c2e817dae7a7b9a0dfc8d852efe799128a6737683f4d6651d06eb61268bc
2023-03-27 17:23:35,False,0.4653,0.001473,651.831,0.9604,0xa8...2f72,https://bscscan.com/tx/0xc1f60e308c9930f1ca1d07ff5701abbe0351fbf07eefe99cf63ac24c9efaec1a
2023-03-27 17:23:35,False,0.4654,0.001473,6233.4,9.18727,0xd8...bcda,https://bscscan.com/tx/0x6127c2805df7013317dbaba9bef339e14e7fb0141a80dfd2d3d3da536e050529
2023-03-27 17:23:35,False,0.4656,0.001474,3545.2,5.2272,0x3b...290a,https://bscscan.com/tx/0xfab34bb01d1c8be0f44d8ce38ef0c16a0b6c747ffd52145a29c1342d172d1aa3
2023-03-27 17:23:35,False,0.4659,0.001475,13754.9,20.2946,0x97...d57d,https://bscscan.com/tx/0x6468cbc2c3674a5cb24417d4f3a31c9a893376775f4328fe4a497d3a567260f4
2023-03-27 17:23:35,False,0.4662,0.001476,3647.39,5.38524,0xd3...ec6f,https://bscscan.com/tx/0xbc97efc1371f3119ef0da2e037bff99418c89faebc243d23535d1e538788662d
2023-03-27 17:23:32,False,0.4666,0.001477,16795.5,24.818,0x11...a5bc,https://bscscan.com/tx/0x5e2d88e0b0604967c53ea34cb377bb7e68fdf6ae68ec353bc6928b8d8cbbbed8
2023-03-27 17:23:23,True,0.4693,0.001486,349.924,0.52,0xc9...5d93,https://bscscan.com/tx/0xd2014772964ddf294060e2259aeeed47922f90ec0128e18c1bac19c5461ef135
2023-03-27 17:23:11,False,0.4696,0.001479,6643.8,9.82608,0x27...b6f2,https://bscscan.com/tx/0xe3724ca2e7d95a5dc7def57bce596101e0ae02b7a268ad3a45cc2a9eb4d9a5d7
2023-03-27 17:23:11,False,0.47,0.00148,13212.3,19.5561,0x11...a5bc,https://bscscan.com/tx/0xdab630cc7b11523d90cfc2e358c0f968a9a25c21c74be0a7b6e48e7926f3875f
2023-03-27 17:23:11,False,0.4703,0.001481,6681.69,9.89766,0xfc...535e,https://bscscan.com/tx/0xbfd9b5930066cfa7dc12909f34e755df101bc4670c0f341551c158d76c07bb91
2023-03-27 17:22:53,True,0.4726,0.001489,566.8,0.844,0xca...34d7,https://bscscan.com/tx/0x30b24a1c47f3b109d766dd76c4a5fd8ada1fdd30e4237bcb191d3c3371fc7491
2023-03-27 17:22:47,True,0.4702,0.001488,2350.68,3.5,0xda...c952,https://bscscan.com/tx/0x418c5da7d1e715d00330050c428a89a2b8289d02a6a31341eec92c0b1d27cc2e
2023-03-27 17:22:47,True,0.4701,0.001488,2351.12,3.5,0x8d...1b76,https://bscscan.com/tx/0x10b60f9fe3f9159067cf82b44ad8149b34b53f3d7f7d47bb9fc8ced419e78e1d
2023-03-27 17:22:41,False,0.4677,0.001481,25.2471,0.0373,0x52...8d7e,https://bscscan.com/tx/0xe486799189e0ee00752ad9f28838a793423bdb936fbf9643f9c803aabff339d8
2023-03-27 17:22:41,True,0.4701,0.001488,1248.12,1.85776,0x03...9fa1,https://bscscan.com/tx/0x5611597206be6659f746b4b687adc359b554874e593addada2b58223b7a43d38
2023-03-27 17:22:41,True,0.47,0.001488,2351.78,3.5,0x3f...573a,https://bscscan.com/tx/0xda75f7554434f00463de1031b51808c55d7c27b06deed9e3e844efd2fc0815b3
2023-03-27 17:22:41,True,0.4699,0.001488,2352.22,3.5,0x0c...8533,https://bscscan.com/tx/0xbae4154338ca55551f1ae6bd101576faea7f56798ff6ccc389431d5d9bc6922b
2023-03-27 17:22:41,True,0.4699,0.001487,282.717,0.4206,0x00...bd17,https://bscscan.com/tx/0x411a8cfeac6ec837433dd6891b2153edb34d68272b25ead2ae90793a1de30b0d
2023-03-27 17:22:38,True,0.4699,0.001487,156.0,0.232,0xbe...b214,https://bscscan.com/tx/0x625f14a09b7aeff0d6c3b9b42b768fcd21f47e144b4f104794b2cd8817c6ba74
2023-03-27 17:22:38,True,0.4698,0.001487,2352.74,3.5,0x5a...6651,https://bscscan.com/tx/0xe7aec5b362f25fecda75c4a6a6995a1020cfc248f091f7276dbb51e05c3e7642
2023-03-27 17:22:38,True,0.4697,0.001487,2353.18,3.5,0x2f...e155,https://bscscan.com/tx/0x15c981099f43c651afa9ba23e36e00c47b96c8f826927df1939eb5463d28bfb7
2023-03-27 17:22:38,True,0.4693,0.001486,21293.1,31.6406,0x11...a5bc,https://bscscan.com/tx/0x60c4f3664043ab99b545d89624bc60f8316f90d8010e6a36d46beebc4de6a5da
2023-03-27 17:22:38,True,0.4688,0.001484,5389.43,8.0,0xb0...ff7c,https://bscscan.com/tx/0x1d4df11d2ba71b797561217871a7cb958de9ca416a65f737969a9163834b84a5
2023-03-27 17:22:35,True,0.4687,0.001484,343.58,0.5098,0xac...02c7,https://bscscan.com/tx/0x33a43b09f4311cb9f3eadae2c3318ed0b17fb2bbd0377f9efdfbfe2a461ed204
2023-03-27 17:22:35,True,0.4686,0.001483,4237.2,6.28708,0xef...51dd,https://bscscan.com/tx/0x3eb780f54220b6c5c029137a452e21c4d69c9c457d7c798abb8cc7a057bacbe0
2023-03-27 17:22:35,True,0.4685,0.001483,2359.45,3.5,0xf2...bfcf,https://bscscan.com/tx/0x6dad580206ff982665ef12d464a58ca83e49d81ab7417f60ef03e9930ab04efb
2023-03-27 17:22:35,True,0.4684,0.001483,2359.89,3.5,0x5a...6651,https://bscscan.com/tx/0x8013f70adb51e67392e44d0d30a4ca93a57eaa00378e39de57ec2bfa1b5c2314
2023-03-27 17:22:35,True,0.4683,0.001482,2360.33,3.5,0x2f...e155,https://bscscan.com/tx/0xb59c54e7c91c2caea4ad5bc54b768dde035e0a99be9162ed0a004ff8065e98ea
2023-03-27 17:22:35,True,0.4681,0.001482,6526.33,9.67411,0xa2...deed,https://bscscan.com/tx/0x09471372a1bea41c01468dc311d43e73057cf5f5f06068d6d40f0bc173195f16
2023-03-27 17:22:35,True,0.4678,0.001481,11476.7,17.0,0xb0...a41e,https://bscscan.com/tx/0xa7d35c2623fae1ddd7efd12abc7a6fbb9ea668dd15be3fa41c23fabd63759199
2023-03-27 17:22:32,True,0.4674,0.00148,2364.14,3.5,0x8d...1b76,https://bscscan.com/tx/0x656947603784f81efc090689ca06872ec55d009e41c59a0a10361c17b89208cc
2023-03-27 17:22:32,True,0.4673,0.00148,776.04,1.14875,0xed...4f31,https://bscscan.com/tx/0xee7c5be880e128e9a3eca84cd18aa256e01a282fd09e007ac683ed60e27f428b
2023-03-27 17:22:32,True,0.4672,0.00148,2364.72,3.5,0xda...c952,https://bscscan.com/tx/0x30950eae746ccbe4cb84c02528c6297c92d962c679c132066f4d1e7b9a39ac05
2023-03-27 17:22:32,True,0.4672,0.001479,2365.17,3.5,0x27...b6f2,https://bscscan.com/tx/0x46853eced0e2d1446feb3771c26421470e347355d2b6e8fb4db91e6eefc64098
2023-03-27 17:22:32,True,0.4668,0.001478,16324.3,24.139,0x11...a5bc,https://bscscan.com/tx/0xdf2971c65bda538c9f7f3263a4ea151b8152631bfa9907bda8f545029f906413
2023-03-27 17:22:32,True,0.4665,0.001477,1264.16,1.86804,0x98...5cc4,https://bscscan.com/tx/0x0a60c8e421e9790355dea5f9b97abda00858be9ea5835d393947f003e310fe3b
2023-03-27 17:22:32,True,0.4664,0.001477,4061.24,6.0,0xb0...5011,https://bscscan.com/tx/0x885deb275b374d8782ab84c32adc0bab9891cd2dd85352880f29442b28f7b8fe
2023-03-27 17:22:29,True,0.4659,0.001476,20325.8,30.0,0xb0...baef,https://bscscan.com/tx/0x256a4bdbe55af5b20ce6df682bfecf6d8bbcacab48b00f27c9c9d8207de493fb
2023-03-27 17:22:26,False,0.4633,0.001467,215.327,0.3159,0x0e...7f19,https://bscscan.com/tx/0x51dd2b99672c8c43cd8c94b9073ee6d1235511a4ed59abe0730332526a307df7
2023-03-27 17:22:26,True,0.4655,0.001474,2575.16,3.79747,0xdb...8aba,https://bscscan.com/tx/0xd54cef11a9f5163d3e8cead8d7f99a2aade2ba3031e77c111632fc23c51a8905
2023-03-27 17:22:26,True,0.4654,0.001474,4271.05,6.29661,0xef...51dd,https://bscscan.com/tx/0x4ca3b28400f542b09e6cde982d3c54cfabebaeabe557661ef514568b825e0e7d
2023-03-27 17:22:26,True,0.4652,0.001473,4273.27,6.29776,0xef...51dd,https://bscscan.com/tx/0x654a702e05d5b28581e341e1b0a927cae08f919bb625f763eabbb47498882158
2023-03-27 17:22:26,True,0.4654,0.001474,611.23,0.901,0x2d...916a,https://bscscan.com/tx/0xe96c436c92bddb72c96616a3be0424d17f20d10a81ae78f9b599af5237bc7c82
2023-03-27 17:22:26,True,0.4651,0.001473,4595.0,6.76923,0xa2...deed,https://bscscan.com/tx/0xd86a579b88c6ffcd2277461d2311cd102cf3c2db237875b0f7f857ba891e0af4
2023-03-27 17:22:26,True,0.4648,0.001472,10694.8,15.7457,0xdb...5ee7,https://bscscan.com/tx/0x07a516929799e1851ae93dbf0a35e93bc308c5e90c42d691fb85f03036ae4f18
2023-03-27 17:22:26,True,0.4644,0.001471,9524.74,14.012,0xa2...deed,https://bscscan.com/tx/0x3b2c20f7ea240b09db42d0cd7d99572ba064148b04e8ba35f017b057d445947b
2023-03-27 17:22:26,True,0.464,0.001469,10713.1,15.7476,0xdb...5ee7,https://bscscan.com/tx/0xcee55271dbf6f658e0196449373e75ee8501cbf294ee54c6929e42c292a35991
2023-03-27 17:22:26,True,0.4631,0.001466,42956.2,63.0097,0x53...4f4e,https://bscscan.com/tx/0xdd14d81fbc1b496f767dd0a93d43354d2bc1f1cd81988feb40fdb608578773e9
2023-03-27 17:22:26,True,0.4625,0.001465,1297.61,1.90103,0x80...25cb,https://bscscan.com/tx/0x36d00a3790d4c58c400909e3c5f760af9b210ee304e59238c36712c77e96f030
2023-03-27 17:22:26,True,0.4622,0.001464,2390.59,3.5,0x91...79fe,https://bscscan.com/tx/0x86447a516a75e7fee1bd80d7ae486884b071088ab1a6e0325f807f801aeb89b3
2023-03-27 17:22:26,True,0.4621,0.001463,2391.03,3.5,0x0c...8533,https://bscscan.com/tx/0x522a4d98eaa1dc1b94b247c51300a139d66ec489faf42a7d833c8afd1d159b21
2023-03-27 17:22:26,True,0.462,0.001463,2391.48,3.5,0xed...4f31,https://bscscan.com/tx/0x6e1a4566c491b9331e7a3444aadc8a745d5cca5a18b5494f13e3a366b1ac45ea
2023-03-27 17:22:26,True,0.4619,0.001463,2391.93,3.5,0x03...9fa1,https://bscscan.com/tx/0xc53ea721f27153c618d1c356d1afd5d5dd854f7085e3192bf9eeb1ed49741150
2023-03-27 17:22:26,True,0.4621,0.001463,2028.91,2.96978,0xf9...5ce3,https://bscscan.com/tx/0xd5d15868f88c91793bd8cec78b0723c995a008a330a25c32bad6c30226fa4ed2
2023-03-27 17:22:26,True,0.4618,0.001462,2392.76,3.5,0x3f...573a,https://bscscan.com/tx/0xe71aff24aeab29fa2597e7082161486f51d74af3e28c70bef4c58063a1a1d980
2023-03-27 17:22:26,True,0.4617,0.001462,782.416,1.14433,0x29...af67,https://bscscan.com/tx/0x5ceb4aadeaaf70bbc89f48eff6665f6f23fd170bef3052dfadf457ce82043675
2023-03-27 17:22:26,True,0.4615,0.001461,13754.6,20.1054,0x98...5cc4,https://bscscan.com/tx/0x916096a374f8f96466ead4e65682f2f762534dbecd08d56f4f105e1164c67709
2023-03-27 17:22:26,True,0.4611,0.00146,6281.44,9.17452,0xd8...bcda,https://bscscan.com/tx/0x3abc79025934edda9a9f842a240a2172eb66fc913d12135ff3d61214b91f9fbb
2023-03-27 17:22:26,True,0.4608,0.001459,8001.7,11.6805,0x83...6678,https://bscscan.com/tx/0x9d355cee92636f827ea81faeeb4dbc3feb2596a1da60b6eea1b1d55c25c3d0de
2023-03-27 17:22:26,True,0.4607,0.001459,11648.9,17.0,0x10...0000,https://bscscan.com/tx/0xdc8c888db18ea74ff2f870661426d0810a9756af9adf69e2eaf46a21b98b1e7c
2023-03-27 17:22:26,True,0.46,0.001457,27590.1,40.2021,0xb9...12c6,https://bscscan.com/tx/0x45194927532a2238b3d27773651c0f080bff524494bbdef713a1164f99f0fdc7
2023-03-27 17:22:26,True,0.459,0.001454,13754.9,20.0,0xb4...71f3,https://bscscan.com/tx/0x335be40bcaba6ad1b2f373ae4fba2b4ed5545a4ce9db34b85c5c6a51fd8b9593
2023-03-27 17:22:26,True,0.4587,0.001453,2610.41,3.79319,0x09...18f7,https://bscscan.com/tx/0xfc473e6524dad8e0d32d791c206c651a88530fdd0cc1e5b4f8a7f2f39ca2b95a
2023-03-27 17:22:26,True,0.4586,0.001452,3466.9,5.03656,0x3b...290a,https://bscscan.com/tx/0x75c08e744803375eebb290a44dfaeb48d43a7ad77c5b7900260c222e19f06f86
2023-03-27 17:20:17,True,0.4581,0.001452,10647.9,15.4603,0xfc...535e,https://bscscan.com/tx/0x0926ac73da330271425edb7da5b071e53d31a48cb5000a6ae9af8a60394bc51c
2023-03-27 17:20:11,True,0.4579,0.001451,1284.37,1.86398,0xd3...ec6f,https://bscscan.com/tx/0x8250a584f8a01f080dd4589290f808bf17f41756c725ef8a7589d290c09c6a79
2023-03-27 17:18:53,True,0.4584,0.001451,615.301,0.8929,0xfc...535e,https://bscscan.com/tx/0xd09f65054bf392684be790292aee381125f85f5d630879aaccd62f035466528f
2023-03-27 17:18:50,True,0.4584,0.001451,2412.14,3.5,0x91...79fe,https://bscscan.com/tx/0xdcf98735c3b2ef031df92173b01072f5a8242921e8fbd1eb03ab3beb056c1c16
2023-03-27 17:18:50,True,0.4583,0.00145,2412.59,3.5,0x62...1f10,https://bscscan.com/tx/0x4c896ca106fdd8930e9493858ffffe11269561b8b21b7c5e1ab05cba26374c20
2023-03-27 17:18:47,True,0.4583,0.00145,2413.05,3.5,0x0c...8533,https://bscscan.com/tx/0xebdd2ee0a8f782dbf098a9fccdd16f4647f4c8e66db8f7d916ae46c054bf9d13
2023-03-27 17:18:23,True,0.4588,0.00145,4275.45,6.1997,0xfc...535e,https://bscscan.com/tx/0xe64d2445e46d93d4db43c7b851b5b07d9b119c7ae92514e0939d9ab30ef1b64c
2023-03-27 17:18:23,True,0.4587,0.001449,2736.52,3.96705,0xd3...ec6f,https://bscscan.com/tx/0x4da15438ae699abe8ae2a39681aa2bad58217b739b22466c0e604f6a70582748
2023-03-27 17:18:11,False,0.459,0.001442,12.0598,0.0173,0x73...e78f,https://bscscan.com/tx/0xa3b26d748c5e8287b42b6a56461ca4a42c0894616de78f2fcd1887fe58f6dee0
2023-03-27 17:17:44,False,0.4538,0.001442,4042.29,5.83103,0xd3...ec6f,https://bscscan.com/tx/0x385e95f10022f4ff2a078f6fa0516fa0f2752e33f162832a70862e424dde0d85
2023-03-27 17:17:41,False,0.4541,0.001443,13175.1,19.018,0x0c...8533,https://bscscan.com/tx/0xbd8c9f3a5ed9eb0e4da32a3767f1ee36510d972153253f881048f9ff730047f7
2023-03-27 17:17:11,True,0.4583,0.001451,653.471,0.9484,0x70...8487,https://bscscan.com/tx/0xa07afa762035f48a261d41fa46b36f6f4bd353b1c0bf1c1992fd8d131a40952f
2023-03-27 17:14:49,False,0.4553,0.001444,66.0799,0.0954,0x29...9b84,https://bscscan.com/tx/0x49af426eb8cf0b427cf1796e04193f22f4bfd549f415323b60b53e8dffaafc9c
2023-03-27 17:13:28,False,0.4526,0.001444,1117.19,1.61347,0x47...3ac2,https://bscscan.com/tx/0x1c5fb7a8a67037f2a62283931877c70a60b1b17dc11c420f58cb5543ca3f070b
2023-03-27 17:12:19,True,0.4569,0.001451,3774.49,5.47796,0xa0...cc8d,https://bscscan.com/tx/0xad63d0a0741bc3dcb21132d0f961d43775f289ecab61163097e3d5a364cea83f
2023-03-27 17:11:55,True,0.4574,0.00145,4297.46,6.23498,0xca...34d7,https://bscscan.com/tx/0x02e0ee98752326a39541f38c1f40e1be76b86d935ba48e6822e4186b976590ad
2023-03-27 17:11:52,True,0.4573,0.00145,1067.02,1.54777,0x2f...e155,https://bscscan.com/tx/0xc57a19a2237caf31c9db3a16e5ba112b703d202d1d97132fcb7e7451978d5f23
2023-03-27 17:11:52,True,0.4572,0.00145,2413.21,3.5,0xed...4f31,https://bscscan.com/tx/0xd8a5e007f19f66a1c371ef9548f0f8abd69219d0b517da3feff7ee7017091fb7
2023-03-27 17:11:52,True,0.4571,0.00145,2634.89,3.82076,0x05...7eea,https://bscscan.com/tx/0xf6971e0864e9dcf8d6c27d74b8049a1c7d92ddb562c14cea4053847a9cc0c31b
2023-03-27 17:11:46,False,0.4525,0.001442,631.646,0.9112,0x80...b6d5,https://bscscan.com/tx/0xd4bc0bbf5488dd7ef302464ff6c58130fc58690b14f7d4888ec6105ec40c02eb
2023-03-27 17:11:46,True,0.4547,0.001449,4933.97,7.15281,0x4d...74b8,https://bscscan.com/tx/0x3603c95e10e42abcff4f9d0273e7985078a3476790f6c61888bc63ce8c10f2eb
2023-03-27 17:11:07,False,0.4524,0.001442,861.885,1.24304,0x00...bde8,https://bscscan.com/tx/0xdbbba4390e0a4b9c4b048dd14282239d3ee88d49cc0229393cf1e41136307f77
2023-03-27 17:10:49,True,0.457,0.001449,5734.64,8.31064,0xa0...cc8d,https://bscscan.com/tx/0xd7e82cacf289fc583135e7cb2a8db5c9342921bcaaa3ae1ac152fece31323f29
2023-03-27 17:10:46,True,0.4554,0.001448,4134.06,5.98877,0x7a...c707,https://bscscan.com/tx/0x8c121ecad7347f7449919f02cda38598e2e5b6e3fcda30bed9c251c599c83ce3
2023-03-27 17:10:46,True,0.4552,0.001448,2416.68,3.5,0xed...4f31,https://bscscan.com/tx/0xa9e0480d4bda1e8627ff65ec9e2957f4f9eb67af14d8e7956eeb3d0f7a7afd37
2023-03-27 17:10:40,True,0.4552,0.001448,2417.13,3.5,0x62...1f10,https://bscscan.com/tx/0xb8fff58b9d4d74d319cece11e41e80604fe387077b7bde6c5e48f7da7ce09601
2023-03-27 17:10:40,True,0.4551,0.001447,2417.59,3.5,0x2f...e155,https://bscscan.com/tx/0x7f6b4e18eedb79aef27d128616c8baedadb958f84daebba1d73f3e13b89b7e5b
2023-03-27 17:10:40,True,0.455,0.001447,2634.05,3.81262,0x09...18f7,https://bscscan.com/tx/0xba308dd191659860b9df07a1be0e863fd663b50fb6f42f16f7626e0cf053dda9
2023-03-27 17:10:34,True,0.4549,0.001447,2418.54,3.5,0xda...c952,https://bscscan.com/tx/0x154c8f5fc2f2c27c4fd1fd64256b2b13dd4d15542f8c1bded0053a02fb953cd0
2023-03-27 17:10:34,True,0.4548,0.001446,2419.0,3.5,0x62...1f10,https://bscscan.com/tx/0xab79ca7e57afef4c4a21fb13541fdaa92c122e3b64a610334956fe68faddff60
2023-03-27 17:10:31,True,0.457,0.001446,745.862,1.07904,0x67...b7c1,https://bscscan.com/tx/0xf0feebf94c06215aab2d71a2b46009c744cf7abf537f57b2383c4994afb56684
2023-03-27 17:10:31,True,0.457,0.001446,2370.1,3.4284,0x00...78d2,https://bscscan.com/tx/0xb7d0d427cb4776fd0882b8a202ad7bdc5bd63d385e842c8efbf2d456b1026462
2023-03-27 17:10:28,True,0.4569,0.001446,2420.05,3.5,0x62...1f10,https://bscscan.com/tx/0x9ed07be5208c8904f06aaecc70e99975bfff130ab4dde0e5ceb91661f28075dd
2023-03-27 17:10:28,True,0.4568,0.001446,2420.51,3.5,0x2f...e155,https://bscscan.com/tx/0x4937bc27a413a6b5c5f465064f439cdca3f64fda78feb51491d8fb6f54f505dd
2023-03-27 17:09:58,True,0.4544,0.001445,4076.12,5.89249,0xd3...ec6f,https://bscscan.com/tx/0x935cea13b1fe54e5394fa9861f350dc29b4416c3000ca64f23eddb85b9335047
2023-03-27 17:09:34,True,0.4547,0.001445,2421.73,3.5,0x3f...573a,https://bscscan.com/tx/0x675b6a43ede215d0c8b254af81bfe8e8dcc4bb09e562778bd78098aff76cc0fe
2023-03-27 17:09:34,True,0.4546,0.001445,2422.19,3.5,0xda...c952,https://bscscan.com/tx/0xc44156ea51e7d67a9bc27a8a8c037f5a67f6f557c2a08d16243d49bb8c07bf27
2023-03-27 17:09:34,True,0.4545,0.001444,3461.07,5.0,0xed...4f31,https://bscscan.com/tx/0x1c5f76141d2aef94883a34278920fccfe73cd1b2dc4539a5dc774514734963e0
2023-03-27 17:09:34,True,0.4543,0.001444,8093.53,11.687,0xd3...ec6f,https://bscscan.com/tx/0xb78f796546bd69ee4cca45c19015e63bf05485582f296f754b4aa93106b4355b
2023-03-27 17:09:31,True,0.4564,0.001442,19954.4,28.7824,0xd3...ec6f,https://bscscan.com/tx/0x66e13d86ec2cbb5f87f05dea3561d419bb5c97d02468c0eda62f1ac1b5b4c89d
2023-03-27 17:09:31,True,0.456,0.001441,3469.59,5.0,0xda...6e1f,https://bscscan.com/tx/0x295a37bf602ba8bf13d0da3a21abfbd7a6ce6db6583366c8d9c346485eef6160
2023-03-27 17:09:31,True,0.4559,0.00144,2429.27,3.5,0xda...c952,https://bscscan.com/tx/0xeaf99e81af9cba3669069af48b0472b92a06333f40f6bdb10c9fda4bae1d50be
2023-03-27 17:09:31,True,0.4558,0.00144,3471.19,5.0,0xed...4f31,https://bscscan.com/tx/0x5a74a1af7e64caa1d6c48ca411ccdd9b9836e08e6d1e37d75ed7d3c0d6310cc3
2023-03-27 17:08:58,False,0.4533,0.001433,416.814,0.5973,0xd3...ec6f,https://bscscan.com/tx/0x97cdd88feab545e3289ccc4e786fcf21a78a33ba4fdf61bfe6228aff0fab1586
2023-03-27 17:08:43,False,0.4513,0.001433,6168.78,8.84254,0xd3...ec6f,https://bscscan.com/tx/0x2fe8a02111170e89ceeb7e8358550309ccb689a41aad9883a95d3cc5dfcc972a
2023-03-27 17:08:43,False,0.4515,0.001433,831.0,1.19151,0x7a...c707,https://bscscan.com/tx/0x512e5b01a9498cf39c147c72e3e4e0c705069d14cefe14ffc9f0f6bfea68be3f
2023-03-27 17:08:40,False,0.4515,0.001433,318.124,0.4561,0xd3...ec6f,https://bscscan.com/tx/0x144119e5dd271fcfcc7056cf5c62d03d82edf5be6a8c690e0780e189ce0bbe05
2023-03-27 17:08:13,False,0.4541,0.001434,4140.93,5.93866,0xd3...ec6f,https://bscscan.com/tx/0xd7c4e1a85070ca5fda18fde56d5611c6229fec04eb41059dddefc67c1c8f9116
2023-03-27 17:08:01,False,0.451,0.001434,1873.85,2.68798,0xd3...ec6f,https://bscscan.com/tx/0x256fc7d959d37682789a3ecff3d4b13ce6670170c9a304a14898a232af792bd2
2023-03-27 17:07:58,False,0.4511,0.001434,1871.48,2.68497,0xd3...ec6f,https://bscscan.com/tx/0x1e20cea8e3656d99656df7cb4090c7ab0ea8daf9d023a56d3f6c18cb6f75e670
2023-03-27 17:07:28,False,0.4534,0.001434,1615.99,2.31875,0x4d...57f6,https://bscscan.com/tx/0xf2b84ed2b95495d69620365614f2948291ec81f4449f28a87d6be92600369bdf
2023-03-27 17:07:19,False,0.4534,0.001435,2433.4,3.49218,0x03...9fa1,https://bscscan.com/tx/0x6acc961b6e6a410b15250b9cba9a661f3b88fe001a2744091424c3491784c321
2023-03-27 17:06:19,True,0.4555,0.001442,2.93292,0.0042,0x06...84bb,https://bscscan.com/tx/0xbb8278478ff91ce66f23a2ba187b8343e41e53db3a6e7103a0182bf87e3edc43
2023-03-27 17:05:37,True,0.4556,0.001442,39.2813,0.0566,0x1b...f139,https://bscscan.com/tx/0xc2247a2e8b8c9ea6f3542c0ab0cd48e84c16eb42107bf376b23376c79ddc8f42
2023-03-27 17:03:32,False,0.4558,0.001435,4785.09,6.869,0xd3...ec6f,https://bscscan.com/tx/0x2199b4976d04df0c7ad86e8b6205864b6481da243edf9ce51270c3fb2f667fd9
2023-03-27 17:03:20,False,0.4554,0.001435,1103.58,1.58456,0xd3...ec6f,https://bscscan.com/tx/0x7805da9fca5529427d735542056798029d6739ed51bbd609f7d906d2d887eb81
2023-03-27 17:03:17,False,0.4555,0.001435,322.933,0.4637,0x3b...8523,https://bscscan.com/tx/0xaba2a926fca0fa9f2d25faba11bd4ef40e7c23b19e49ba71f7f9ccb0d67347ad
2023-03-27 17:03:17,False,0.4555,0.001436,1909.2,2.74168,0x00...78d2,https://bscscan.com/tx/0x0fdcb8820a13e0c141052c8b518e9ec5d821706bb0598ddbb0b397d626c39dd1
2023-03-27 17:03:14,False,0.4558,0.001436,1428.21,2.05123,0xd3...ec6f,https://bscscan.com/tx/0xddfc94f7675f0c655dfb1a1cb05600f57537c04ac502289f91bdbe214c7268e8
2023-03-27 17:03:14,False,0.4559,0.001436,2646.5,3.80156,0x05...7eea,https://bscscan.com/tx/0x06527c503d2a5c386dbb84a50432b80f4cf8fe1b429f7ea3f890cebb7a649eba
2023-03-27 17:03:11,False,0.4559,0.001436,1076.92,1.54716,0xd3...ec6f,https://bscscan.com/tx/0x01ebcba9442d203cdd0b19f81b426af608b9a459ef95e77b04304e6b10507522
2023-03-27 17:03:11,False,0.456,0.001436,1677.6,2.41039,0x00...78d2,https://bscscan.com/tx/0x05a935b6d7be71839d1057a7aad00cad91f921a0022b8b5845046296e8c38586
2023-03-27 17:02:53,True,0.4561,0.001444,27.1123,0.0391,0x13...bcee,https://bscscan.com/tx/0x480a1cf41a90631990fd9695eb16e8809890348fe232878181bdb510647e6a9d
2023-03-27 17:02:50,True,0.4561,0.001444,22.4983,0.0324,0x52...8d7e,https://bscscan.com/tx/0xf6d0aacdddee7a23eda17d2a96ebe7eef1ece9192d1fb86d6c4049434b1533ee
2023-03-27 17:02:44,False,0.4575,0.001437,1196.9,1.7199,0xd3...ec6f,https://bscscan.com/tx/0xdc3a4158bd51ea0210eaa848ae465dc0b01104b97ccd12e420a333c855157867
2023-03-27 17:02:14,True,0.4578,0.001444,38.2973,0.0553,0x3d...0abe,https://bscscan.com/tx/0x3f96949af44f8cbc6f6e7511d3460617ec5d5da6ef48e6eb189c7f00419b4dd0
2023-03-27 17:01:51,False,0.4556,0.001437,3165.01,4.54876,0xd3...ec6f,https://bscscan.com/tx/0xbe95c0bae2712f0f21232fcfc402e1aee178fabb19690da1925e1114fc455392
2023-03-27 17:01:48,False,0.4558,0.001437,4422.1,6.35734,0xd3...ec6f,https://bscscan.com/tx/0x6ccb1fa77ca174524cc6ca165d58ebf44e9df589b62f53b8e8c0d55a08705601
2023-03-27 17:01:42,False,0.4573,0.001438,10072.4,14.4886,0x3f...573a,https://bscscan.com/tx/0x9daad07887197ed94e37f9a513b780f1245effe9a930dc3efce2e7dc5f4d7797
2023-03-27 17:01:42,False,0.4575,0.001439,4150.58,5.97368,0x52...1c7e,https://bscscan.com/tx/0xccb4f706f69349b37493fb12a79ced080b451941a16e43fd0ed863e592d92916
2023-03-27 17:01:12,True,0.4595,0.001446,649.832,0.94,0x70...8487,https://bscscan.com/tx/0x1f87580265b302eaaf26ebe5f5e6541b950e02ca8377ca231aa06438fa907036
2023-03-27 17:00:42,False,0.4597,0.001439,13.22,0.019,0x4d...57f6,https://bscscan.com/tx/0x619e0a1961c2dcc2c5078c4881d5b38c6ebe7a591962442e38d786b4e17efe99
2023-03-27 16:59:18,False,0.4629,0.001439,8301.41,11.9529,0x0c...8533,https://bscscan.com/tx/0x7f2c654955630d4079a0c1550fe1bb48e8413385de08a3fa3fb2cc2deffd8fc9
2023-03-27 16:58:39,True,0.4666,0.001447,6910.04,10.0,0x3f...573a,https://bscscan.com/tx/0x9897d7a9d022a2316e4df0986e9ee0992443a6870c45987322e0b9deaddc95fa
2023-03-27 16:58:36,True,0.4664,0.001446,1960.75,2.83655,0x0e...7558,https://bscscan.com/tx/0xa8d75ff1f683646dc78ebceb55a7145db30a640a36d7b668ae7519eed68340ff
2023-03-27 16:58:30,True,0.4663,0.001446,2419.77,3.5,0x8d...1b76,https://bscscan.com/tx/0xb52ffa2b0986505fab51caced6064b187a0ba328c6ce23e27d1613713d3aead0
2023-03-27 16:58:24,True,0.4681,0.001446,4149.24,6.0,0x2f...e155,https://bscscan.com/tx/0xbd1e219695c36b2356241baecdb70345dc55241b1faf0b404d9aa9d396762156
2023-03-27 16:58:21,True,0.468,0.001445,4150.58,6.0,0xda...6e1f,https://bscscan.com/tx/0x54b7bcc8c4af17a1e5799102dfa4138d6512a8ef88cbe16743d2fbba63b24a20
2023-03-27 16:58:12,True,0.4681,0.001445,776.214,1.12186,0x3f...573a,https://bscscan.com/tx/0x20a5e02f4dde31f829318d505930206e1f6e4445f567e5f9e98caba27592e71c
2023-03-27 16:58:12,True,0.4681,0.001445,4152.18,6.0,0x0c...8533,https://bscscan.com/tx/0x0c1cda9a5a660bbcfb942cf7f285f5aa61bb798ef9b03fc1294ed9aeeecb0864
2023-03-27 16:58:12,True,0.4677,0.001444,12923.0,18.6615,0xd3...ec6f,https://bscscan.com/tx/0xb52f45ce8f1eebeaa8f5e5d78a64fd5367522aaf128a11fa085c32873018ecd1
2023-03-27 16:58:09,True,0.4673,0.001442,9505.73,13.7149,0xd3...ec6f,https://bscscan.com/tx/0x8f1a9a1032f4fd68f68e4a2536394afba4112ae765d0bccef716878fd60360fd
2023-03-27 16:58:06,True,0.467,0.001441,6835.8,9.8564,0xd3...ec6f,https://bscscan.com/tx/0x0e3f30fb4d43262adf03c16e128a6d9e4435ea42eca357e74f65908efab16470
2023-03-27 16:58:03,True,0.4668,0.001441,8001.7,11.5308,0x83...6678,https://bscscan.com/tx/0xfe3ef661df118249218108e8c9df72643f47f979ce1e197c87115c042750be12
2023-03-27 16:58:03,True,0.4664,0.001439,13202.7,19.01,0xd3...ec6f,https://bscscan.com/tx/0xac15b3bd0f19b4088b126030bd2d3a99487ea80e54b3099dafd9754101647ea2
2023-03-27 16:58:00,True,0.4661,0.001438,4882.29,7.02484,0xd3...ec6f,https://bscscan.com/tx/0xa059c53b294709cef522abacd562236799b0863ffe696013212a7c6bf5b7e059
2023-03-27 16:58:00,True,0.4659,0.001438,1042.75,1.5,0xbb...6b04,https://bscscan.com/tx/0xafd9d6be862187dbde385d2585107b749973306a0b83412503316cdfcbd1446e
2023-03-27 16:58:00,True,0.4659,0.001438,2433.4,3.5,0x03...9fa1,https://bscscan.com/tx/0xa761907f16c9f97ef0111050a0bd9be257921f85bc2d687b3c239428f08df377
2023-03-27 16:57:57,True,0.4674,0.001437,9399.7,13.5135,0xd3...ec6f,https://bscscan.com/tx/0x1743dbb884d93e06e2a3da64c77eb23f219dbcdd2c0a3fcd6250ae8c4f88725a
2023-03-27 16:57:54,True,0.4672,0.001437,2080.63,2.98989,0xd3...ec6f,https://bscscan.com/tx/0x60c11fbb76563a415a9c2f4096959f8ef13adb90f27af251e495ab2a193ae635
2023-03-27 16:57:51,True,0.4672,0.001436,967.5,1.39014,0xd3...ec6f,https://bscscan.com/tx/0x70227da66e8537f6885ab1e0060a95de362164ee20b1b9636a018f15732c8f81
2023-03-27 16:56:42,True,0.4695,0.001437,13.7913,0.0198,0x3a...90b3,https://bscscan.com/tx/0x4e03edda01d574a42fcb87542c7d959a27220f1c378e517410b6939d51bbc1cb
2023-03-27 16:55:00,True,0.4668,0.001436,9.84697,0.0141,0xde...367a,https://bscscan.com/tx/0x77d332eb7215e5e6cac134859ce4669f482e587e7eedd5f1d88f789221068c9d
2023-03-27 16:53:12,True,0.4671,0.001436,1825.0,2.62194,0xd3...ec6f,https://bscscan.com/tx/0x61c781e0dee2dc70cf17424d958cafa5d599fc9fed34e8c60955058678f8b156
2023-03-27 16:53:09,True,0.467,0.001436,1825.0,2.62157,0xd3...ec6f,https://bscscan.com/tx/0x0ca54bf90ddab98a3e5e4ce061f5ea48d5825f60e5d24787effecbdf7f9d60c7
2023-03-27 16:51:36,True,0.4672,0.001436,57.0,0.0818,0xe5...4cf7,https://bscscan.com/tx/0x898855e031fb5292c5a79c16f3282050a70ae00c30b792658a5580137edb4a02
2023-03-27 16:51:12,True,0.4672,0.001436,150.0,0.2154,0xe5...4cf7,https://bscscan.com/tx/0x67c3b9f9fca3c33f826b644c7a898d26736e1b98d3f068b2c339d3a34af5684c
2023-03-27 16:51:09,True,0.4671,0.001436,31.2958,0.0449,0x00...41f6,https://bscscan.com/tx/0x559aa8bbcfc67e9524517e2c707e7f4042fb8c9cc0c1d2f7ab300ae95da2925b
2023-03-27 16:51:09,True,0.4671,0.001436,47.9959,0.0689,0x00...1fab,https://bscscan.com/tx/0x566dee2e13eed6c7a664aa72574f90823a3fae5644fbd515b6e5978d43fc63a5
2023-03-27 16:51:09,True,0.4671,0.001436,120.908,0.1736,0x0e...2f4c,https://bscscan.com/tx/0x5af204bf4d132d73658737ca3fc7fcdbcb5d53b58a92fbd5ee91ba6d50c06e98
2023-03-27 16:51:00,False,0.4661,0.001433,71672.2,102.717,0xa5...7db6,https://bscscan.com/tx/0xf980d4b12d86b742b3711ab0bebdd8808cd1cbb173ac681fbe9c29bb1598ec6f
2023-03-27 16:50:33,False,0.4677,0.001437,13791.6,19.8312,0xb4...71f3,https://bscscan.com/tx/0xb3a103d70cc0eb3781a18be619049cb84da94a43361d7592d5de0ecdd6cf4eab
2023-03-27 16:49:27,True,0.4704,0.001445,15.6442,0.0226,0xc1...f415,https://bscscan.com/tx/0xe9f1b5dc2163ff6be66f5fa761361516e242a60fb79b82222fb4a683d2533c0a
2023-03-27 16:48:27,False,0.4704,0.001438,78.0,0.1122,0xf5...9cb8,https://bscscan.com/tx/0x9c6046513abe454734894f0954aef3743805debeabccf4faf1800d22b5a24e43
2023-03-27 16:46:12,True,0.4704,0.001445,634.456,0.9173,0x70...8487,https://bscscan.com/tx/0xa24486b586a2e91bc13b4f062a77f734cf3f9cec3c405a9167a409a7ef32c309
