datetime,buy_order,price_USD,price_native,amount_token,total_native,maker,etherscan_url
2023-04-02 18:23:45,True,0.4682,0.001501,21.317,0.032,0x3b...4a55,https://bscscan.com/tx/0x25724c4d6b4296170f93e50b142d98a4914b193cb847369a606293d7591a813d
2023-04-02 18:21:36,False,0.4681,0.001493,16.2001,0.0242,0xed...babb,https://bscscan.com/tx/0x461e1d701bb48b46afe204a518ac2e3badb70cbb66cfd16fcb224ae511584ef5
2023-04-02 18:21:27,False,0.4682,0.001493,1416.5,2.11588,0xc3...157a,https://bscscan.com/tx/0x8b472dd9cefda12bf262dfcbbb0820d2ad49b2a0af7337e10d89cac30497c8f4
2023-04-02 18:21:24,False,0.4683,0.001494,4330.0,6.46936,0x83...6678,https://bscscan.com/tx/0x155a79f3aad5fb91a7f9842b6f4ffe58ea1ece3280d15b2a1f4d687b92b44826
2023-04-02 18:21:24,False,0.4684,0.001494,1406.6,2.10204,0x67...b7c1,https://bscscan.com/tx/0xd619394b0e6614b6d9d415b5ad451184e415c3f820df1109fc6738728702b31d
2023-04-02 18:21:21,False,0.4685,0.001494,4023.99,6.0148,0xb0...a41e,https://bscscan.com/tx/0x2176599fcc26c410cd685849823ea0a3579db60c5bf44a7dd8e0f184390c2847
2023-04-02 18:21:21,False,0.4687,0.001495,6266.32,9.37027,0xd3...ec6f,https://bscscan.com/tx/0xece30460d6822105570d93d6bc6605c15650d3661b3f97ce63f262bde9df1bb0
2023-04-02 18:21:21,False,0.4689,0.001496,4269.62,6.38718,0x00...78d2,https://bscscan.com/tx/0x1d9b96cb55b84dce9d2d159d4bb365fe1fb86556ffa2d0df9c9d3ce77135ce9f
2023-04-02 18:21:00,False,0.4693,0.001496,411.018,0.6149,0xd3...ec6f,https://bscscan.com/tx/0xbc92778cb6bb88b733994f6b19e9a7d7bbd7b48d61ca2abe8502dfcfa7a6a9a5
2023-04-02 18:20:51,False,0.4693,0.001496,226.227,0.3385,0xd3...ec6f,https://bscscan.com/tx/0x899637e47ac64f5c5b5a3e9da3cd49eda00ee1d7e19a9ece02f4e6e8ccd83b82
2023-04-02 18:20:51,False,0.4693,0.001496,3620.1,5.41748,0x0e...7558,https://bscscan.com/tx/0x68dd22246a2ae2281a5649f2b17968cc41f4c6fdeb75de818e26fbdcffe131df
2023-04-02 18:20:48,False,0.4695,0.001496,2895.3,4.33393,0xf9...5ebf,https://bscscan.com/tx/0x4a7b2a1e1918a272184ddb83d43c9a2ca50bd6f78648b121234e42cbead0fb03
2023-04-02 18:20:45,False,0.4696,0.001497,5155.41,7.71949,0xd3...ec6f,https://bscscan.com/tx/0xc23ed9a0d0a1e520c4bad235ac8e9ab1d8664dea383c255d368b34d62a4fce01
2023-04-02 18:20:45,False,0.4698,0.001497,4269.62,6.39553,0x00...78d2,https://bscscan.com/tx/0xf94256988191fd0aa07644eac086d8b230850b1357f330fa81eec72b543e2053
2023-04-02 18:20:36,False,0.4676,0.001498,3148.93,4.71821,0xd3...ec6f,https://bscscan.com/tx/0xf03054c6397150091c6c711c800a91ae72e4e916cc845ef00c9c24591b0f3393
2023-04-02 18:18:30,False,0.4677,0.001498,191.216,0.2865,0xb6...4073,https://bscscan.com/tx/0x721f0332d0c239a427fd359fb7c555e9831cf7123d3264492b2e28b3628542a5
2023-04-02 18:17:58,True,0.4702,0.001506,48.3479,0.0728,0x33...e156,https://bscscan.com/tx/0x0166978bf99254fd5c32997c38b6084145ccf23e45f6d42b45b313f2f41c79b8
2023-04-02 18:17:16,False,0.4677,0.001498,10.1077,0.0151,0x1c...6d98,https://bscscan.com/tx/0x27adc0797fe09de9d0ebefcfdabc1b813ca9d6ab287602fff164e1bae4d8a7a9
2023-04-02 18:12:28,True,0.4699,0.001506,81.5127,0.1227,0xd2...3d69,https://bscscan.com/tx/0xef2fd44041d471a01e52fdfda94126223f904ccb7c75fcd68a59a5de9929c0ff
2023-04-02 18:11:31,True,0.4722,0.001506,33.1991,0.05,0xd2...3d69,https://bscscan.com/tx/0x088b05b45d2c454710401a14925fdefadcfc403356d8cbb8132b52fe7c743418
2023-04-02 18:10:29,True,0.4699,0.001506,34.5324,0.052,0xb5...4f76,https://bscscan.com/tx/0xff154cbecc26cc25f7572735592e36672d1893b648e1952ee8a15106c84bd343
2023-04-02 18:04:42,False,0.4696,0.001498,85.546,0.1281,0xfb...a591,https://bscscan.com/tx/0x35a118168cbfda9e0611e0bedfe1c01f2a44ea8d775f1ed454833f04f3481042
2023-04-02 17:58:45,False,0.4672,0.001498,100.0,0.1498,0xfb...a591,https://bscscan.com/tx/0xf28d0b1908883f095acce8ba83f80146d909965f726b06b0a697367e4642a9db
2023-04-02 17:56:16,False,0.4696,0.001498,233.839,0.3504,0xbe...18ec,https://bscscan.com/tx/0x95ae28b57817820c8d2fbc2a4cc4970554cdf87b358c1fe4e29e14ccd88668e6
2023-04-02 17:56:16,True,0.4719,0.001506,29.6379,0.0446,0x5d...3f72,https://bscscan.com/tx/0x5f17b8fdba42dc4298a63dd7012e3183cd05708f26c672e424db5719aca65d31
2023-04-02 17:46:53,False,0.4673,0.001498,986.4,1.47826,0xc3...157a,https://bscscan.com/tx/0x1c05212b08c7ff8b49b0d95f393ee158f687f6633361c9e2687330996d8fd53a
2023-04-02 17:46:53,False,0.4674,0.001498,1034.4,1.55031,0xd3...ec6f,https://bscscan.com/tx/0x5d8782f6dc6a629112e6423a548f6a08e439db70496310b434a42b8955e2eea5
2023-04-02 17:46:50,False,0.4674,0.001498,1109.65,1.66324,0xd3...ec6f,https://bscscan.com/tx/0xf9341f08c8bb3561afb372ec87d52e441f6a0227dc7badcf7d4c54ea8d156e09
2023-04-02 17:43:53,False,0.4676,0.001499,2222.2,3.33127,0x98...5cc4,https://bscscan.com/tx/0x390ae8d700aef28f0c72a6fcbfd498240a401c32439d3c20004fd91ffd4f14dd
2023-04-02 17:43:53,False,0.4677,0.001499,2320.74,3.47962,0xd3...ec6f,https://bscscan.com/tx/0xdec61f466b0645efdbaa5aab72c263dd18bc46150642dbdc2637ffbdff2cff80
2023-04-02 17:42:17,False,0.4702,0.001499,2457.95,3.68603,0xd3...ec6f,https://bscscan.com/tx/0x3bf61e6e9618f8aa10638e6b8b68a5e295c1affab283d3aa79852a17866a9560
2023-04-02 17:35:40,True,0.4726,0.001507,29.2507,0.044,0x39...94e0,https://bscscan.com/tx/0xbdb9fe19694164fb76a1b95d72b6f2040da953bb5192e1a139fb960733b182c0
2023-04-02 17:19:27,False,0.4702,0.001499,26.088,0.0391,0xc2...7494,https://bscscan.com/tx/0xe612ad860f8819723ff9738092779eaea9e6f5d9b4e4c824c191738534e4afde
2023-04-02 17:18:51,False,0.4703,0.0015,5448.98,8.17404,0xfc...535e,https://bscscan.com/tx/0x08fb72367266fd4f08f45d019ed0834967d29f1c1848b075665c81065fd2e4fa
2023-04-02 17:14:01,False,0.4709,0.001501,13321.0,19.9977,0x98...5cc4,https://bscscan.com/tx/0xd49b23f079451eeab58554a925d2d544ef741beb5597cfc84f9c5147a384e6f6
2023-04-02 17:14:01,False,0.4712,0.001502,923.4,1.387,0x7a...c707,https://bscscan.com/tx/0x5b451d364e4531ef10f0f740db507eb4b4363a12d653f009e571a058cac0960a
2023-04-02 17:14:01,False,0.4712,0.001502,485.418,0.7291,0xd3...ec6f,https://bscscan.com/tx/0xf67e520b0491920ca729b4dd404126598c242183f67badeeefb86800c7c3f95a
2023-04-02 17:14:01,False,0.4712,0.001502,980.8,1.47338,0x00...78d2,https://bscscan.com/tx/0x26335a3af9342b5d847c316b0c705632a2ed46e142696db1b2802cfe49e712ff
2023-04-02 17:13:13,False,0.4691,0.001502,10547.2,15.8515,0x98...5cc4,https://bscscan.com/tx/0x282397a86468dd11d4b1419a89427631378f978857f9d48c0657b58776eb4b4d
2023-04-02 17:13:13,True,0.4716,0.00151,2647.39,4.0,0x42...859c,https://bscscan.com/tx/0x7cae25c9bbaaf0da8e8c82ac4016e7cf9ae983e317008cb2c9ea526471ee1087
2023-04-02 17:06:52,False,0.47,0.001504,13296.2,19.9976,0xfc...535e,https://bscscan.com/tx/0x0f0af1f3f588362396c754bc1b4cb65da985a6b40a4ec843229c1b08f6b12694
2023-04-02 17:06:49,False,0.4703,0.001504,1016.5,1.52969,0x56...0086,https://bscscan.com/tx/0xf558d712bf83e298d16482fa3bdaa63f96dbbc61066c16f4fe1b96579de19ddc
2023-04-02 17:06:49,False,0.4703,0.001504,473.2,0.7121,0x05...7eea,https://bscscan.com/tx/0xbbf979427ada5d37c99c3df718f01893900af398ab3f5777475eba64fef49bd8
2023-04-02 17:04:01,False,0.4727,0.001505,3261.24,4.90872,0xd3...ec6f,https://bscscan.com/tx/0xc94dd4cb52cfd3f8103465ebd17dfa2d2ae8e9966cbb0d86653168665ff2cacc
2023-04-02 17:03:55,False,0.4728,0.001505,2691.85,4.05265,0xd3...ec6f,https://bscscan.com/tx/0x2ccf69c1888f0ddf66b7122a608d3cb77fa242ea806f840242b1df1a6c6c8e76
2023-04-02 17:03:43,False,0.4737,0.001506,5779.59,8.70423,0xfc...535e,https://bscscan.com/tx/0x9b73e9826cf4d85966ae05a74ba15f1497387c56ffd9c3591116f6cad10dddcd
2023-04-02 17:03:40,False,0.4744,0.001508,3202.72,4.82989,0xd3...ec6f,https://bscscan.com/tx/0xc12f39a48435ae10eee91c5b6c7e603a0fec673800c848f4a4e377c27323bbf6
2023-04-02 17:03:40,False,0.4741,0.001507,12545.5,18.9076,0x62...1f10,https://bscscan.com/tx/0x54b6c65dc0e2d283854448c1cadbd82c35341a78b8fb6988946013f6c411ee5a
2023-04-02 17:02:16,False,0.4748,0.001508,5544.5,8.36432,0xd8...bcda,https://bscscan.com/tx/0x0fc6cf2d90f7171657442097a5425212917089112c8eebd1ee27a40a1f84ccd9
2023-04-02 17:02:13,False,0.4726,0.001509,3947.23,5.95695,0x8d...1b76,https://bscscan.com/tx/0x56e6b8fc680039b85ca43fd2aefd62c3c995800370109f7f5abfe4cf9393f336
2023-04-02 17:02:13,False,0.473,0.00151,15831.8,23.9112,0x2f...e155,https://bscscan.com/tx/0xef540c65b8dba058eeead8c6af47d44b225ed3c0e57410f50ee0c0ad7c8fda34
2023-04-02 17:02:13,False,0.4738,0.001512,26212.7,39.6557,0x91...79fe,https://bscscan.com/tx/0xbb1d771a39591c50cd4bdee4c78fbfeb76f4509c48681099a70578e408107823
2023-04-02 17:00:47,True,0.4765,0.001522,75.4653,0.1148,0x2c...c9c5,https://bscscan.com/tx/0x8c5287220f7b67c12a83d03b23eff17b392c2b15990a13016ce18abb48785966
2023-04-02 16:59:56,True,0.4789,0.001522,31.2978,0.0476,0x7f...c9d6,https://bscscan.com/tx/0xd61280d63f5b7b6d2f0e525f5061a5e65c94fec492039d99b50e091ec426633a
2023-04-02 16:53:15,False,0.4774,0.001514,30.0,0.0454,0x52...a024,https://bscscan.com/tx/0x1fd0b27bb5846d744751239df7559082d1bae78a9ebd392115baf47b34832b2b
2023-04-02 16:51:38,False,0.4773,0.001514,99.0865,0.15,0x41...534d,https://bscscan.com/tx/0xa9f1af6915d58c2e80bfe4022d85e134ebae9a868e65100b19cb037c4a8dc0ff
2023-04-02 16:51:31,True,0.4797,0.001522,325.0,0.4946,0xe6...82f2,https://bscscan.com/tx/0x84ceb4602d354f2fc13053aa92f8afb339f611d66fc6d9619d4d14bd36868ea1
2023-04-02 16:42:52,False,0.4748,0.001514,7.35934,0.0111,0x1d...2220,https://bscscan.com/tx/0xd08563699fe1f6eb9d3e654c49c0d18e66b303b98b9ba32befdc7c8b82746b7d
2023-04-02 16:32:10,True,0.4793,0.001521,1041.41,1.58493,0x00...78d2,https://bscscan.com/tx/0x87f721494f119e23bb250ee355da635bb67eed42ead2bf5105f3618d469cc200
2023-04-02 16:32:10,False,0.4769,0.001514,77.4341,0.1172,0xbc...96c3,https://bscscan.com/tx/0x734b6831c062bc850b23ea10e18cfeec93b50dd59419178d1419e634664828b4
2023-04-02 16:32:07,True,0.4792,0.001521,4170.34,6.34563,0x00...78d2,https://bscscan.com/tx/0x95146a4e74dad1bb3c27ba70d8034fad296028ebf0233077abd7822b90a6590d
2023-04-02 16:31:01,True,0.4767,0.001521,399.305,0.6074,0x62...1f10,https://bscscan.com/tx/0x757051ff29344895888cdf77a5e37b85c997fc6d99d3f0eef3ba8d4b92ad2a63
2023-04-02 16:30:40,True,0.4791,0.001521,1848.12,2.81136,0xda...6e1f,https://bscscan.com/tx/0xee5de0d179ff7c71a4558c59a38723d25b59088c44687a5738c500da89635307
2023-04-02 16:30:34,True,0.4789,0.00152,6575.97,10.0,0x91...79fe,https://bscscan.com/tx/0x2fb231d8efac9793661421ed33e95168693d7c303830aaedadb9853158525592
2023-04-02 16:30:25,True,0.4787,0.00152,3947.23,6.0,0x8d...1b76,https://bscscan.com/tx/0xee7f72bd903eb485d265b01af3bbbe8d72e1d52192d068eeb24dd0f3e2a316cb
2023-04-02 16:30:25,True,0.4785,0.001519,6581.47,10.0,0x52...1c7e,https://bscscan.com/tx/0xf6dd3486db28fab7efd81739af7efbc58aa4c9343f19872b89bf80d5889cf423
2023-04-02 16:30:16,True,0.4782,0.001518,6584.9,10.0,0xda...6e1f,https://bscscan.com/tx/0x39b4b61d9aef9cb7e0979c741d0bc9f69bf29bd184acf1eff7e9697736b5ba64
2023-04-02 16:30:16,True,0.4781,0.001518,2944.58,4.47003,0xed...4f31,https://bscscan.com/tx/0x17e32907a774b0a6de758dde483acb4eabad0f04fa55fbceefbc2e35ecb4ebb6
2023-04-02 16:30:16,True,0.4779,0.001517,6589.88,10.0,0x0c...8533,https://bscscan.com/tx/0xe452629de49efea6c37ea11ecbe9a3f16045d69f12204670bf64b00e78bf5f68
2023-04-02 16:30:16,True,0.4777,0.001516,4189.15,6.35422,0x00...78d2,https://bscscan.com/tx/0xe68125f13cfc089c0c56b7ddb403d2bd4cfe638e2b727db94c74bcfa7a0e43d6
2023-04-02 16:29:34,False,0.4752,0.001509,1.05538,0.0015,0x27...5457,https://bscscan.com/tx/0xd406385a63d3c0251c3441bd5c68552bd38fe30046cacfeedfeed9d58b9f1a4c
2023-04-02 16:25:49,False,0.4728,0.001509,10.0,0.015,0x27...5457,https://bscscan.com/tx/0x4d53356e564f6d93a099ffcaaef458925a3c5701b241474da0364ac897a1fc95
2023-04-02 16:19:07,False,0.4755,0.001509,20.0,0.0301,0x27...5457,https://bscscan.com/tx/0xfd47fdf8d2bafabfaa7c99fc3c1dbaf7a95e10dac1be053f980ce38951edb22a
2023-04-02 16:14:25,False,0.4756,0.001509,14.0,0.0211,0x27...5457,https://bscscan.com/tx/0x4c9bd7feaf56b584d95d6fe532d638835aa3be392bbdbe9bec6003b12b33a8e4
2023-04-02 16:07:48,False,0.4734,0.001509,10.0,0.015,0x27...5457,https://bscscan.com/tx/0xe5c14c15196593bffefe32df009fdbf387ffd0e8ecb80eedba63db5994b09622
2023-04-02 16:07:27,False,0.4736,0.001509,13.7356,0.0207,0x80...8892,https://bscscan.com/tx/0x65e3006dfed663494abb30f28139e2d160e0f2fbad5c274e39b2ce2efefcca83
2023-04-02 16:07:15,False,0.4737,0.001509,359.022,0.5417,0x27...5457,https://bscscan.com/tx/0x071dcfed07137b9f9d66bdcf2c74ae455e7025ee9341de9486ef884a3c1a6a8f
2023-04-02 16:05:45,True,0.4784,0.001516,2307.96,3.5,0x8b...88f6,https://bscscan.com/tx/0xead39eba046e89a773fd044b2d6dc7374e547f94512eddd7708b2451e68274eb
2023-04-02 16:05:45,True,0.4783,0.001516,2308.38,3.5,0xda...c952,https://bscscan.com/tx/0xbebf69714c4441623de28cea2d0b28a4d9d41888bd056a3501f496e6a8c0f7a3
2023-04-02 16:05:45,True,0.4782,0.001515,4196.6,6.3613,0x00...78d2,https://bscscan.com/tx/0xd0dea616b3fe0f1be395efb764040f9ef2228d50e54e73351e6c707b4c19d920
2023-04-02 16:05:06,False,0.4734,0.001508,27.4734,0.0414,0x02...10db,https://bscscan.com/tx/0x68d918d837c78949c2f808301ead00747a0c2c699af449969d6dccf4a8082f58
2023-04-02 16:04:36,True,0.4781,0.001515,2309.57,3.5,0x91...79fe,https://bscscan.com/tx/0x7e23c4c1f151fd867159bc81d852d937479b33dcfc134bc349da8de80abb8cb5
2023-04-02 16:04:36,True,0.478,0.001515,2309.99,3.5,0x62...1f10,https://bscscan.com/tx/0x946846fc759f9c7b90c885b65de32901654a0334d7e362a7450205e1287025a7
2023-04-02 16:04:36,True,0.4779,0.001514,2310.41,3.5,0x2f...e155,https://bscscan.com/tx/0xd114f7351d5d03c0f4c92d2a45083c59f067dc29b7c7fd327d6878a38b268549
2023-04-02 16:03:54,False,0.4754,0.001507,100.0,0.1507,0x67...d351,https://bscscan.com/tx/0xb4f09a28b070c194912d50d1c84ffe2fc422186c2d62717fd4772ff7daf701ed
2023-04-02 16:03:48,True,0.4778,0.001514,331.129,0.5015,0x87...331e,https://bscscan.com/tx/0x7d10d631687cc6eadc92431b8f3440deacc6f5267cf6ab8d3d31f7612434472c
2023-04-02 16:02:15,True,0.475,0.001514,2310.88,3.5,0xda...c952,https://bscscan.com/tx/0x4b95319142ab3acf534dde5f1c526a9659114f5740e98f1d5c3ae70c7922fd33
2023-04-02 16:02:15,True,0.4749,0.001514,2311.3,3.5,0x8b...88f6,https://bscscan.com/tx/0x73e15c54cd1d79fa6c8bb03f0ef3fa5deebcde9d6eb0a482cff18deb0d2f3adf
2023-04-02 16:02:09,True,0.4773,0.001514,468.862,0.7099,0x98...5cc4,https://bscscan.com/tx/0x26c7b38eca274c9b66eadfe710da5cbaa354800840a15ebf145b521da1c41577
2023-04-02 16:02:09,True,0.4773,0.001514,2311.81,3.5,0xed...4f31,https://bscscan.com/tx/0xf9a40341fa82b91982bd8b139384a7889623f7dbf932be101a37528abd70e13e
2023-04-02 16:02:09,True,0.4772,0.001513,2312.24,3.5,0x0c...8533,https://bscscan.com/tx/0xd119dd70da9b6c9199adc59b40f77c43f851bda16571a02326f6dba9afdfe2a6
2023-04-02 16:02:09,True,0.4771,0.001513,2312.66,3.5,0x52...1c7e,https://bscscan.com/tx/0xbd6c357a4ba7d4e1b0405346ab5e9fefcd8a01d1fe5174e656adeccd6d72f74b
2023-04-02 16:02:09,True,0.477,0.001513,1411.1,2.13526,0x00...78d2,https://bscscan.com/tx/0x31d1467cdc2fdcd516277835dff844356e7f6cc05cf13f338a00196b5b708ab8
2023-04-02 15:56:49,True,0.4769,0.001512,3283.89,4.96822,0x98...5cc4,https://bscscan.com/tx/0x4a8363bc73f79470987257d5b7b428f6a6cef4011eacc51c1678c2b691cffdb4
2023-04-02 15:56:46,False,0.4746,0.001505,8370.8,12.6035,0xcf...f8b8,https://bscscan.com/tx/0x10fc656b368475f67a088bc7be15ea607afc20172b6c0df6db77f3b04b99a959
2023-04-02 15:56:28,True,0.4748,0.001513,37.0789,0.0561,0xdf...7213,https://bscscan.com/tx/0xad61e065598df2a6b12b93f8f1a2965e4246839baf358ce7b70842811e6133d9
2023-04-02 15:56:25,False,0.4725,0.001506,4444.0,6.69449,0xcf...f8b8,https://bscscan.com/tx/0x69053720e2a1e5846c8ac6a693e206b91b63710907545c0d1b5d596d6dbe98bc
2023-04-02 15:56:04,False,0.4727,0.001506,4444.0,6.69684,0xcf...f8b8,https://bscscan.com/tx/0xd89461591e652479fdd7971ca8b04bfdc4fb6819ca491c18fbc153e9177678b4
2023-04-02 15:55:43,False,0.4729,0.001507,4444.0,6.69919,0xcf...f8b8,https://bscscan.com/tx/0x1678207ec98c080a3f7307e2c29c0a5c334ec28a6166cc0b8dfab7c9e5d01582
2023-04-02 15:46:52,False,0.4752,0.001507,19.8974,0.03,0x27...3dd0,https://bscscan.com/tx/0xc027fa83433e7ef3c51c403bbf64f3b4a1e8fc2e13f598ff2587ab55e86f4267
2023-04-02 15:44:01,True,0.4752,0.001515,57.61,0.0873,0xe9...3a20,https://bscscan.com/tx/0x45c2d60e11d4749c28827b7326f0ad9288d0d407c57cd29f8772903d6ae148a7
2023-04-02 15:37:19,False,0.4728,0.001507,21.7168,0.0327,0x9f...54bd,https://bscscan.com/tx/0xb32be6b44efd01754fc54b63070de2fbaad2b131555dc7085d2048a036f5a69e
2023-04-02 15:26:37,True,0.4772,0.001515,2502.97,3.79238,0x47...b7a9,https://bscscan.com/tx/0xf36822e40a8c86dc53314d299a5fa25ca3cd23c7683bb691868a911970d333e3
2023-04-02 15:21:19,False,0.475,0.001508,10318.5,15.5607,0x8d...1b76,https://bscscan.com/tx/0xb50911652fd4c5c8542445bdc625f249a9e2b9260047999b08e21788be0e4d4f
2023-04-02 15:21:04,False,0.4731,0.001509,10437.4,15.753,0xf2...bfcf,https://bscscan.com/tx/0xb8af8c25d6af9afa10b66a2d82c76e0dab81df299f8369932fcf498bd1042fc7
2023-04-02 15:21:04,False,0.4733,0.00151,2914.42,4.40102,0xda...6e1f,https://bscscan.com/tx/0xaf82ee9a811fb031ded9a0eacfde61e9bd109e37dd47b22938e7e83edad825b9
2023-04-02 15:19:49,False,0.4734,0.00151,2378.53,3.59253,0xf2...bfcf,https://bscscan.com/tx/0xc790188a43659197275810e7b5bb09871aab2b34aff2252e944cfe5b3da5bbc3
2023-04-02 15:19:49,False,0.4737,0.001511,12552.7,18.9709,0x2f...e155,https://bscscan.com/tx/0xafe67939875c5a42b50997baf6ebc93029c48bf76f17f315a9a01bb0bfa815f9
2023-04-02 15:18:37,False,0.4764,0.001512,1685.59,2.54885,0x52...1c7e,https://bscscan.com/tx/0x975e3d781823fb70590cbe5dd89917bf3ddd8e3b4caaa3bcb25b24de08b3bd19
2023-04-02 15:18:31,False,0.4765,0.001512,2336.72,3.53401,0xda...6e1f,https://bscscan.com/tx/0x3fc26505d987c8a68228fe04cf58a1d3409ca3a9df2741c69af93fe02bbdf8d8
2023-04-02 15:16:43,False,0.4742,0.001512,1691.4,2.55845,0xda...6e1f,https://bscscan.com/tx/0x4834e6a40b057c3cfd7c1c07306013215ee3ff8b6bf7cbbe87cf139b39263bd4
2023-04-02 15:16:31,False,0.4767,0.001512,2331.55,3.52733,0x52...1c7e,https://bscscan.com/tx/0xe3c30ce8f627e2a0a3b706b71a412225f6ba295f0b7e2ed6f525520ac6aec0e3
2023-04-02 15:16:25,False,0.4744,0.001513,1693.37,2.56225,0xda...6e1f,https://bscscan.com/tx/0x4eb11e7dc461a1199c7a38893f96ff0e45409a53b1c0b9d5aea71fabf9e912b5
2023-04-02 15:13:22,True,0.477,0.00152,32.5,0.0494,0xf6...583c,https://bscscan.com/tx/0x7d2c9df193d088fc9cf4dc6c068cee3315a57de606dd6f8a04556b9a29674d36
2023-04-02 15:07:55,True,0.4775,0.00152,325.752,0.4954,0x6f...a215,https://bscscan.com/tx/0x93dda7c33a8d564d358d79ec17d219e64195c213bb535589f40eb86adb70780d
2023-04-02 15:07:22,True,0.4775,0.00152,20.0,0.0304,0x4f...8b60,https://bscscan.com/tx/0x8fa788e364071a75e36a26d0e238b21c98b1ce737e4010b1ce7af51f39ba57a8
2023-04-02 15:02:49,False,0.4776,0.001513,568.034,0.8595,0xd2...d72a,https://bscscan.com/tx/0xb970eaba614544b307f8b230ef692fcae38c90c7e209d5f0eb39314c783e899d
2023-04-02 14:59:13,True,0.48,0.00152,13.0,0.0197,0xcd...b6fb,https://bscscan.com/tx/0xf9a31f20e092de04df57088e065bcc1ba7d1a8e69495e58e27949b94c6745ea6
2023-04-02 14:55:07,True,0.4777,0.00152,727.17,1.10587,0x35...aca7,https://bscscan.com/tx/0xdeb3616857b267e046339699ab45b37a0a1fa47495997693ccd7ab2239f64d12
2023-04-02 14:48:54,True,0.4804,0.001521,8.19945,0.0124,0xde...367a,https://bscscan.com/tx/0x5095f72814fa4829e7ce95810d34472e04f9025cd29dc728d69bca8c3c5efa51
2023-04-02 14:44:18,True,0.48,0.00152,55.0,0.0836,0x5b...69e0,https://bscscan.com/tx/0x8c9779ca4ee603af3ef7ecc053afa6e1322d997f741904c5766de645220230e6
2023-04-02 14:42:51,False,0.4752,0.001513,44.1427,0.0667,0x27...5457,https://bscscan.com/tx/0x6d7967eeb1c8acc171f4019a2ee0d5b03318076c9462b6f17b442629a852f88c
2023-04-02 14:38:15,False,0.4778,0.001513,3.84539,0.0058,0xe5...23b9,https://bscscan.com/tx/0x23b5f3b2d77dc73a529c027d63f10459f4b88b5ea42591c659ea7005b3ff441b
2023-04-02 14:37:21,False,0.4776,0.001512,474.667,0.7178,0xec...e6f4,https://bscscan.com/tx/0xda36ea31a747e9daa96df8833fe79e7739d7d7eec9fe96a886b307fa1edcc8bb
2023-04-02 14:37:09,True,0.4778,0.00152,2023.2,3.07661,0xed...3fe4,https://bscscan.com/tx/0xa63f7b366783ae798f9f2a6ed94b47916463d2177c428013bec672be6f592de7
2023-04-02 14:36:15,False,0.4777,0.001513,105.0,0.1588,0xa4...75f8,https://bscscan.com/tx/0xd923467c684705d96cc94f4340b3ec4cd61f11c6b9c75b50e96e41ba4e15e740
2023-04-02 14:35:39,False,0.4754,0.001513,4.0,0.006,0xff...1c5b,https://bscscan.com/tx/0x147f2961c4fc2ffa82a64bb22eac030b95b0ccec9c34a001b7976bc8d3b32e18
2023-04-02 14:33:29,False,0.478,0.001513,10145.2,15.3556,0x0c...8533,https://bscscan.com/tx/0xf341b8a8b6f55c7707827e77e59895567bf4bdb51567ccb9a0870376f52b7a56
2023-04-02 14:33:29,False,0.4783,0.001514,7318.34,11.0845,0x8b...88f6,https://bscscan.com/tx/0x99491860616ad1b0e5df4efe32cea56fe06203db5b69a14da72b3b9e10efd374
2023-04-02 14:32:01,False,0.4759,0.001515,50.0,0.0757,0x27...1d74,https://bscscan.com/tx/0x1b8512992e162b0b0d32a2ab3d2e43386eff25ba8fb7d4d3cfd9405f9fcb412c
2023-04-02 14:28:55,False,0.4758,0.001515,31.9776,0.0484,0x53...e2b2,https://bscscan.com/tx/0xfdd9e98cd18cfdaa8243295c2205f06c07abe061c3d34cfe9cf4879b18bfbe20
2023-04-02 14:28:10,False,0.476,0.001515,9131.29,13.8396,0x91...79fe,https://bscscan.com/tx/0xf8d5282164ab42d8871c5b345bbb377c96a642c9f9c5589efe0cbab1b54fa87b
2023-04-02 14:21:19,True,0.4786,0.001523,2174.2,3.31271,0x00...78d2,https://bscscan.com/tx/0x98f125b508db75dd66c40769b0048f554111c62cbc082d946f341edddc062b1c
2023-04-02 14:20:55,True,0.4812,0.001523,2297.53,3.5,0xf2...bfcf,https://bscscan.com/tx/0xe26d704ac03647f3eecdccfeaa407797dacb8cdac0a3e1660c5716bb6462e70c
2023-04-02 14:20:49,True,0.4811,0.001523,2297.95,3.5,0x8d...1b76,https://bscscan.com/tx/0xa8267ae6b1483c4a0f336a6a230d35a1d944f66e022199d4829ceea0b8164565
2023-04-02 14:20:40,True,0.481,0.001522,2298.37,3.5,0x3f...573a,https://bscscan.com/tx/0xa0e8f62c7651832542a5b03d14b49fc458bf559444a3cf8b0c717dd0e1a178d4
2023-04-02 14:20:28,True,0.4809,0.001522,2298.79,3.5,0xf2...bfcf,https://bscscan.com/tx/0x69bae33d18e5d1d20af57b4e7c1dd27b8bdaea25e1b7b9ea08ad3e26e2ab5e74
2023-04-02 14:19:58,True,0.4785,0.001522,745.8,1.13537,0x00...78d2,https://bscscan.com/tx/0x3591f6727748e7ea43bfdd79186534606dd8ef000e4f32362875de2b83d2d69a
2023-04-02 14:19:25,True,0.4785,0.001522,1070.94,1.63024,0x00...78d2,https://bscscan.com/tx/0x98999c1887055f1891660e85ad9b46ebea714a0f18687a02dc418c522a7dab14
2023-04-02 14:19:25,True,0.4785,0.001522,3036.22,4.62112,0xda...6e1f,https://bscscan.com/tx/0x135e385c33ab341857253b474107d02a650f25cb0893326d2002951cdf8691ff
2023-04-02 14:18:52,True,0.4808,0.001521,2300.1,3.5,0x52...1c7e,https://bscscan.com/tx/0xd006ed37ac8fd5a3c046db2ba5efc73bbe8aae1a04d68beb8334b77b75405a6a
2023-04-02 14:18:52,True,0.4806,0.001521,3636.34,5.53203,0x00...78d2,https://bscscan.com/tx/0x6686295112603f61bd595e5dfec0b70c11ea1edce27628abbab57883b323a38f
2023-04-02 14:14:34,False,0.4758,0.001513,1495.5,2.26358,0x14...df3c,https://bscscan.com/tx/0xe4708dfc6921736643b349718cd83b574f212feaf0dc8c67ea6a872631a63907
2023-04-02 14:14:04,True,0.4781,0.00152,6575.14,10.0,0x91...79fe,https://bscscan.com/tx/0xf82f457edfa0ffd1c29228b00cf8cbc03b70be7ac766e68da3a1c8699c2af8f9
2023-04-02 14:14:04,True,0.4779,0.00152,1399.66,2.12805,0x8b...88f6,https://bscscan.com/tx/0xdd2f8bf53edecaa3893e467d9f2772cc426f7581d6c50b9a73ceaadce4e6e79f
2023-04-02 14:14:04,True,0.4779,0.00152,465.0,0.7069,0x00...78d2,https://bscscan.com/tx/0xfb8b9dfbdad91187fedd1a4b37f8271bbce3b0938dd20d6bae3014bfd85a224b
2023-04-02 14:13:04,True,0.4778,0.00152,1310.37,1.992,0x62...1f10,https://bscscan.com/tx/0x4adeaac85f3ef0f408adb394d3f892eb015d4c8d17c8c6e6a08d63b0286def9d
2023-04-02 14:08:43,False,0.4752,0.001512,24.6027,0.0372,0x00...619b,https://bscscan.com/tx/0x792b20f08b3bd6f05754208424b93f00d62040ae13404331d81ee914d8e51ea0
2023-04-02 14:07:22,False,0.4752,0.001512,313.639,0.4743,0x2b...4654,https://bscscan.com/tx/0x7a8c75c4eab99dde3f5483b5e58677ddd82239dbd7ccfa17f207eaaef75a2601
2023-04-02 14:04:16,True,0.4799,0.001519,6580.05,10.0,0x91...79fe,https://bscscan.com/tx/0xadfb7fb6353e79d522bf2a8769d346a4f3695761894a7d8765533e7b2d5d2cba
2023-04-02 14:04:16,True,0.4797,0.001519,2303.83,3.5,0x62...1f10,https://bscscan.com/tx/0x8c4a2008e7dd372b7365e973be34d36b95738a5846d57fe93cfa5180b628f4ea
2023-04-02 14:03:13,True,0.4773,0.001519,1216.88,1.84843,0x98...5cc4,https://bscscan.com/tx/0x7c45d611af8be10564f017d35d9c9a14b829be322579f4831aa0ef2a17d8888c
2023-04-02 14:03:13,True,0.4772,0.001518,2304.47,3.5,0x8b...88f6,https://bscscan.com/tx/0xd09ed58407a2639ab4d20b4ab34db74b7b684744d7b66af66899e5e7101a1da6
2023-04-02 14:03:13,True,0.4771,0.001518,3292.84,5.0,0xda...6e1f,https://bscscan.com/tx/0x486e2af07a4b1da2f17a60a7b9454fd802bfa7429e549769c320d83f2b85f46a
2023-04-02 14:03:13,True,0.477,0.001518,2379.86,3.61288,0x00...78d2,https://bscscan.com/tx/0x70a17635d1d8b7a03e1baf3becbdfb783b755433bc58f346a851db9d42ad4a1f
2023-04-02 14:03:13,True,0.4768,0.001517,9226.27,14.0,0xb0...a41e,https://bscscan.com/tx/0x27596f53f224cd6391565d64e54e78e1debdb7e9a23e092dde5404e85eb50835
2023-04-02 13:59:16,False,0.4765,0.001509,13.8342,0.0208,0xa0...a685,https://bscscan.com/tx/0xa8060f49e7c8a7390e1ffbbdee87cd2bd8272723eb39f498afeb4d6781a709ed
2023-04-02 13:58:16,False,0.4765,0.001509,42.0291,0.0634,0x54...92d7,https://bscscan.com/tx/0xd025fa5d45612431b6b42e17f705a833993f43896761675285bded75000a8144
2023-04-02 13:56:07,True,0.4765,0.001516,8.54315,0.0129,0x1f...e079,https://bscscan.com/tx/0x7537fb903860bb47dd588f257fcd3c064503bbb2a9122d04f6711f6fc69f67d9
2023-04-02 13:47:52,True,0.4763,0.001516,104.295,0.1582,0x60...c7ce,https://bscscan.com/tx/0xcb9a799bfa81bbb5dd6a8ae278f9cc0390bdf265a0ac2fd94706104a166b0654
2023-04-02 13:47:43,False,0.4739,0.001509,10.0,0.015,0x27...5457,https://bscscan.com/tx/0x8330507c7159fc59e2664f326b8e84940a2a8af13d0f666b97c2209029887083
2023-04-02 13:46:28,False,0.4765,0.001509,33.5121,0.0505,0xe2...125a,https://bscscan.com/tx/0x6635d89d9fa639341f161dbfd36bf5fdad3b27d012b48864e3b6415577cfb85a
2023-04-02 13:45:01,False,0.4765,0.001509,103.274,0.1558,0x5e...54c8,https://bscscan.com/tx/0x811ba32e485dabe01a097a2efc80e72ac5631c1cb1f54edcd469aa664c25f3c6
2023-04-02 13:42:34,True,0.4785,0.001516,0.25,3.792e-05,0x3b...49c9,https://bscscan.com/tx/0x43e223ca202dab7dd5fe70a64eac125eb349981431d34b732fd8882638af9230
2023-04-02 13:42:04,False,0.4761,0.001509,9.86613,0.0148,0x4b...6111,https://bscscan.com/tx/0x15ae8c74bb1a8a3165920b445c93b774d225dd297ca56134809e36f9d61f466f
2023-04-02 13:38:46,True,0.4784,0.001516,87.4684,0.1326,0x47...c817,https://bscscan.com/tx/0xab6affc32c9f004006b531a297bd7ff3f6ea284ab4b750748e571acd02104ca1
2023-04-02 13:31:01,True,0.4761,0.001516,5.0,0.0075,0x09...876e,https://bscscan.com/tx/0xd4fdf74972c6f8fe31ba9c1240aaa97c38e4b5507304d213c397829426c4324d
2023-04-02 13:24:44,False,0.4766,0.001509,2289.0,3.45505,0x5e...62ae,https://bscscan.com/tx/0x7c0c657876d7c85225c885f97434a93e4b4f90d0dc51d2442189ca7755712a6d
2023-04-02 13:21:17,False,0.4742,0.001509,7.22957,0.0109,0x5d...83b3,https://bscscan.com/tx/0x561290e14ce3b99aea01c3ac2a939272eb89a2f57a4457170b431d88b73f2174
2023-04-02 13:09:04,True,0.4768,0.001517,22.3656,0.0339,0xcb...f557,https://bscscan.com/tx/0x05d86a7cc0e6b04c1424f279efe60ca915e8de74bb7cfebf26cf7c0eba50d504
2023-04-02 13:08:52,False,0.4742,0.001509,38.0598,0.0574,0x52...0548,https://bscscan.com/tx/0x1de97c08ab273a6de450ae1477be623a6dca40e3f279df8dfc9bb5e3bced9c83
2023-04-02 13:03:49,False,0.4741,0.001509,36.0001,0.0543,0x9b...13dc,https://bscscan.com/tx/0xd39ca1bb5bc42cdbb5b2255fcceee8d8f27d2e4cdbdfe88d753de50d6861ae85
2023-04-02 12:58:25,True,0.4762,0.001517,200.0,0.3034,0x33...8082,https://bscscan.com/tx/0x98595f83e567f53043b507a7a0bb3135909b1386a7d56e1ab1f340b28e1ed56a
2023-04-02 12:51:31,True,0.4783,0.001517,103.994,0.1577,0x34...b2a8,https://bscscan.com/tx/0x8b19dbfd123e007c5e8623e1b2bc3713f1109fc0f06c6b05e048189bb75134b0
2023-04-02 12:42:40,False,0.4761,0.001509,1062.5,1.60393,0xda...c952,https://bscscan.com/tx/0x3fa5382c5e2b346883767513b8bb9f80958d80c98e1550bcee20a79bc6bcc25b
2023-04-02 12:42:40,False,0.4741,0.00151,17404.0,26.292,0x91...79fe,https://bscscan.com/tx/0x0a15b78f56013dd7534bd052fca576b3144576fcd0c7c37b108848fa692ec0c2
2023-04-02 12:42:40,False,0.4745,0.001511,3070.71,4.64265,0xed...4f31,https://bscscan.com/tx/0x8bd2dc7395d36ba5f7249fff9ce097e84117ae98164fcc940dab84178d92f72e
2023-04-02 12:42:22,False,0.4746,0.001512,14.7075,0.0222,0x0b...4cc1,https://bscscan.com/tx/0x0b0b35a8865a06a7eaf11ddb432ef99d7872bc81bcc692f4942be8552b830fe4
2023-04-02 12:35:45,False,0.4749,0.001512,27.0,0.0408,0xcb...6bb9,https://bscscan.com/tx/0x57fa1263c524384dbaceea73524eea60c347b819568b4fa858e9647208207347
2023-04-02 12:35:14,False,0.4749,0.001512,16.4,0.0248,0xe6...2362,https://bscscan.com/tx/0x9fefd5a8366a66f603714a1635b138e14d8d99ca8d836b403c849f884ebf5e8f
2023-04-02 12:32:26,False,0.4749,0.001512,24.2132,0.0366,0x5b...bf50,https://bscscan.com/tx/0x17f77bab8a56bfa405427e0c7995923ddedfc6546fff220a893638016199cac0
2023-04-02 12:22:37,False,0.4774,0.001512,12.8751,0.0194,0x73...e78f,https://bscscan.com/tx/0xde4dac4f25771207235421a194b55ad884de821b80c79271647b099df0198c0b
2023-04-02 12:15:10,False,0.4751,0.001512,32.9835,0.0498,0xda...3787,https://bscscan.com/tx/0x1aac221c2fc00447b54247663fd68af71b7493aeccdb41aed30b140d017b8a71
2023-04-02 12:12:10,False,0.4774,0.001512,119.0,0.1799,0x83...3650,https://bscscan.com/tx/0xdc816914c4a6776acff17e54c88a114bc85f312850f357e4fe3d4065e3b88034
2023-04-02 12:10:25,False,0.4751,0.001512,40.9899,0.0619,0x83...3650,https://bscscan.com/tx/0x74b745a2e78b45f6ea411c667dfee79e63e645d7f58843fd872edd9af5368c43
2023-04-02 12:03:22,False,0.4778,0.001512,5.00495,0.0075,0x53...e2b2,https://bscscan.com/tx/0xc788d82a834f8fff281d849f62a53498f757c99e9df9f380e7b8b99e48a89989
2023-04-02 11:53:40,False,0.4751,0.001511,3.0,0.0045,0x2f...cb06,https://bscscan.com/tx/0xed43d57842fce2199813388ae6d1192060e485c83e9611e000b1cc169c9605a6
2023-04-02 11:48:25,False,0.4753,0.001512,403.0,0.6094,0x22...edb6,https://bscscan.com/tx/0xaaefda888c1cb11905ceb0b1099ea25cc68831b373adf093294c99698a82062e
2023-04-02 11:39:52,False,0.4752,0.001512,55.4566,0.0838,0x29...a11a,https://bscscan.com/tx/0x59a435f252b76fe425b4947a94c1899275c00ce7be1b82e3ffe59c358a6965f9
2023-04-02 11:36:07,False,0.4754,0.001512,12.9205,0.0195,0xfb...0819,https://bscscan.com/tx/0xaedb40d11fb0406da0f68aeb84e294a582eb0946391796f1b7c710479b5e9dd5
2023-04-02 11:26:15,False,0.4776,0.001512,10.0,0.0151,0x27...5457,https://bscscan.com/tx/0x43d66cfd3b63e475f8e6d33151c98df5ce6c724fd16f4242dc1ee1eec217b25f
2023-04-02 11:24:21,True,0.4797,0.001519,6959.05,10.5733,0xbb...6234,https://bscscan.com/tx/0xbacf1bf0e43fa40a7ae4adaa03971372579f79b3112453f94f657dd1ce96032c
2023-04-02 11:22:42,True,0.477,0.001518,766.4,1.16408,0x00...78d2,https://bscscan.com/tx/0x4dcc23c9a2c7824a8f54707afeca6713170833b4713d55e536e6a497723354ab
2023-04-02 11:13:09,True,0.4793,0.001518,1419.29,2.15557,0x91...79fe,https://bscscan.com/tx/0xc7dfc5985851155d72cca08fb63acf5428f6aad52a91d5f319ab28186a172cfe
2023-04-02 11:05:30,False,0.477,0.001511,56.1761,0.0848,0x7d...f4bc,https://bscscan.com/tx/0x10325a69e891bd34847a81b5149e633f81f24fd640ed47e64062bce49a363e07
2023-04-02 11:00:56,True,0.4797,0.001518,354.047,0.5376,0xda...6e1f,https://bscscan.com/tx/0x6565f33a172777b375cb8944df9e2e3111f7073a240e8e9e9a8bf5e39732ab94
2023-04-02 11:00:56,True,0.4797,0.001518,760.3,1.15459,0x00...78d2,https://bscscan.com/tx/0x6027807a3295aec567c91623004bcdc3eeef43a53045c932d8de3d8e8c895979
2023-04-02 11:00:49,True,0.4797,0.001518,165.687,0.2516,0x52...1c7e,https://bscscan.com/tx/0x57f9f0e3d68d587d2affe946cd65dc91201841dc20eb6fcd3ab53940e26f7920
2023-04-02 11:00:39,True,0.4796,0.001518,479.974,0.7288,0x52...1c7e,https://bscscan.com/tx/0xf3af691a6510aa886aeba841bfabc342e4647c2ffb660df73b423ce05e3bd975
2023-04-02 11:00:17,True,0.4772,0.001518,436.201,0.6623,0x91...79fe,https://bscscan.com/tx/0xf0ef5a7443a39482d2c4097881133c34a80255628cc6c2590c2c6df9fc858b69
2023-04-02 11:00:05,True,0.4772,0.001518,146.295,0.2221,0x62...1f10,https://bscscan.com/tx/0xcfa5a3cf5b006209d2eac7160f7ccb53318771acd7ce1fe2fd33dc253fd23497
2023-04-02 11:00:02,True,0.4772,0.001518,4170.35,6.33121,0x00...78d2,https://bscscan.com/tx/0x32fce101ecce53cce1e1cce76026efb540d1e1d333caecb0deb3e836b23ee741
2023-04-02 10:59:56,True,0.4794,0.001517,4180.39,6.34436,0x00...78d2,https://bscscan.com/tx/0x0eff8d0bed4116c2a1d799c330d44497852685e8982db6d60d209786819abab8
2023-04-02 10:59:36,True,0.4769,0.001517,1654.41,2.51023,0x00...78d2,https://bscscan.com/tx/0x69cd02e352521bf08c65b1208f11d066f810f9e878080a72888f0afa4a204870
2023-04-02 10:59:05,True,0.4792,0.001517,498.909,0.7569,0xda...6e1f,https://bscscan.com/tx/0x42498212772dec5f0dd3560cba4e95b3f4ab0bb70325f4f6c29f2e08a3d129b1
2023-04-02 10:58:45,True,0.4791,0.001516,3955.44,6.0,0x8d...1b76,https://bscscan.com/tx/0x83e17073c4e7b24311b660c0f4720379c3a57373271eda619e526e35cc642458
2023-04-02 10:58:34,True,0.479,0.001516,3956.68,6.0,0x3f...573a,https://bscscan.com/tx/0x781ee1053070758ffffc3870752d1a44f07bf1968b5583d65d4ef2538f30e1df
2023-04-02 10:58:28,True,0.4788,0.001515,3957.92,6.0,0xf2...bfcf,https://bscscan.com/tx/0x2e861f42920a246fb76f1fa2c4ad5d52ba27d3c62af176d86876529d4a8a2b06
2023-04-02 10:57:17,True,0.4788,0.001515,542.773,0.8226,0x52...1c7e,https://bscscan.com/tx/0x0477ebebab087d324bd42aabe752d216b18be6573e8bb3140212c01e57c88787
2023-04-02 10:57:17,True,0.4787,0.001515,4187.81,6.34618,0x00...78d2,https://bscscan.com/tx/0xf9b200476963a9f25caa830ce36ef1e4c3e7f896c9e8c8935aca12416fd29c30
2023-04-02 10:56:01,False,0.476,0.001506,199.0,0.2998,0x87...2440,https://bscscan.com/tx/0xfe47632c18d4086c069743bfdb576096fe58b755c6a508a5ce7750bf10bfb932
2023-04-02 10:53:19,False,0.476,0.001507,241.106,0.3634,0xfb...d67f,https://bscscan.com/tx/0xe9ee9bbf56cf8a28ce4ae0315bb34af8877d996938efb170828a02d862aff04d
2023-04-02 10:52:52,False,0.476,0.001507,113.279,0.1707,0xea...a05d,https://bscscan.com/tx/0xb3b448381155ba0bdd64c893304cf183206332555b2085258b6c19208e02dfa9
2023-04-02 10:49:55,False,0.4736,0.001507,495.0,0.7463,0xf2...103c,https://bscscan.com/tx/0xbcae508bcc4f5f311a37529b14eb04b59dfba3b72c07fd37a557fc836cac05e2
2023-04-02 10:45:35,False,0.4735,0.001506,74.7963,0.1127,0x1e...0b4c,https://bscscan.com/tx/0xa2692fcf0c221a3dd3486bd98966209f1dec7196692cdb6d0901f28408ae49a3
2023-04-02 10:40:47,False,0.4763,0.001507,10.6979,0.0161,0x5b...36cc,https://bscscan.com/tx/0x5fa5c2e25e5c043234843a04e4abe9b56080cf4dbb51310beb0ee862162978f9
2023-04-02 10:39:59,False,0.4765,0.001507,26.975,0.0406,0xff...3b88,https://bscscan.com/tx/0x532b819a256271e43c28797f6f0c5cfbffc2244d34e2ca8c2305ce8098748949
2023-04-02 10:36:28,True,0.4792,0.001515,1620.79,2.4558,0xba...6ee1,https://bscscan.com/tx/0x72ff5695e1485f5716f1f7507e57ee15ef2dad682459351d8d1e070f54cb9c80
2023-04-02 10:31:52,False,0.4763,0.001507,24.0,0.0361,0xc9...8272,https://bscscan.com/tx/0xb91e01e795216f2427808dc7f454bc4825ea0240402a632fa814eaf81b0df185
2023-04-02 10:27:09,False,0.4762,0.001507,1.0,0.0015,0xb7...0d11,https://bscscan.com/tx/0xc1dc04b0723104293b37927de94ce4ce2628fc109bd60c12d8be4ad071b96d52
2023-04-02 10:17:42,True,0.4768,0.001515,21.2706,0.0322,0x34...b2a8,https://bscscan.com/tx/0x2743efe37cf2771feadb4d133864f6e637eab05c0fc556c99e4501c91f34ab0a
2023-04-02 10:17:27,False,0.477,0.001507,10.2494,0.0154,0xc2...774e,https://bscscan.com/tx/0x3b5b291db1355ab0fceb331b187f86719bf575f8e48d9271b69eae078f6fe2aa
2023-04-02 10:11:39,True,0.4791,0.001514,6602.01,10.0,0x2f...e155,https://bscscan.com/tx/0x6a0be995966254f9ed1952947b314c5064e291c0a608ae8fd57f97ceffeccfad
2023-04-02 10:11:30,True,0.4789,0.001514,2311.52,3.5,0xda...c952,https://bscscan.com/tx/0x5d46be3524f4dffa870f8b30140a2403cd6ddc81bb20acf33390608745a9b04d
2023-04-02 10:11:30,True,0.4788,0.001513,1194.7,1.80871,0x00...78d2,https://bscscan.com/tx/0xb0d09cf4eede3faa98c49b17d533367b0daaa6bd1349c5f409ca8c5dded9419d
2023-04-02 10:11:27,True,0.4788,0.001513,919.012,1.39122,0x52...1c7e,https://bscscan.com/tx/0x39f1a7eb5ed41ce3287edfda56386c92123df63d39b54a7cfdd85cb2583ed7bd
2023-04-02 10:11:27,True,0.4787,0.001513,2312.33,3.5,0x0c...8533,https://bscscan.com/tx/0x9ea22a79a915b148594c926ea5cdd854c856bcfce822a340399590825fd90614
2023-04-02 10:11:27,True,0.4787,0.001513,1020.1,1.54385,0x00...78d2,https://bscscan.com/tx/0x326e24dfbc4fe950ff94c862b7930d1d0614ebc5900b14d619a8903609a53dfa
2023-04-02 10:03:33,False,0.4736,0.001505,3.0,0.0045,0x2d...ee09,https://bscscan.com/tx/0x142a13d7f68ef9c14b0dd8b197fa9067c10ce2e45f8c646e4c35019b8ba9d6c2
2023-04-02 10:02:15,True,0.4758,0.001513,251.456,0.3805,0x3f...66aa,https://bscscan.com/tx/0xabeb57775fb5019620cb9b78814fc2f099f28b17b21932bd7ed3c32dc9d0d89f
2023-04-02 10:01:45,False,0.4758,0.001505,26.0321,0.0392,0xbb...b852,https://bscscan.com/tx/0x92a8fada0a97294432f82d490e6d9515123c5aa106b653361ff8b5ccd484d25e
2023-04-02 09:57:04,False,0.4735,0.001505,150.0,0.2258,0xeb...ba30,https://bscscan.com/tx/0x556cd7ee2446bf24bbb542f643d974d6d99268fa42facaa87fab0a8718cca0d7
2023-04-02 09:49:07,False,0.4735,0.001505,10.0,0.015,0xe6...46da,https://bscscan.com/tx/0xc03a1db60bb04fb97db7fd9faad623f00ff5377fb24d2489aaae501e7116bdff
2023-04-02 09:49:07,True,0.4759,0.001513,929.338,1.40637,0x35...aca7,https://bscscan.com/tx/0xf1101eebf40319cf754e72fd20d25c8a063b26b543f542fb577c149d5222dabe
2023-04-02 09:44:18,False,0.4735,0.001505,74.5106,0.1121,0xb7...1346,https://bscscan.com/tx/0xb95b1851799bdc358a3f8f7cf99964888e4f19e4e463c8f9299a0cedd510acef
2023-04-02 09:42:06,False,0.4736,0.001505,335.903,0.5057,0xfa...c4a9,https://bscscan.com/tx/0x1be18087fe00f4ce91e29e3f37e7ff5995f6018c0c6288906e4603a4a56760d2
2023-04-02 09:41:09,False,0.4736,0.001505,10.0,0.015,0x92...44a9,https://bscscan.com/tx/0xfb8401606efad243dcd9fddacd0acdeadaeac6f1bf1da0f147a6f87b131259d6
2023-04-02 09:40:39,False,0.4736,0.001505,1582.65,2.38321,0x0e...fae2,https://bscscan.com/tx/0x2ec7ed1326cc57f3554ea097e5a1630a1c49b43ed65ecccf45170367aebf2101
2023-04-02 09:38:09,False,0.476,0.001505,274.132,0.4128,0x4b...1c1b,https://bscscan.com/tx/0xbf8847d6c73b2ec91d09c85777ce9de1126038b2708239f9c09197a7be6457e1
2023-04-02 09:38:09,False,0.476,0.001506,91.3775,0.1376,0x4b...1c1b,https://bscscan.com/tx/0xbf8847d6c73b2ec91d09c85777ce9de1126038b2708239f9c09197a7be6457e1
2023-04-02 09:38:00,False,0.4737,0.001506,10.0,0.015,0x57...ec20,https://bscscan.com/tx/0x3eccbd71d8d00ef55a79120abf3ea88a2984f8c26440954cdf5086749d16884c
2023-04-02 09:36:24,True,0.4761,0.001513,276.047,0.4178,0x4b...1c1b,https://bscscan.com/tx/0x6eca1bc0ac382bacf3270fb49da6a763b3473fd5d501d50094f09a17740ae020
2023-04-02 09:35:57,False,0.4737,0.001505,50.0,0.0753,0xdc...111e,https://bscscan.com/tx/0x28bed0d776172b920f33a254893fda28e5105c8a41c8c00151743b3d1e4862fa
2023-04-02 09:33:03,False,0.4737,0.001505,10.0,0.015,0x11...9e58,https://bscscan.com/tx/0xd5b6c9a0740908681659c88fa4ad98177209b4ef3592ee883e090f1d3dcdee0c
2023-04-02 09:29:01,False,0.4763,0.001505,10.0,0.015,0xc8...a31a,https://bscscan.com/tx/0x4ce1f41ba4d265b5d2e82e85f972a3570f492cf6bdef7e0f17c457a44dcd0009
2023-04-02 09:28:52,True,0.4786,0.001513,6608.91,10.0,0x0b...a1ff,https://bscscan.com/tx/0xf8b734fddb48e7ced3e7d88e17d4267c8597455d3edba9d437d2335a8f51f0b3
2023-04-02 09:26:19,False,0.4738,0.001505,10.0,0.015,0x6d...2f2d,https://bscscan.com/tx/0x3bdb3c827c441886537ef40a297c31d86dde177b8ca888113ef7aa1ca6e2e38d
2023-04-02 09:23:16,False,0.4761,0.001505,10.0,0.015,0x23...3c08,https://bscscan.com/tx/0xe246c1c21f228cd17d234e4c0fba0bee2a38cd1ab3f1dead6f5780e9059ffade
2023-04-02 09:20:55,False,0.4738,0.001505,35.8707,0.0539,0xbb...b852,https://bscscan.com/tx/0x66547d238a3377f399e31eb995dd3fcb6067071e6f0affa72e7b5d20c915a0fe
2023-04-02 09:19:10,True,0.4786,0.001512,249.197,0.3769,0x95...9051,https://bscscan.com/tx/0x85925ca63e8103ad4bb6b534209783f275ad42cb51427fb75d58b742a1fbd97d
2023-04-02 09:16:16,False,0.4737,0.001505,5.42668,0.0081,0x53...e2b2,https://bscscan.com/tx/0xbf39bba1354627cf354bea7fdcae17f6f88c17eaedd46fdde12705c1d4f14e0d
2023-04-02 08:58:12,True,0.4781,0.001512,179.876,0.272,0xc3...24f9,https://bscscan.com/tx/0xe7e5248007dd83d7820701d906a961d006b03dddf5ffaf6c30662d0d2b904da4
2023-04-02 08:57:36,False,0.4757,0.001505,56.9446,0.0857,0x2d...7b21,https://bscscan.com/tx/0xa24e0d1cd5fd9ea7128431a44ad6f1a863cdb1c1f0dc972fb69f8ecc4d22301b
2023-04-02 08:51:51,False,0.4734,0.001505,30.7325,0.0462,0xb5...3111,https://bscscan.com/tx/0xf78612e31e3542949cc74c33d5fe27e79d1de3d4b25e32c33e9e377ff9732589
2023-04-02 08:44:06,True,0.476,0.001512,59.9872,0.0907,0x14...7d0b,https://bscscan.com/tx/0x592fb6b213e700b83bc9d43d429fb0002d87ebc943652e0fee823ee13fe0e7bc
2023-04-02 08:42:03,True,0.4784,0.001512,15.0701,0.0228,0x8e...9bac,https://bscscan.com/tx/0xd78d5467b185042b25b071f5e0139a6008d9fa8ec5e07e4122a3b68a3af3bf0a
2023-04-02 08:41:39,False,0.4736,0.001505,319.915,0.4815,0x4c...f4e9,https://bscscan.com/tx/0x69f898610f281d42a9d40650f2bbd31ae7e198f30b798629dd7e532ecf2e67c7
2023-04-02 08:39:42,False,0.476,0.001505,49.7807,0.0749,0x99...c430,https://bscscan.com/tx/0x2243d30c69566d677b60bb1d1be9cb785e8fb0219e015a3893cc92f765874cc0
2023-04-02 08:39:36,True,0.4783,0.001512,2313.93,3.5,0xda...6e1f,https://bscscan.com/tx/0xe33bea1d248ed2312c9e64fbe0a20a50c02378119257afee2d3c61f4020bb843
2023-04-02 08:39:36,True,0.4782,0.001512,2314.36,3.5,0x8b...88f6,https://bscscan.com/tx/0xf0464915789efa1f14255551460a494195aeb2adfd34284ada5d06041531e68b
2023-04-02 08:39:36,True,0.4782,0.001512,2314.78,3.5,0xda...c952,https://bscscan.com/tx/0x96a5f1a0ceb83269336c396f0c9e37e2b32da25a97888867734f8a3da9b214f0
2023-04-02 08:39:36,True,0.4781,0.001511,794.9,1.20176,0x05...7eea,https://bscscan.com/tx/0xeaf644ef2ec69108ceedbce2a0a49175c8c8627f7c1d101a93fe1173be05cbfb
2023-04-02 08:38:27,False,0.4734,0.001504,2584.03,3.8874,0xd8...0ae1,https://bscscan.com/tx/0x295aad9c6e882967f117dd3204a3b01907be86c809fe862b10337ed5026b9f72
2023-04-02 08:31:09,True,0.4781,0.001511,4630.18,7.0,0x1c...df7f,https://bscscan.com/tx/0x15edb05bae107b1964833525e0c92ee4b0d5afd1c47a4a9cca908e07212e3f12
2023-04-02 08:28:33,False,0.4733,0.001504,21.4258,0.0322,0x40...9f7b,https://bscscan.com/tx/0x77eb54f85f70aad271419a8190a13289fe34d5b3d4fce04115e4ad34f898b277
2023-04-02 08:25:30,False,0.4758,0.001504,54.2098,0.0815,0x64...9ae8,https://bscscan.com/tx/0x1ea3f70366702fa878ec229a162498e9a4c4f26db662559948eae1465f622dca
2023-04-02 08:22:51,True,0.4758,0.001511,500.0,0.7557,0x7a...bb4f,https://bscscan.com/tx/0xe7117c928ba81fc7afe2fb6789666936e24b3d8de3cae18cd3e42d4841b76427
2023-04-02 08:22:45,False,0.4734,0.001503,43.9378,0.066,0x73...9005,https://bscscan.com/tx/0xafc5bfd163dfab5f319a2d5ca92352a7c767c071c1f4d06229772f9ddfb51245
2023-04-02 08:20:45,True,0.4758,0.001511,439.341,0.664,0xed...3fe4,https://bscscan.com/tx/0xf591c6877b2f3381b54669ba33317876ed28544d0652c44b8dc2009dbb659975
2023-04-02 08:18:51,False,0.4735,0.001503,46.0331,0.0692,0x64...9ae8,https://bscscan.com/tx/0xff9e009362ba5d88efef7942bf7eb43d79d60c2e69ddc9a8c364d72ec978320f
2023-04-02 08:10:00,False,0.476,0.001504,1073.76,1.6149,0x5e...199c,https://bscscan.com/tx/0x450cb393a9870acd6d71708f24b75cc9e188686d181fd417c5a487f305485797
2023-04-02 08:08:54,False,0.4736,0.001504,10.0,0.015,0xb4...bf3f,https://bscscan.com/tx/0x93579630a7df105b2d2e42eb35da39f154ad306e5790a94bfeb8231dd1a94a59
2023-04-02 07:55:54,True,0.4758,0.001511,125.345,0.1894,0xec...9221,https://bscscan.com/tx/0xcbdeabe38a4cdd118506539f6f84dcfc66b4e971fc4cf1b95ee42c0069c2ced7
2023-04-02 07:48:54,True,0.4784,0.001511,1.0,0.0015,0x1a...3493,https://bscscan.com/tx/0xc8c896d4f63d1d760a3726bb7d31e19ea47d03d1f6a83f186419dbf00918b508
2023-04-02 07:39:47,True,0.4777,0.001511,951.946,1.43887,0x61...1780,https://bscscan.com/tx/0xeed85da1d90a5594fef463ee9a6e78488bc03292fb74302c0fee5e477c9341b6
2023-04-02 07:32:41,True,0.4753,0.001511,15.2172,0.023,0x1a...3493,https://bscscan.com/tx/0x0741f9cf87c413a00a476529e8c02cf3087795b6a4cbe7eac3979852764bd1bb
2023-04-02 07:31:56,True,0.4777,0.001511,115.592,0.1747,0xec...9221,https://bscscan.com/tx/0xdaec6944950476ed9b944ee5c007b29c6b7da03033e7babe81b84b9093dce56d
2023-04-02 07:22:17,True,0.4774,0.001511,35.6897,0.0539,0xc9...8272,https://bscscan.com/tx/0x24696e088571d05d47f4b9eafc8bc1058246f97ef85247d40f46ed5d4096f1e7
2023-04-02 07:14:55,False,0.4726,0.001503,50.0,0.0751,0xb6...5659,https://bscscan.com/tx/0xecee7abeb7660e9259100cee0da7959c35bad8e1e373d68288537c276657a20d
2023-04-02 07:02:10,True,0.4749,0.001511,34.8644,0.0527,0x02...2d77,https://bscscan.com/tx/0x71a42e6d9d2d6de71e7a693bdca2fd5aff2129b59c03a71ca470f21f580ea6c5
2023-04-02 06:57:01,True,0.4773,0.001511,20.0,0.0302,0x13...a880,https://bscscan.com/tx/0x040e9eef94dfd4a4b22442d083d61344ec3cd66b4f21ef3fad7c8bffa0f03da5
2023-04-02 06:56:43,False,0.4749,0.001503,129.0,0.194,0xf0...3e3c,https://bscscan.com/tx/0x9322b21744f25a1bb441311f8c404d1de11150ecaf51bf0db9fab7c321087bda
2023-04-02 06:41:25,True,0.4747,0.001511,2315.88,3.5,0x91...79fe,https://bscscan.com/tx/0x1a141752740a5270be9b8d9b3989d38f04bd1dc7ce52e925568efeb672e068df
2023-04-02 06:41:25,True,0.4746,0.001511,3309.13,5.0,0xda...c952,https://bscscan.com/tx/0x07e5bddca172d3132a779b8dda15bb274f140511717cda09d5eebfac7e7b944a
2023-04-02 06:41:25,True,0.4745,0.00151,4129.3,6.23741,0x00...78d2,https://bscscan.com/tx/0xb339638a6224efbe996989af5c2a9836b3d54d0fa0e3b348700df376eb6ad720
2023-04-02 06:38:46,True,0.4744,0.00151,41.9264,0.0633,0x02...2d77,https://bscscan.com/tx/0xd4c5f8cb41a8171715700f69189801414fabb97d21bcebcd40aebc393106bd8b
2023-04-02 06:38:01,True,0.4767,0.001509,6555.13,9.89747,0xfc...535e,https://bscscan.com/tx/0xe99c6a3fc40c5e7c7e30d91fc9f28a33aa8b9a3e4dab332a36b6e2d780a8be8c
2023-04-02 06:33:40,True,0.4765,0.001509,3312.81,5.0,0x91...79fe,https://bscscan.com/tx/0x62b76da2fea18836095f56c93c14b564ca258be21ac4f50efe5ffb318dad66f7
2023-04-02 06:33:40,True,0.4764,0.001509,2319.48,3.5,0x0c...8533,https://bscscan.com/tx/0x15035f72ec9400285a9ffc356f2b2d91854dc6edcf5e3da35f269c2c43787741
2023-04-02 06:33:37,True,0.4762,0.001508,4187.82,6.3176,0x00...78d2,https://bscscan.com/tx/0xc739db5b4ced902ce53f3de76023611c3887e8d3d64bcfdeaf41f1550ae35abd
2023-04-02 06:33:34,True,0.4761,0.001508,2320.68,3.5,0x52...1c7e,https://bscscan.com/tx/0xe13254260c51b4b7355eb8df6ca095204e13443d00212470e4059db71191a8d4
2023-04-02 06:33:34,True,0.476,0.001507,4195.83,6.32644,0x00...78d2,https://bscscan.com/tx/0xb4b5d53205a8a03cd9ac0ee2bb94863e108f7cd5f3a002f251170eb4a893d75e
2023-04-02 06:33:34,True,0.4759,0.001507,2321.88,3.5,0x2f...e155,https://bscscan.com/tx/0x22f112828462b835bd97bddc49654f8c5fd5556ed24bc9a9fbb9e5cfd6d8f54c
2023-04-02 06:32:49,True,0.4734,0.001507,19.9733,0.0301,0x02...2d77,https://bscscan.com/tx/0xab7c7015a95ea0bf40186dd56248212005af52610cf8f2180a42296d79dc2b20
2023-04-02 06:30:54,True,0.4757,0.001506,6211.26,9.3597,0xd8...bcda,https://bscscan.com/tx/0x390dc60bc6a0c824e6ef98facc88ffeaa1dce48a1c6f3689e2c3510e107ad4d1
2023-04-02 06:30:51,True,0.4755,0.001506,2323.45,3.5,0x3f...573a,https://bscscan.com/tx/0x5ce7c696a5d06b6e635e67ce77a25793d1757eb1ed31781f3364170f4dd31783
2023-04-02 06:30:51,True,0.4755,0.001506,756.181,1.13896,0xd3...ec6f,https://bscscan.com/tx/0x9bc431e0ba4e1b5fab96c2a8b7774268f22f71f4c07f8e02d78479a22c6baa33
2023-04-02 06:30:51,True,0.4754,0.001505,4196.6,6.31969,0x00...78d2,https://bscscan.com/tx/0xd8dfa5bbee514080d30217fec140c9074344e569b0d39eb115181b43e602c8c3
2023-04-02 06:30:48,True,0.4752,0.001505,2324.78,3.5,0x52...1c7e,https://bscscan.com/tx/0xbca650e7a4e2d473009f53702003b9042255d04babf2f47e708e462ec6bc761a
2023-04-02 06:30:48,True,0.4752,0.001505,610.057,0.9183,0x8b...88f6,https://bscscan.com/tx/0x8f03fa0c8253c997ba2ec33a7eaf2ceb705984bffc25d85df1c28134942a59b1
2023-04-02 06:30:48,True,0.4751,0.001505,2325.32,3.5,0x2f...e155,https://bscscan.com/tx/0x8633a0b2c57236a08de3d9f557bc42fffc9bfef79d401d3ffd480a334d04f5be
2023-04-02 06:07:30,True,0.4731,0.001504,1654.7,2.49021,0xd3...ec6f,https://bscscan.com/tx/0x67be0cc701ab77a3b5d67ca881ce43ff5297cabb0fdf5abb28a21b59e6aa50e9
2023-04-02 06:04:18,False,0.473,0.001497,309.0,0.4626,0xe3...0f47,https://bscscan.com/tx/0x48fe6c5adbbfa36e233aa86c49df2903d4883fe9bc5600998c3aac875237d362
2023-04-02 06:01:54,False,0.473,0.001497,1299.0,1.94516,0x29...e8d2,https://bscscan.com/tx/0x4bbc71d99aa9ee210962061f4396373d96418ca0b3a7803fbf9af5a8df119d74
2023-04-02 05:57:18,True,0.4731,0.001505,151.282,0.2276,0xac...c3bb,https://bscscan.com/tx/0xb4bc5dba4148f3898459bf8b7030cd21c0339ed7b67f5862a945d3c574d70ff4
2023-04-02 05:56:27,False,0.4707,0.001497,9.0,0.0134,0x97...cd74,https://bscscan.com/tx/0x13d6018520375322b2c6ace80fd9f8ddbe39bfe0382261bdc831ef4cfc501d50
2023-04-02 05:56:00,False,0.4731,0.001497,6.27188,0.0093,0x43...a0db,https://bscscan.com/tx/0xa78f0d6b2d869b19f357df1537df5acf54d20391e3b41f65b6a7e7f0e7aa33dd
2023-04-02 05:55:57,False,0.4707,0.001497,264.63,0.3962,0xeb...8a26,https://bscscan.com/tx/0x2cee6a38680b503b458ad89a05a8cd9544a63b41e443d55a59381b5ea9c5cd73
2023-04-02 05:42:48,True,0.4754,0.001505,4.0,0.006,0x69...e018,https://bscscan.com/tx/0x23bcbd40efa2722bde01ddf3e0790b27dc2ddca14aecdf7f751c360a1a8ee01e
2023-04-02 05:39:00,True,0.473,0.001505,10.5195,0.0158,0x25...1dde,https://bscscan.com/tx/0x5be12412af876a8542f9fcba31435d1786e99a7aeb0a0d4667980c655d7ea86b
2023-04-02 05:37:45,True,0.4753,0.001505,210.353,0.3165,0x98...9788,https://bscscan.com/tx/0xf33becc78d5a7d51da67b3b83fa27ff4bedc783406123839a87e8d3d9b32d2a3
2023-04-02 05:28:16,False,0.4705,0.001497,101.618,0.1521,0xa9...63cf,https://bscscan.com/tx/0x816ff48a30fa7ecdfffd324bc0c3abdc9ab43916ebda1f9e918264f6c267e8bf
2023-04-02 05:25:37,False,0.4703,0.001497,100.0,0.1497,0x20...f63e,https://bscscan.com/tx/0x27e61556be0cf12c614051bf425702cd0cee074643f81ae14650c6826cc67bd9
2023-04-02 05:24:49,False,0.4704,0.001497,10.6289,0.0159,0x56...ad7d,https://bscscan.com/tx/0x71c8ae899f73cbf6c7e88c78568370239b253edaf984ac7c2ccec11d8a709b3f
2023-04-02 05:24:19,False,0.4727,0.001497,94.3845,0.1413,0x8b...1899,https://bscscan.com/tx/0x7388e0a641189a4fa0b30b84353f6e7f9cc8b055a49de89c90a3b9a55dde8752
2023-04-02 05:23:10,False,0.4727,0.001497,127.266,0.1905,0xb7...3cf9,https://bscscan.com/tx/0xf914c6a91ce2aa6496b2bd50636a3837d96ef502c591c630c2d2a1fc972ccdc7
2023-04-02 05:21:55,False,0.4725,0.001497,10.628,0.0159,0x56...ad7d,https://bscscan.com/tx/0xb9edbf661b732d11771bd0e05d902d13480a8d353baa5506a322233fbdb68d5d
2023-04-02 05:16:49,False,0.4724,0.001497,155.499,0.2328,0x1e...ba65,https://bscscan.com/tx/0x497e52de461db3331e439c0e71b3905229d1c5eedd56f69f615d67fd2708023c
2023-04-02 05:00:55,False,0.4702,0.001498,7569.55,11.3393,0x98...5cc4,https://bscscan.com/tx/0xf6454eb59efc2b33ed20563034c3683c083b2c07e33dc5e962de50ba72334ebe
2023-04-02 05:00:55,False,0.4703,0.001498,2067.76,3.09871,0xd3...ec6f,https://bscscan.com/tx/0xcca1304915053f7fd87edc7912d19dbca090b0d768d0ab67ecb754bdc073b449
2023-04-02 05:00:49,False,0.4706,0.001499,13337.8,20.0,0xfc...535e,https://bscscan.com/tx/0x0bbae930b5b3a6eefe19f97703cb40e8d45d40b13cd9a6e016939afd4c1d2a87
2023-04-02 04:36:41,True,0.4735,0.001507,2.1886,0.0033,0xbd...2866,https://bscscan.com/tx/0x1f029f78b8c88f9a7430fe1dc07512c26708a7f84d6aeccbe57ec369a8fc9481
2023-04-02 04:30:29,False,0.4713,0.001501,18847.0,28.2968,0xda...c952,https://bscscan.com/tx/0xd406f36f05f365adb79c8dc409af09f48f8b10698f918608e09b45fc0801e319
2023-04-02 04:30:05,False,0.474,0.001502,188.262,0.2828,0xeb...6296,https://bscscan.com/tx/0x9d45953967aa6bca2c9c673dad72050719e723ecafc2dc01ec247d806045ab33
2023-04-02 04:21:53,False,0.4741,0.001503,14550.4,21.8751,0x2f...e155,https://bscscan.com/tx/0xdc60e96e662af8fee4a6fba8682781449807290ff964bc356394234b05a6f3da
2023-04-02 04:21:53,False,0.4745,0.001504,8947.14,13.4636,0xed...4f31,https://bscscan.com/tx/0x418a25d66cef4d0d3c8f34b7f1643f711f8cb9cd0630806813ba947a5b1b4184
2023-04-02 04:21:53,False,0.475,0.001506,14350.9,21.615,0x52...1c7e,https://bscscan.com/tx/0x9539cbfc7280fd3f60aa0afd0bd84440968524ebfe79ed1c71ff17b5be9db1d3
2023-04-02 04:21:53,False,0.4756,0.001508,20183.6,30.4418,0xf2...bfcf,https://bscscan.com/tx/0x8cf745e3be72f2057f2107abfe13d0cd63e19d793c1e0ebed74cf991c3d96523
2023-04-02 04:21:53,False,0.4761,0.001509,4215.63,6.36432,0x00...78d2,https://bscscan.com/tx/0xe5c8b25483614caef339605dc6848a24039b50fe9a5c86516c7cb4a8ec9fb765
2023-04-02 04:21:14,False,0.4739,0.00151,4520.36,6.82673,0xda...6e1f,https://bscscan.com/tx/0x8e2a98c9d8b5cadfb706c5f44b94c11ae12fdcd165724a0822aa12efdb279eec
2023-04-02 04:20:53,False,0.474,0.00151,3523.07,5.32229,0x91...79fe,https://bscscan.com/tx/0x18a216fe4f0109355d7f3305aa333f40ef5da2befa1a5bec2cb28886a29fc12c
2023-04-02 04:20:44,False,0.4741,0.00151,500.456,0.7561,0xda...6e1f,https://bscscan.com/tx/0x1eb1b0319ed23f9265dd42c533bdb29ebbc3230798f2ff4fde4081c603eae41c
2023-04-02 04:18:32,False,0.4742,0.001511,3515.59,5.31269,0x91...79fe,https://bscscan.com/tx/0x2257a2afa797148b36761a0f27393729cbafd678f17476a772a040767e5f9bcd
2023-04-02 03:57:36,False,0.4773,0.001512,9555.11,14.447,0xda...5a45,https://bscscan.com/tx/0x5a657392f86f7c056b09a569074ac191e9e019be53d92fb78f9d7ffd173c9550
2023-04-02 03:51:03,False,0.4751,0.001512,8.08318,0.0122,0x3a...bd67,https://bscscan.com/tx/0x7ed66cfee83c22c6df9b954adde1f119cb9798570f01cebe5af063a7e27d986b
2023-04-02 03:26:38,False,0.4771,0.001512,30.0,0.0453,0x02...2d77,https://bscscan.com/tx/0x13a88b56477d2e2131725b31fc7266f6e830d66be52ae3644807eb41cf1040d1
2023-04-02 03:22:20,True,0.4794,0.00152,695.7,1.05753,0x00...78d2,https://bscscan.com/tx/0x064a88ed13ffd9c2e1113f53c97abf05a3721484725b1ed8d7b0913ca9c62724
2023-04-02 03:22:17,True,0.4794,0.00152,759.4,1.15429,0x00...78d2,https://bscscan.com/tx/0xaa02deaae5dbc892fe14a09e511343acf41657cf831ffd4c5bf1d2b5ba1def23
2023-04-02 03:22:14,True,0.4794,0.001519,536.1,0.8148,0x00...78d2,https://bscscan.com/tx/0x1661952b36ce5d4bc1737d5fc021daada6696f94cdee8587d6d9bbbc91e7a324
2023-04-02 03:17:02,False,0.4768,0.001512,3.25867,0.0049,0x3b...fef3,https://bscscan.com/tx/0x68a5989ecf377b6de936dba9b47e9dcd99d82f26e75c65e3be8e6ad7084193ba
2023-04-02 03:05:45,False,0.4745,0.001512,20.0,0.0302,0x4a...d9da,https://bscscan.com/tx/0x6bc72a3c465972afefc425165d89c2e7fe38f92740d88545eef50c85634a181a
2023-04-02 03:01:45,True,0.4773,0.001519,4188.49,6.36499,0x00...78d2,https://bscscan.com/tx/0x7f5e1b763a6ab57b3787e0ae1ed48eb1efba4cbbac76481a8f4653a7eaca9b38
2023-04-02 03:01:42,True,0.4772,0.001519,1936.64,2.94227,0x62...1f10,https://bscscan.com/tx/0x0e8068754e3583071355dba18aeeafd1a48c039cb6e1de830185e85d515ae9a5
2023-04-02 02:59:46,True,0.4795,0.001519,29.9298,0.0454,0xbf...b3d5,https://bscscan.com/tx/0x6b3ef3427e97d044728314e837c222536734577286e22d382c4703e831521271
2023-04-02 02:46:59,True,0.477,0.001518,3291.77,5.0,0xc6...9263,https://bscscan.com/tx/0xe2d15b9584961381a4c40981ab3058b9d224fc65c6f233aff6ded3d1d75ad1cd
2023-04-02 02:38:08,False,0.4769,0.001511,9.42671,0.0142,0xe2...f660,https://bscscan.com/tx/0x6c59e64937cfc8a8137c7c6d5e34e9bd680945ed2eb8428c0f0e817fb159f408
2023-04-02 02:37:08,True,0.4769,0.001518,2347.0,3.56415,0x18...a4ab,https://bscscan.com/tx/0x39474613fd24807a4351b1a6020b9fb0c4a8efdcbee938096284950a33068bf3
2023-04-02 02:36:32,True,0.4768,0.001518,1232.94,1.87207,0x8b...88f6,https://bscscan.com/tx/0xbc745457cc1649bb621a68f093937049bea99c7ab430dbb1061ad59b31cff7a5
2023-04-02 02:31:56,False,0.4768,0.00151,70.0,0.1057,0x8d...d19e,https://bscscan.com/tx/0x612a20c957d2cd9361afe2d083e30e84f51fbe56e4d9c9b889ec466da860dafb
2023-04-02 02:30:50,False,0.4768,0.00151,30.0607,0.0454,0x5c...be56,https://bscscan.com/tx/0x49f71552c11a30016af9cfd88dcac118fa87e96f591ec8dc1c40972cfecddc33
2023-04-02 02:29:53,True,0.4768,0.001518,345.8,0.525,0x09...18f7,https://bscscan.com/tx/0xf9beb82a8914b4bc4e8c62797299a2b24b0364c13b71d11586f336778a991e4d
2023-04-02 02:26:53,False,0.4744,0.00151,8.83504,0.0133,0x3a...bd67,https://bscscan.com/tx/0x3c04239ab3894a60699c76fb464bf793de2019fdf8f2ac082d034a63126ee793
2023-04-02 02:26:44,True,0.4792,0.001518,799.7,1.21413,0x00...78d2,https://bscscan.com/tx/0xb8e42da181507f5e0809ff65b784d5feb46af0166feaa9f4dea7438ffe657557
2023-04-02 02:25:38,True,0.4767,0.001518,1158.0,1.75797,0x05...7eea,https://bscscan.com/tx/0x03d0c5c1f720c699e1f31a2a0731e99c4aed52212820e81f221fdcb80eb7972c
2023-04-02 02:24:38,True,0.4767,0.001518,1259.21,1.91143,0x00...78d2,https://bscscan.com/tx/0x5fc6ae1529cf4988995cd60eca88e30b61c5a3588409c08775278c1212578aaf
2023-04-02 02:24:35,False,0.4743,0.00151,91.6187,0.1383,0xee...53ef,https://bscscan.com/tx/0x74444b2e69645692d82628188466732565c7d64103b99ed185b12b01076f54e9
2023-04-02 02:23:50,True,0.4764,0.001517,562.469,0.8537,0x8b...88f6,https://bscscan.com/tx/0x4cc69cb7502de4627a2cf3837799595a6a29ed573cfb5ecc74c5937c6b957004
2023-04-02 02:22:11,True,0.4765,0.001517,4170.35,6.32882,0x00...78d2,https://bscscan.com/tx/0x1b284a81a8116764ed85d5b624c4cde268dc45cfb5dc69a985bbb44d260ad4fa
2023-04-02 02:22:08,True,0.4764,0.001517,4170.35,6.3267,0x00...78d2,https://bscscan.com/tx/0x0da8fb0b87cb2602639dc8f9bd8b6ecc1fcbd439d35683066a89b956d9e8c778
2023-04-02 02:22:05,True,0.4763,0.001516,2399.5,3.63925,0x00...78d2,https://bscscan.com/tx/0xba93ea7f655ba5d0a5fe1c085503e956bce3eb6923f592137e65a4162e4d5413
2023-04-02 02:20:08,True,0.4761,0.001516,4180.39,6.3386,0x00...78d2,https://bscscan.com/tx/0x9ba6ee52c33c78bcbd0f428fce387d561431813d0ecbb681a7b119fc331b61d2
2023-04-02 02:05:13,True,0.4792,0.001516,860.0,1.30373,0x00...78d2,https://bscscan.com/tx/0xf304d942890d4ba3717d9f36939cc831209f61aadeed75567d9f380156106c18
2023-04-02 02:05:10,True,0.4791,0.001515,887.4,1.34517,0x00...78d2,https://bscscan.com/tx/0x1099375db50a812633b5339b130f6e0958c9e279a022063d8af35f7e0c1d625d
2023-04-02 02:04:34,False,0.4767,0.001508,254.522,0.3838,0x33...5341,https://bscscan.com/tx/0xe0d7339e32a16fde74b0cd51b98a8b7d93f077d8d0a407b79a7d3bf5fc43f1dd
2023-04-02 02:01:46,True,0.4767,0.001515,926.7,1.40467,0x00...78d2,https://bscscan.com/tx/0x359df83543a79e2bf7811b3b7c5f861cbe74cc8e4c800b4424cd5439637109e6
2023-04-02 02:01:43,True,0.4767,0.001515,892.5,1.35273,0x00...78d2,https://bscscan.com/tx/0xc97cf6e50ef6dc22cfdb24508de2d657453957095663c75df5add05cbdc082a3
2023-04-02 01:57:01,False,0.474,0.001508,125.449,0.1891,0xcb...7f00,https://bscscan.com/tx/0x7ad935e87567562f1bd55be938a6dec47a300c44bcd788c185452fee26d81df1
2023-04-02 01:56:16,False,0.4764,0.001508,87.2455,0.1315,0x99...3489,https://bscscan.com/tx/0xc0fe2088bcee28c49d35b8fc1721482840fb2b9f3dc738bccc283dce89c705d6
2023-04-02 01:55:22,True,0.4764,0.001515,728.6,1.10426,0x00...78d2,https://bscscan.com/tx/0xb863d3aee18c906b7523dcd4c95c985d65814219823ef06963c49aead7e82e25
2023-04-02 01:55:19,True,0.4764,0.001515,658.7,0.9982,0x00...78d2,https://bscscan.com/tx/0x36164a45892752da2f39fe768c4dac2b8378bc042c698086fd5fb306caf2f896
2023-04-02 01:52:55,True,0.4787,0.001515,465.5,0.7054,0x00...78d2,https://bscscan.com/tx/0x82e074b8a331986c9493055ec4d726de40c15c991f640ae982f7fddaaef8d7ed
2023-04-02 01:47:33,False,0.4763,0.001507,24.0,0.0361,0x3d...3d57,https://bscscan.com/tx/0x850153e5e1aa16e9b5bb2acbafb62b56937c4fbf75cdb69953f5d76e73569bd5
2023-04-02 01:47:06,True,0.4763,0.001515,733.1,1.11092,0x00...78d2,https://bscscan.com/tx/0xc0fdb6472386468105fc3543540294bb8deaed649b12025b46b51560ab159249
2023-04-02 01:47:03,True,0.4787,0.001515,497.1,0.7532,0x00...78d2,https://bscscan.com/tx/0x97bb4a94b873e2b6c515baae03600a6167af5bb00bf4e4bff4480e354a5a4e51
2023-04-02 01:47:00,True,0.4786,0.001515,4197.16,6.35875,0x00...78d2,https://bscscan.com/tx/0xd61ae229ae4a89dbd7c74e279d002c0cd9974c3a20c0c986426488f6668ccc73
2023-04-02 01:46:57,True,0.4785,0.001514,2310.81,3.5,0xf2...bfcf,https://bscscan.com/tx/0x91113cfa1624eaca6fdc82ed91f645df44da29fbd91a135708764ac8b69772af
2023-04-02 01:41:33,True,0.4785,0.001514,78.7798,0.1193,0x2c...c9c5,https://bscscan.com/tx/0x55538a97f617b5bd6630aa2ea52db528fdfb515c375ba21e0822945307a45bee
2023-04-02 01:41:15,True,0.4785,0.001514,525.6,0.7959,0x00...78d2,https://bscscan.com/tx/0x006011e11663b7af19258d141538b525bfff089493e1d7c7915ecf52448ed2ce
2023-04-02 01:40:30,True,0.4784,0.001514,1934.6,2.92954,0x00...78d2,https://bscscan.com/tx/0x59ed55de39180d9e77abf3d88614124b3ba5495056c87653a192e55f436fb0a8
2023-04-02 01:40:27,True,0.4784,0.001514,643.876,0.9749,0x8b...88f6,https://bscscan.com/tx/0xebac56b8d2304174cad29f2864d3e3f70717c0b21c7931265492dd00d93a58d4
2023-04-02 01:34:51,False,0.4736,0.001506,30.4737,0.0459,0xa7...ada6,https://bscscan.com/tx/0x61f68a923e7e7f8c06876440d778e2b1097641f2d0ee38d252a5f983230eff90
2023-04-02 01:31:27,False,0.476,0.001506,0.6,9.039e-05,0x6b...86b8,https://bscscan.com/tx/0xc330c5acff027e9bfeec50358f465ccb9da5a2f76f594e5f4f00ddc020d212e9
2023-04-02 01:24:45,True,0.4784,0.001514,1000.6,1.51494,0x00...78d2,https://bscscan.com/tx/0xf570ca88caefa29e71ac3c858b1b9772417afa419ba70a47085568ba349432ed
2023-04-02 01:24:39,True,0.4783,0.001513,548.7,0.8307,0x00...78d2,https://bscscan.com/tx/0x5639ffaae72ffa5e9395e28ca0a903c4859f61e123bc9644e5b42719a4fdca35
2023-04-02 01:24:36,True,0.4783,0.001513,441.2,0.6679,0x00...78d2,https://bscscan.com/tx/0x32d2767dbb9c8cea38f90265f0ebc0b8598f3d69b7f22126b5d9a7d35bfb838b
2023-04-02 01:23:21,True,0.4759,0.001513,510.3,0.7725,0xa0...cc8d,https://bscscan.com/tx/0xb88dc9d40ac7cb5ec8f4134e1a398b151d451fef9944a08a204207d81d10eb16
2023-04-02 01:23:18,True,0.4759,0.001513,782.2,1.18405,0x00...78d2,https://bscscan.com/tx/0x624a94330adabb386cb98dd50084621c940dfb8c167ca5abd21b5c82cddcf2fb
2023-04-02 01:22:18,True,0.4756,0.001513,750.9,1.1366,0x00...78d2,https://bscscan.com/tx/0x652154de587f8274f23b0e3c5ddc0fce4c67e29f14ead9223d53de99ebe30c29
2023-04-02 01:21:42,True,0.4757,0.001513,6608.48,10.0,0x8d...1b76,https://bscscan.com/tx/0x8f0277077ee2bd055b0e6892c0f4f72a40e6596b0beb03ea98fa806437d980ee
2023-04-02 01:21:42,True,0.4755,0.001512,4189.14,6.33631,0x00...78d2,https://bscscan.com/tx/0x2fca7e4ff0aad916dcf0d4150235a964935a0e5861f20ec91236aaeabaa5c3a3
2023-04-02 01:21:24,True,0.4754,0.001512,3441.99,5.2046,0x00...78d2,https://bscscan.com/tx/0x4b323a0b545a99b9fbf638a695028b7db5f65340d35c3f731f87cbcdcc9cbd90
2023-04-02 01:18:20,False,0.4727,0.001504,2.56,0.0038,0x53...b978,https://bscscan.com/tx/0xa64fc2e2895828620b11a9e7b9e3321b7fe103737412a5de7a9ceb680af85371
2023-04-02 01:09:43,True,0.4773,0.001511,527.8,0.7979,0x00...78d2,https://bscscan.com/tx/0x37af3bdb5343f6d272d3d2f090c044aaaddabd03822d278924ff35b45f14251a
2023-04-02 01:09:40,True,0.4773,0.001511,1119.55,1.69249,0x00...78d2,https://bscscan.com/tx/0xaf4d87f1c24af535a4b6a157c355c4006394a3f5bd80c64f45088327159ed22a
2023-04-02 01:09:34,True,0.4772,0.001511,564.3,0.853,0x00...78d2,https://bscscan.com/tx/0xb5f375e068983298558d74840ee29f4857f2bc3341c5e5c8c3482dff6a5be3c4
2023-04-02 01:08:46,True,0.4771,0.001511,6617.18,10.0,0xf2...bfcf,https://bscscan.com/tx/0xc7861be2d0361d5757859fbf553c4bb5b1bb01c47e91fe1bfe0ddbb8105a011f
2023-04-02 01:08:18,True,0.4769,0.00151,759.083,1.1468,0xda...6e1f,https://bscscan.com/tx/0x822feba9e219291c9d891d6bd39e17ba21402cc6a5ce7c2aceef83f319587560
2023-04-02 01:08:09,True,0.4768,0.00151,4187.81,6.32558,0x00...78d2,https://bscscan.com/tx/0xe487daeb2ce0f7fc5d89e23750c7098bf98108004c2e66db249d3526c59549ac
2023-04-02 01:08:06,True,0.4767,0.00151,2317.76,3.5,0x91...79fe,https://bscscan.com/tx/0x7c24af8dd0d4366838aba14a0bbdc7459c0aec11d4efdb19d1bc3eaaf2a507b5
2023-04-02 01:08:06,True,0.4766,0.001509,4196.6,6.33556,0x00...78d2,https://bscscan.com/tx/0x9391c253f3231443697e29902aca4ba1d48e4def92d67d9ea3bac6edfbcf8b25
2023-04-02 01:01:41,False,0.4741,0.001501,9.74273,0.0146,0xac...a30c,https://bscscan.com/tx/0x65dff1245cf14179e590ad1e91744d8e232925669296b2b7aaa87a7f4eda3fa1
2023-04-02 01:00:41,True,0.4741,0.001509,1494.57,2.25583,0x91...79fe,https://bscscan.com/tx/0x4f44394345864279b883f0695469425c022352dc6adca6522e5d23491b1dd2bd
2023-04-02 01:00:41,True,0.4741,0.001509,1088.7,1.64305,0x00...78d2,https://bscscan.com/tx/0x38313a84a902c07bebfd26ed15df6d50ed3350cddde0a2398fe584ec6fb68862
2023-04-02 00:55:22,False,0.4716,0.001501,51.0568,0.0766,0xfd...4a20,https://bscscan.com/tx/0xffd7730871e6d717fc9ce028aad81e6c7bf8764e7ea341920c0bc23183920494
2023-04-02 00:42:49,False,0.4739,0.001501,22.2722,0.0334,0xf3...338d,https://bscscan.com/tx/0x66383308595a058892cf16733de1ef0a9debed8502f17fa4ec92e87e3c139101
2023-04-02 00:39:55,True,0.4763,0.001509,41.8803,0.0632,0xfe...07e0,https://bscscan.com/tx/0x9a03e9ad2708ba0eb04d83d9a7a9a9ad91df608cfb5e67fcd646fc7db8ea1d18
2023-04-02 00:36:34,True,0.4739,0.001509,674.1,1.01728,0x00...78d2,https://bscscan.com/tx/0x069e2220d9b28479bed9cdb3fc93f7b6e09b1978a520c2f6a4f25f4f24512137
2023-04-02 00:36:13,True,0.4762,0.001509,592.648,0.8943,0xda...c952,https://bscscan.com/tx/0x13d98d7ce669ac2276e3a56189e67a507e3300ce065212f2ee89c3976d54a24b
2023-04-02 00:36:01,True,0.4738,0.001508,2319.67,3.5,0x0c...8533,https://bscscan.com/tx/0xf5cb27a3dcd6f11d2c8289fbe6e4f166a9c965a52d5a37bf6c6812e91fd34050
2023-04-02 00:36:01,True,0.4737,0.001508,1455.21,2.19535,0x91...79fe,https://bscscan.com/tx/0x766b03ed05626fcfa39b897ba6c3cf81e3dbf62d96558e811ccafb052b0ee8e3
2023-04-02 00:36:01,True,0.4737,0.001508,1105.6,1.66775,0x00...78d2,https://bscscan.com/tx/0xdebf858ea101dad8093267ef3f80915a0b32e86b08cf4c7f6ae98abe80910e3e
2023-04-02 00:32:01,False,0.4713,0.0015,500.081,0.7505,0xba...960d,https://bscscan.com/tx/0x59eb274354d6622aaf10adfacbb412d53bbd157f08355a77c90b5eb48aed8f0e
2023-04-02 00:31:07,False,0.4736,0.0015,6.74,0.0101,0x2e...8a8c,https://bscscan.com/tx/0xce494f39c3c2f1ca0dce1b4d8ea4878ce055d806126ed952d898ae79a9204609
2023-04-02 00:29:19,False,0.4737,0.0015,80.0,0.12,0xba...960d,https://bscscan.com/tx/0xdd8f62401f67a574e5f78be5fd7ab9e7079b2e09f71b1b64a2f079594c94de29
2023-04-02 00:25:43,False,0.4713,0.0015,13.0,0.0195,0x27...5457,https://bscscan.com/tx/0x68e5735dc217290cfcb9aaca4a6ba0d63b0b8a98ac5a5d169dcf848d02fdf7fb
2023-04-02 00:25:34,False,0.4737,0.0015,18.1943,0.0273,0x52...8d7e,https://bscscan.com/tx/0xe674cc046e200e8794bd637fe5af2f2070b0551bdecb302529de137d751534e6
2023-04-02 00:24:31,True,0.476,0.001508,2320.46,3.5,0x2f...e155,https://bscscan.com/tx/0x65eba7860e6c4bc05c54e3859baa031a95c10531dd34ebb0d448ec3c14dfc79d
2023-04-02 00:23:01,True,0.4736,0.001508,2320.89,3.5,0x0c...8533,https://bscscan.com/tx/0x57c477dfd6fd50d90c6a9cb0680f599ee848cc4c25f316d939d3496b6b7b60ae
2023-04-02 00:22:55,True,0.4736,0.001507,2321.32,3.5,0x2f...e155,https://bscscan.com/tx/0xe775d971d24bfbdfab112c4190eb3d422410d8cc0c26d878a698c1734a04382a
2023-04-02 00:19:39,True,0.4759,0.001507,121.015,0.1824,0x2c...c9c5,https://bscscan.com/tx/0x29717ab1cea2f6b03bd107abdc4b29dab0eb2a3caebed4c154a1582e16032d99
2023-04-02 00:18:07,True,0.4759,0.001507,2321.78,3.5,0x0c...8533,https://bscscan.com/tx/0x504c2ea069463041bbed86acc8a6df0e3c412b401ffbf44ad0988fbc8b979ecf
2023-04-02 00:18:07,True,0.4758,0.001507,932.4,1.40538,0x00...78d2,https://bscscan.com/tx/0xd8f8064aa42303d6399c9c3218b62e1db498495da3e61afa34135f00aaa76f27
2023-04-02 00:16:25,True,0.4757,0.001507,2322.38,3.5,0xf2...bfcf,https://bscscan.com/tx/0x79d922f487d46e0b070135f4d354e744bfc2d10a82de8a21c51e25ae128acc85
2023-04-02 00:16:25,True,0.4757,0.001506,758.813,1.14345,0x91...79fe,https://bscscan.com/tx/0x9f388f024af522a3f522b114798e4035beabee41c43965f4550203d69f7ce8ca
2023-04-02 00:13:21,True,0.4757,0.001506,2322.95,3.5,0x52...1c7e,https://bscscan.com/tx/0x29fe9db4984e164fc2e9a2bd748908853654768cbc26e2c8b07ec4323bcd6f2b
2023-04-02 00:11:48,True,0.4733,0.001506,1303.14,1.96316,0x0c...8533,https://bscscan.com/tx/0x6a942a3c4b35919337e32d76d6eaa2526ecb1bc50e607fde74488d783a13979f
2023-04-02 00:01:33,True,0.4756,0.001506,420.0,0.6326,0x6f...2498,https://bscscan.com/tx/0x28c27fd53afee51adb6907bb06403100e61a1ede60fc4091d3734a029ad6b709
2023-04-01 23:59:38,False,0.4723,0.001498,6.34341,0.0095,0x5b...72bf,https://bscscan.com/tx/0xe6d0b663437b479621deb8a8bd363b061ecc44502fa7271bf345d9a5ccc28e61
2023-04-01 23:58:47,False,0.47,0.001498,122.0,0.1828,0x21...2e51,https://bscscan.com/tx/0xd2a0e88f79163c814fd5ba0435917091fc883824b12ba821f1b8e34b81cbbf78
2023-04-01 23:58:26,False,0.4723,0.001498,38.81,0.0581,0x53...b978,https://bscscan.com/tx/0x75db8597403ecd747fbad532232e689a6ec7122b68a0c2080f8235f446acd628
2023-04-01 23:57:50,True,0.4723,0.001506,1139.1,1.71584,0x00...78d2,https://bscscan.com/tx/0xa7fd6cdc067a8348ce3fcfa15df8b69b9600f76dba3831cc7f9062f7ea0f6a3c
2023-04-01 23:56:56,True,0.4722,0.001506,3984.06,6.0,0xda...6e1f,https://bscscan.com/tx/0x234950d434a16bc7b2ab8179b182208c17c13a44d3eccfa417212a124de84fa4
2023-04-01 23:56:56,True,0.4721,0.001505,789.1,1.18816,0x00...78d2,https://bscscan.com/tx/0xd29b51d9dda834387e59020afb2f67f09c58c567bada2bb07723813ac86bfe67
2023-04-01 23:55:59,True,0.4744,0.001505,2324.77,3.5,0x8d...1b76,https://bscscan.com/tx/0x59a5833b720ae21612f43aeef69970b8d756eb54e11dbb2c0bf220909e1a0ee4
2023-04-01 23:55:59,True,0.4744,0.001505,2325.2,3.5,0x91...79fe,https://bscscan.com/tx/0x55a1dafc2c794b281929da30b6a0ff94242bda4ebf84b705ac2fb5797fdf8e00
2023-04-01 23:55:59,True,0.4742,0.001504,4214.29,6.3419,0x00...78d2,https://bscscan.com/tx/0x90803e95230cf897f8be333d56a181d0309a8dcc412ea05faa3391bbce2bae96
2023-04-01 23:44:32,True,0.4717,0.001504,1635.19,2.46015,0xda...c952,https://bscscan.com/tx/0x632351108c34210718c50628a6aad6b89bfa3049708acef7f089cf03b7f05d12
2023-04-01 23:42:20,False,0.4693,0.001496,21.3373,0.0319,0x84...3bab,https://bscscan.com/tx/0xe2a9fd043ddf48bdd858ec1e1b1bade3c36af8f22b80545eb2191ffedbbd771d
2023-04-01 23:34:38,True,0.4741,0.001504,93.0,0.1399,0x8c...7a91,https://bscscan.com/tx/0x37ca3f0e7cb5df7f175823bd915185585c146aab407acea18f2f8d05c0a809fc
2023-04-01 23:24:05,True,0.4717,0.001504,2326.73,3.5,0x91...79fe,https://bscscan.com/tx/0x7d5b195f58de1ea59603afcee15d537851f59fa78827f34132e5605601ea01a7
2023-04-01 23:24:05,True,0.4716,0.001504,790.2,1.18852,0x00...78d2,https://bscscan.com/tx/0x9681a799220c7ae61ad48919b80146009401d854dff863390807fa3eae40b32d
2023-04-01 23:21:11,False,0.4691,0.001496,159.881,0.2392,0x08...981b,https://bscscan.com/tx/0xc7ebaf98538ec6320394d3a91321cc44f1242c159de64859901d9f42d648a75d
2023-04-01 23:19:59,True,0.4739,0.001504,20.0,0.03,0x49...b0fa,https://bscscan.com/tx/0xae839acfcedfa9138f3a0311a4c362373222d9cf102f52001e23fe13b148297d
2023-04-01 23:12:11,True,0.4719,0.001504,528.095,0.7942,0x8b...88f6,https://bscscan.com/tx/0x334d75adae5ad80931278c29f9cb376ffaff6639c4d4d541d343f5be4680bbab
2023-04-01 23:06:56,True,0.4719,0.001503,783.379,1.17815,0x8b...88f6,https://bscscan.com/tx/0x15ef62faf6aef55950582f17561ac07ee2390e3374db464fca78428e3179930e
2023-04-01 23:06:29,False,0.4719,0.001496,2.55711,0.0038,0xf0...05f0,https://bscscan.com/tx/0x6a1ef9e24d78d67e02441a6208663bbb65ccb885403dd363728ff3066d04ae4a
2023-04-01 22:58:23,False,0.472,0.001496,319.761,0.4784,0x08...981b,https://bscscan.com/tx/0x9b8d52cef01018601bc37afb57a628af16f54018511a7927b8ddc310aa5030f4
2023-04-01 22:36:57,True,0.4719,0.001503,438.0,0.6587,0xe5...8ec9,https://bscscan.com/tx/0xb06d6a49799db1955de5110a2af071075e58c4ba38ad656a9f16bff70e20cbff
2023-04-01 22:28:36,False,0.469,0.001496,9.81933,0.0146,0x3c...8ba6,https://bscscan.com/tx/0xe465b4c97446aad976b5bf9cb71554ac5ee645dd0c32d0b277a431803de8c232
2023-04-01 22:26:03,False,0.4714,0.001496,46.4365,0.0694,0x81...17ea,https://bscscan.com/tx/0x1475279a6f1f0d6875ea459c2ce99dc0a0a2d23c86c2486047b191d62361f110
2023-04-01 22:21:33,True,0.4714,0.001503,657.261,0.9884,0xe1...fb50,https://bscscan.com/tx/0x64473c861944fdbb48bf85e4dc48e03760dddd719706f0aedd7f0f1d60227491
2023-04-01 22:18:06,False,0.4714,0.001496,10.0,0.0149,0xd5...3c07,https://bscscan.com/tx/0x3507fb5bc06ee32ad9b2c375848dc24b77229d1afed09b6042449f2077b85e12
2023-04-01 22:02:16,True,0.4713,0.001503,251.355,0.3779,0x3f...66aa,https://bscscan.com/tx/0x267d78807a54f5edc25803d396329b102b02ffe90c3f53790963c841628ed54a
2023-04-01 22:01:58,False,0.4689,0.001496,66.8332,0.1,0x47...76b8,https://bscscan.com/tx/0xb3a8c3ace3201ce15b12b10e08ce4560532f60c3facdb5c15f6faefd111d53f9
2023-04-01 21:58:16,False,0.4687,0.001495,37.3406,0.0558,0xf8...fb1b,https://bscscan.com/tx/0x1ec7b207abc64fcdff5b4ba6aaf18ccfb27c9540c226191a5551eea5e8dce179
2023-04-01 21:53:41,False,0.4689,0.001496,34.0,0.0508,0xc1...47b5,https://bscscan.com/tx/0xe0b420a2762527320ca7dde32a7af3d6d8438037ca42eac1bbc65f4b844e651d
2023-04-01 21:53:35,False,0.4689,0.001496,5.0,0.0074,0xd0...635e,https://bscscan.com/tx/0x545f5ea542e0e9cc52e6c3b922231ef4f260769fcb3a852eadbb22b765ca3e02
2023-04-01 21:49:36,False,0.4713,0.001496,3.0,0.0044,0xf0...05f0,https://bscscan.com/tx/0x9a8b70d9dc39d3ea8045ed1ad4f70dddf28cd69effa0a9ad177ef7158b768957
2023-04-01 21:46:12,True,0.4713,0.001503,24.4866,0.0368,0xd0...635e,https://bscscan.com/tx/0xe3f97057efae8e7149407ef9baa73f120c2f3b4d2028a95f527aebd40a9d8ffc
2023-04-01 21:45:21,True,0.4716,0.001504,47.4366,0.0713,0x3f...c9c9,https://bscscan.com/tx/0x518141d17f3e9edffd175a48b9e26977ef45895423383aeaf127462032f27325
2023-04-01 21:45:12,False,0.469,0.001496,10.6564,0.0159,0x60...7f32,https://bscscan.com/tx/0xf7941c4327307d253d62b9c31a446aecc0e935018cb4f0a0c5e6a1e6ed62b959
2023-04-01 21:38:30,True,0.4736,0.001503,30.1479,0.0453,0x58...c337,https://bscscan.com/tx/0x97b8dbdbcfce1519db4659348dcc43ad55e67b0bee4c51a1ee6e19ea38dfd183
2023-04-01 21:36:27,False,0.4713,0.001496,187.979,0.2812,0x06...c9f0,https://bscscan.com/tx/0x92f99ab5be79dcc7841d7eeec0b9e118f329bb9f70f287d99ad0b5622470a8d1
2023-04-01 21:34:00,False,0.4689,0.001496,234.821,0.3513,0xf7...3f4a,https://bscscan.com/tx/0xa00c9bdaa456b80f974b201484dc0b9a3c7d03b297bd8954328a300b3cc422d8
2023-04-01 21:33:24,True,0.4712,0.001503,3926.92,5.90447,0x3c...473a,https://bscscan.com/tx/0x34d7dde07192e8549edde02b3410f62d79b7672f80ccf23b011e4ff24ae413df
2023-04-01 21:31:54,True,0.4711,0.001503,992.227,1.49161,0x1a...0c99,https://bscscan.com/tx/0x70626086bda323ebc5c5ae11491fcec16dd5a80f29229399f202ba66ca18680e
2023-04-01 21:31:42,False,0.4688,0.001495,2.0,0.0029,0x3c...cfd2,https://bscscan.com/tx/0xa0c9e37183b291035d136ad7a456e265590a907ba1e5c797a6549ab9542b7208
2023-04-01 21:30:15,True,0.4711,0.001503,742.806,1.11658,0x1a...0c99,https://bscscan.com/tx/0xf68166fabce7e03ea7c2aa6c174ed5dbd9bb353eeddd023630af81fea51cd518
2023-04-01 21:29:48,True,0.4735,0.001503,11.9257,0.0179,0x52...2d92,https://bscscan.com/tx/0x9e59fcbc20ed2a54bac872612e7369e260d69a59dc09a7b4d503184fffb9029b
2023-04-01 21:26:24,True,0.4711,0.001503,135.732,0.204,0x0e...2f4c,https://bscscan.com/tx/0x20f77f2896d16ba11bd299efce9963b7f3b461a5f7cdc368d469efb73fcaac2d
2023-04-01 21:23:54,True,0.471,0.001503,2328.69,3.5,0x8b...88f6,https://bscscan.com/tx/0x049e14095f9793561d223ebe044900e1c83d4f1e5f2669dcd295de80f31ff1ee
2023-04-01 21:23:54,True,0.471,0.001502,1155.8,1.73691,0x00...78d2,https://bscscan.com/tx/0x72ff9d7f4563db2c37760dc50da6f652f8100de3c4aca7c8cd9befd581b4370d
2023-04-01 21:23:30,True,0.4732,0.001502,7110.82,10.6825,0x98...5cc4,https://bscscan.com/tx/0x08bfe91959084ba3f1db40aec47f42e783bf1e5e256d06296e0ae9209810f0a3
2023-04-01 21:23:30,False,0.4707,0.001494,3.44677,0.0051,0x73...e78f,https://bscscan.com/tx/0x53be759d441c7f7972c73471700c6feba1b1b8350a169123e8c884faabe2353c
2023-04-01 21:17:51,False,0.4707,0.001494,80.9137,0.1209,0xc1...f415,https://bscscan.com/tx/0xaf78e916a0c36ecf694c6f9682a91a4c855393e82519fbf322ce57d455545909
2023-04-01 21:17:21,False,0.4683,0.001494,7.0,0.0104,0xc1...f415,https://bscscan.com/tx/0x88ce27175f50de335503b76013efbfb4b45862a7b331e2c63cbe799d910ed1c6
2023-04-01 21:06:13,False,0.4706,0.001494,19.8752,0.0297,0x8a...a9d0,https://bscscan.com/tx/0x59127cf8783c8a5834c72c16b68d647f8bd5186bcf19e4e981e2e866161356f0
2023-04-01 20:58:17,True,0.4705,0.001501,76.0303,0.1141,0x2c...c9c5,https://bscscan.com/tx/0x85b84144ea00146847045cd7abef03f855d2ae3c0e47ff7bc09a8c193374b44d
2023-04-01 20:47:50,False,0.4705,0.001494,5.31952,0.0079,0x0d...230a,https://bscscan.com/tx/0xfe8ec91a55aad849f370a57e70c3b32525a76422d7359ac300eb0e61129d7164
2023-04-01 20:46:32,False,0.4705,0.001494,100.0,0.1494,0xf3...2a9c,https://bscscan.com/tx/0xf2504e02718fad07e0380e7e1cbb076198f12bbcd5573c6f6cd73bdf37ad0b23
2023-04-01 20:41:57,True,0.4728,0.001501,35.0,0.0525,0xbb...e7d1,https://bscscan.com/tx/0x2541aae5fb7e7472d8d47f2b3285bd622ddf9655aed9f5cde845d7af0f6d6f4e
2023-04-01 20:34:39,False,0.4704,0.001494,5.0,0.0074,0xc1...f415,https://bscscan.com/tx/0xbd2424aaecbebd8f0a0b7b651c8f99fd56030607c32f98bb21e62ead3e0d77d2
2023-04-01 20:16:37,False,0.4706,0.001494,1080.0,1.61399,0xb8...7e50,https://bscscan.com/tx/0xe7861041144c91c1722a6d50ad1d29b41843f7a3bc9db6e013f486b96e8c2257
2023-04-01 20:06:29,False,0.4705,0.001494,6.96919,0.0104,0x98...b446,https://bscscan.com/tx/0x1c3980ceea32a13263094fadb26994de63e328b761550ac253d3d0605f23c798
2023-04-01 20:00:29,False,0.4705,0.001494,42.0,0.0627,0xb4...ff24,https://bscscan.com/tx/0x63f8ac347ba419e844ada90c19b94ae06fbe416bb42b9ac928c361f570835f4a
2023-04-01 19:59:47,True,0.4729,0.001502,60.0,0.0901,0x52...2d92,https://bscscan.com/tx/0x7d11662df464479dcc092861292d6385728f1fa2800eb7382b750df80bf5b523
2023-04-01 19:56:17,False,0.4704,0.001494,10.0,0.0149,0xb4...ff24,https://bscscan.com/tx/0x250ad9e77e0559fdfecc30763b6ae66ba68f3408b74580c7c83437d5753ad60a
2023-04-01 19:48:47,False,0.4701,0.001494,3.0,0.0044,0x0f...68a3,https://bscscan.com/tx/0x20b57a829fd51c07d1eca8061c42e034e2c2f18ad20ff5e16b4303c934f29b46
2023-04-01 19:47:14,True,0.4729,0.001502,60.7577,0.0912,0xc9...8272,https://bscscan.com/tx/0xf3a54eac584de0197db030634593a4133784fe982d2bdae3e5b579f95854b26a
2023-04-01 19:42:02,True,0.4729,0.001502,118.861,0.1785,0x5e...21c2,https://bscscan.com/tx/0x6d80b61515b7974d5de5397f8c2f5a8f68945383bb8a81ba58c864399cee592e
2023-04-01 19:19:26,True,0.4725,0.001502,30.0,0.045,0x51...c856,https://bscscan.com/tx/0x947b2be1318a71ad8d86a3fe5426005015af2d5224886298e4e21b46499329f0
2023-04-01 19:13:44,True,0.4727,0.001502,99.5423,0.1495,0xff...aa11,https://bscscan.com/tx/0xf23a0a0849ba6845dd525e06a0ce0daf8aef2d5574875f091c883d50cc76ecb9
2023-04-01 19:12:02,False,0.4675,0.001493,80.0,0.1195,0xd0...bedf,https://bscscan.com/tx/0xf1dafc2fdf7fa02b1fb8d15fef7d5f76cf83110e764651bacfbc06ac2f4c91fa
2023-04-01 19:10:59,False,0.4677,0.001494,24.3242,0.0363,0x3a...281f,https://bscscan.com/tx/0x84b524e92a9e59c14f0b2e47848c000883c202c51c7f39501fc1596fa0b1f720
2023-04-01 19:08:44,True,0.47,0.001502,242.337,0.3639,0x35...aca7,https://bscscan.com/tx/0x815fe11db2b1d550567537bc651cf0c69e3e207db58fb034de43b42cb320879a
2023-04-01 19:07:59,True,0.4723,0.001501,12.0,0.018,0x52...2d92,https://bscscan.com/tx/0xf2c0962a0bbdf8909da996ba019f42c510882793061157702a8994cd15f8e4d5
2023-04-01 19:00:20,True,0.4722,0.001501,0.0286,4.297e-06,0x8b...6566,https://bscscan.com/tx/0xbb5352593694c83304778a4c754568c70726ed39a08010500eb4775d8c415330
2023-04-01 18:46:14,True,0.4732,0.001501,52.4917,0.0788,0x1f...e079,https://bscscan.com/tx/0x9305ca4dbc59c5a57b428552df5242a46ebe1bf495f3900d02b7a670dc623e54
2023-04-01 18:42:23,True,0.4732,0.001502,20.8986,0.0314,0x99...68e5,https://bscscan.com/tx/0x15b526622527555079352f90e2286a12ffa099fee34f708c37e4e0102f198031
2023-04-01 18:40:56,False,0.4683,0.001494,61.3241,0.0916,0x00...8e06,https://bscscan.com/tx/0x2189769103e1394e591fcf3be6c837b785b660f965d89c1ca7fc2f3317e68370
2023-04-01 18:32:38,True,0.4724,0.001501,89.1135,0.1338,0x1d...8426,https://bscscan.com/tx/0x0665bfd4edcf80e1bc1f3cb145907ed79b4cc6595b658b032b946bd7af10885e
2023-04-01 18:30:32,True,0.4723,0.001501,56.4598,0.0848,0x06...e61c,https://bscscan.com/tx/0x145ca0b8d033e0127c9296a15cc334f3240a2cdac288ce885ea4bbc1aa27b3af
2023-04-01 18:20:05,False,0.4699,0.001494,100.0,0.1494,0x93...3dfb,https://bscscan.com/tx/0x36360f74b8cdcb020a0496bdc6c3e497d337a4a1a16fd02e25d73dae439acf83
2023-04-01 18:17:50,True,0.4699,0.001501,1873.78,2.81409,0xda...c952,https://bscscan.com/tx/0x63f0951fbbc7c36d419f72ad8d879063730271532976c808193b18560073e37d
2023-04-01 18:17:08,False,0.4696,0.001493,38.1789,0.057,0x7e...6dfb,https://bscscan.com/tx/0xef1fed3e132aa7d5d4c059d0b5a8b4da975926dd20b9a243a61fe2cb4f629500
2023-04-01 18:15:53,True,0.4722,0.001501,931.044,1.39811,0xed...4f31,https://bscscan.com/tx/0x0574e2a336eac7bbd203a2cab92b0c8ad125de1ad5546efd6798f09e78cf970a
2023-04-01 18:07:00,True,0.4721,0.001501,3444.06,5.17091,0xda...c952,https://bscscan.com/tx/0x90bdb15785eadd4995fe103ee1ad1a347182940d30a0f6107e197902f9d9c923
2023-04-01 18:06:51,True,0.472,0.001501,3997.45,6.0,0x0c...8533,https://bscscan.com/tx/0xd90ae0c814fa410655f659794880f36a6e6c48546fd999acf3374696b2607f89
2023-04-01 18:06:51,True,0.4718,0.0015,3998.73,6.0,0x91...79fe,https://bscscan.com/tx/0x71311c284706836b3708fe8c6692f5a0991c5ed9eec09fb7468628b3935d10c9
2023-04-01 18:06:42,True,0.4717,0.0015,2333.18,3.5,0x52...1c7e,https://bscscan.com/tx/0x9142d024a166ebf22ed68ff7e165792a24c0f88d21b665d1ed280cf76cf1aa34
2023-04-01 18:06:42,True,0.4716,0.001499,2333.61,3.5,0x2f...e155,https://bscscan.com/tx/0x9c8b309e92e923bf7904df29f9871307b65cc6447ba019ba0f4b95e1d07457d5
2023-04-01 18:06:15,True,0.4715,0.001499,2334.05,3.5,0x52...1c7e,https://bscscan.com/tx/0x07a8745b20335de9d74caa233986228e430dc14598f11a033064a58851cf22ea
2023-04-01 18:06:15,True,0.4714,0.001499,2334.48,3.5,0x2f...e155,https://bscscan.com/tx/0xfd0abee0071b4310c8e0a044199cb668471d81a8faccbde41c9babed1cd85147
2023-04-01 18:06:15,True,0.4713,0.001498,3681.5,5.51821,0x00...78d2,https://bscscan.com/tx/0xb3aeb12dc1bb5b40800e8c25ae4c5b1b7668d033b64ea6428965ae20bc0c65c7
2023-04-01 18:04:39,True,0.4712,0.001498,2335.6,3.5,0xda...c952,https://bscscan.com/tx/0x281e17dbf42aa1758d222beb0537a38951e877e9a0f6446fd1198a4d6532c9b7
2023-04-01 18:04:30,True,0.4688,0.001498,2336.03,3.5,0x0c...8533,https://bscscan.com/tx/0xb63afa94243fb95747cf4fd97f8b3337cc671c03e0aded8626ca17c7f34d46b8
2023-04-01 18:02:15,True,0.4696,0.001498,417.505,0.6254,0xd3...ec6f,https://bscscan.com/tx/0xbd7bb2d939b06168c140cc6643768f3eaa7a788819af4bc7345474b4d38e4bbc
2023-04-01 17:57:57,False,0.4673,0.00149,64.1242,0.0955,0x1d...7c32,https://bscscan.com/tx/0xbc1b67475636c1d45198bc67ad4ad3e2d332678abf0cc1f177765c81db27deea
2023-04-01 17:54:00,False,0.4674,0.00149,1200.0,1.78881,0xc6...3786,https://bscscan.com/tx/0xc369838b1d58c63a13770daa4b7e479b55d0da7ca9b618029d31cb04164e7353
2023-04-01 17:38:36,False,0.4674,0.00149,890.687,1.32783,0x57...4a0f,https://bscscan.com/tx/0x0a841b533c3afce6824e21f138e5a81b172ab46cd9fc87af898f65b8e78de9ec
2023-04-01 17:26:32,False,0.4671,0.00149,10.344,0.0154,0x62...7cce,https://bscscan.com/tx/0x17a8dd8f182aa5a3763b88638aec42ba5fc806693ce6da241d68a04061fe957a
2023-04-01 17:23:14,False,0.4694,0.00149,50.4431,0.0752,0xbb...4e9e,https://bscscan.com/tx/0x0a8acdf708a2f11afbf9e0404da3f89643835094db1d007bb8d295752b5f314c
2023-04-01 17:12:26,False,0.4668,0.00149,14.9547,0.0223,0x5c...be56,https://bscscan.com/tx/0x84c32c3b7f47f5d97a58449bc126932e787dd33eb3413e68a3ca9ddb849be082
2023-04-01 17:11:20,False,0.4691,0.00149,3.91044,0.0058,0xc9...2213,https://bscscan.com/tx/0xe16717ce62e322cc90c58dca8765c0b41245e30eef034877f785af579cb06632
2023-04-01 17:10:32,False,0.4667,0.00149,21.3865,0.0318,0xef...6adb,https://bscscan.com/tx/0x5401808c0caf94e3a7d121510d94c23761a1d274de7ae8c98f4e43f6ef9b2068
2023-04-01 17:07:14,True,0.4689,0.001498,96.7738,0.145,0x3e...87ba,https://bscscan.com/tx/0x5f4e0d3b622f56c1ef33ca49f6d96e739afac2fd6939e734570bf7ad99ec63aa
2023-04-01 17:02:32,False,0.4687,0.001491,7110.82,10.6042,0xfc...535e,https://bscscan.com/tx/0xe68d0dd771a7ef99f41d9af036074ddf4bce9ab6c961876ca1e1f7fa08b15731
2023-04-01 17:02:29,False,0.4689,0.001491,419.292,0.6254,0xd3...ec6f,https://bscscan.com/tx/0xec22d4795715249a4e1e468eba6528c4769609ea908d1bdb488968b816e87f3d
2023-04-01 17:02:29,False,0.469,0.001492,5324.91,7.94509,0x8d...1b76,https://bscscan.com/tx/0xc663c530bceeb3c10d73050eb55b56c4fe69f405830a5f719a4b644997bacc0c
2023-04-01 17:00:29,False,0.4693,0.001492,14.4687,0.0215,0x90...b070,https://bscscan.com/tx/0x3bdb4614b9f2b024e700aa6863f931e35e3b69f01d0693d7d65ce636a8087e8b
2023-04-01 16:55:44,False,0.4699,0.001492,38.64,0.0576,0x05...ebd4,https://bscscan.com/tx/0x7cac8dbde2b4fc59c9d05a55189e8fbe56073686bdfb321045cbc63a45030d85
2023-04-01 16:52:41,False,0.4701,0.001492,262.0,0.391,0x61...db6f,https://bscscan.com/tx/0x42ad28526cce3f96ff9a4d5c2bd83c24076f4a95de75caa5fafb7585a626c39d
2023-04-01 16:48:11,True,0.4724,0.001499,30.0,0.045,0xef...6adb,https://bscscan.com/tx/0xaa505574f08cdd99fe3adf7eda75f8442e8fe047d426f5e99d2bc1767dfa16be
2023-04-01 16:42:59,False,0.4679,0.001493,11383.4,16.9964,0x0c...8533,https://bscscan.com/tx/0xee1c6e7a8a7f43441b76db793165ae65601fe61a3ccebf4be58fd2783ff0fff6
2023-04-01 16:42:59,False,0.4683,0.001494,7928.67,11.8473,0xda...6e1f,https://bscscan.com/tx/0x4ca12946b42a70f3e361d83ca01fc00ea7a2f119a49124b49e4805a05acda673
2023-04-01 16:42:23,False,0.4686,0.001495,9772.79,14.6131,0xda...c952,https://bscscan.com/tx/0x8ed9f6606a13c25c61fbc19c90cef7a2225bb82aefa4af682889cba9f247ab75
2023-04-01 16:42:23,False,0.4689,0.001496,5982.39,8.95098,0xed...4f31,https://bscscan.com/tx/0x0592e7612eb3b803aee298e8cc1ef8d1672f3cab541866c131c994252290a1b9
2023-04-01 16:42:20,False,0.4691,0.001496,1824.25,2.73032,0xda...6e1f,https://bscscan.com/tx/0x6b51c6752b12f01cad4263ee5f729f2ad06f5fc18980f2d0a7e586f14063c302
2023-04-01 16:39:32,False,0.4692,0.001496,553.215,0.828,0xc4...de76,https://bscscan.com/tx/0x3e7e1c8414f2b388a68169feb0aa6e8162ba9d51f3a7a5e93f0e2d70289d5a29
2023-04-01 16:36:59,False,0.4693,0.001496,26.0,0.0389,0x16...e9fc,https://bscscan.com/tx/0x963c5dc02b1c715af4760157ea2d0886cc204e16907ece85d6d5654ec5ec0103
2023-04-01 16:34:38,True,0.4719,0.001505,98.0982,0.1476,0x3e...7b50,https://bscscan.com/tx/0xfc68add0570ed00e6f6130c3eb5a2847dc2fe90d87caa5d69d3eb953aa312c26
2023-04-01 16:28:50,False,0.4717,0.001496,21.6858,0.0324,0x20...915d,https://bscscan.com/tx/0x2ecf3e495dbdb1df900bd96107b1ce1d4038917f858d3e1f6998bb0cd170eb3e
2023-04-01 16:28:20,True,0.4717,0.001504,10.0,0.015,0xcb...f9f4,https://bscscan.com/tx/0x9abf370f4cc3c5dfe4adeb780d7038ba177691bd12f98cde533f0b0b15427061
2023-04-01 16:28:17,True,0.4719,0.001505,140.169,0.2109,0x88...b865,https://bscscan.com/tx/0x327ee07f0784bfa830a7f5f02c5726dc025f0ff1d69285c8e47e511303f16f47
2023-04-01 16:21:20,True,0.4741,0.001504,12.4991,0.0188,0x0c...dae2,https://bscscan.com/tx/0x28127379d331c0a4fe384ca00b17f4389db446628ae1639865bbd0136605a4c5
2023-04-01 16:09:26,True,0.4739,0.001504,1500.0,2.25639,0x42...859c,https://bscscan.com/tx/0xc5b862686778f4c3e43a7d1a2c16dd292f7a23fa5758dd6275a6c4e9981bc6d4
2023-04-01 16:00:11,False,0.4715,0.001496,53.8952,0.0806,0xbe...02a6,https://bscscan.com/tx/0x3941cd7f623a6f770ea66089204b008d3c731c689ae0cefd4c0276a4e31cdca0
2023-04-01 15:50:53,True,0.4714,0.001504,120.051,0.1805,0x15...a42e,https://bscscan.com/tx/0x281ffd2e74373bca9d03708dd34ec3a745212df0d287c1606de024316a27cefe
2023-04-01 15:48:41,False,0.4714,0.001496,237.806,0.3559,0x3b...cbad,https://bscscan.com/tx/0x4de42e0407aa1d2a7d899971e18a44fa9dcabbc1343e17df89b399a3a47bb999
2023-04-01 15:46:59,True,0.4738,0.001504,105.303,0.1583,0xec...9221,https://bscscan.com/tx/0x3d338c8098fa9ce78130fbf494d2db458475d782848dee180f61e2877d04019d
2023-04-01 15:42:08,True,0.4744,0.001504,390.227,0.5872,0x09...d63b,https://bscscan.com/tx/0x0a8c0d743283f3c08655e648a65d9a875855d66a9f5d69a7664004fee74d9ac0
2023-04-01 15:40:47,False,0.4718,0.001496,29.1167,0.0435,0xf0...0f35,https://bscscan.com/tx/0x4ffc1173633efdc84991a68f1464f9fc2dd8e2e89e6e54f558fb52fdadde798a
2023-04-01 15:31:47,False,0.4694,0.001496,306.647,0.4589,0x9a...c2aa,https://bscscan.com/tx/0xe609898c135ac082a223bbcf91a2f6200faee9573e6719912630d4357a317371
2023-04-01 15:29:11,True,0.4718,0.001504,3.0,0.0045,0xbe...01bf,https://bscscan.com/tx/0x4932a3cb62b45eda67e8594b136ec9c4646c0cc26597736bb9e689d8c3ce01d9
2023-04-01 15:28:20,False,0.4718,0.001496,2.68992,0.004,0x80...3e8b,https://bscscan.com/tx/0xc4acf769c2a6189d1353b6c15aa3f117469214bb6e22031afc82958d5b207eaf
2023-04-01 15:25:26,True,0.472,0.001504,8.35556,0.0125,0xde...367a,https://bscscan.com/tx/0x5837b96929ffc4a231aa2e9e9192ba5d092d5fd220cae914c0c8a5b73df694b5
2023-04-01 15:25:11,True,0.4718,0.001504,3.0,0.0045,0x7d...5e04,https://bscscan.com/tx/0xba3cdb3f05222f0af06cd160d4189699cf5ec02d4bfaf62ddfe8293d1c531897
2023-04-01 15:22:32,False,0.4718,0.001496,132.594,0.1984,0xc6...3786,https://bscscan.com/tx/0x2b63ec720b7db30e210f4af3fae949dceeb8105b096b6a25c70f0dd58bdd07e9
2023-04-01 15:21:38,True,0.4742,0.001504,16.0,0.024,0x91...016c,https://bscscan.com/tx/0x2deeb8cd389c1ee4971bd49c85198d06ba9f472258d7b8b91d1421d0d329753e
2023-04-01 15:17:47,False,0.4717,0.001495,17.0,0.0254,0xe7...eddf,https://bscscan.com/tx/0xd184b2517fa41ea98286655df3993fad3435cef54038d2de364c9c063df5350a
2023-04-01 15:13:44,False,0.4721,0.001496,511.403,0.7654,0xe1...14bd,https://bscscan.com/tx/0x423ca6c01dba15c3bf8aa5e2253ecb21f1d40f2911ebe68cfcd9d913f5b9d9c3
2023-04-01 15:12:50,False,0.4719,0.001496,1320.54,1.97659,0xba...ed05,https://bscscan.com/tx/0x4e61b8763b328e41ed740d824ebfb9cfa7bf82bdc256efa0c8b721ff80186325
2023-04-01 15:08:06,True,0.4741,0.001504,562.669,0.8464,0x35...aca7,https://bscscan.com/tx/0xa9750cc2e0c617ec04170fd05379e0effba3f97582e37d6df80b7ae27f4d5d53
2023-04-01 15:07:45,False,0.4693,0.001496,77.4708,0.1159,0x2a...dc7e,https://bscscan.com/tx/0x82aa610400eb6fa4294534363cc82ce9919c525175b45102783f8d882f6fc872
2023-04-01 15:07:39,True,0.4717,0.001504,50.5626,0.076,0x80...12c7,https://bscscan.com/tx/0x620ba8874e441c973f7af3e811b3798a0f034066b991dcd97b94886a8c1ee405
2023-04-01 15:05:33,False,0.4693,0.001496,34.0,0.0508,0x3d...3d57,https://bscscan.com/tx/0x676b4e9bd4d18cf29bacdf59d2a2933dc64b0e49b0b0d53404669b2df7e98b3d
2023-04-01 15:00:51,False,0.4692,0.001496,832.305,1.24586,0xc5...775c,https://bscscan.com/tx/0x57bf4898a7da410b5257b6be692f7eadd98ffc8f0859622b7590fcad24423baf
2023-04-01 14:57:51,True,0.4721,0.001504,550.397,0.828,0x0c...a243,https://bscscan.com/tx/0x7a283cea90d651d8c8f015f3c6b71f6d546f2748b5d6749149557741993dcce3
2023-04-01 14:55:57,True,0.4746,0.001504,47.9075,0.072,0x55...65cb,https://bscscan.com/tx/0x6851eaceaa142fe3ed9b4824977a8a1d4c45c8a1c01f340e94f4560995ef75d0
2023-04-01 14:46:51,False,0.4702,0.001496,420.0,0.6286,0x3c...4da0,https://bscscan.com/tx/0x49155bb1aa50431ea317391abd47988346a2a08d97f2d67c3c1ef22ca0b3e2a0
2023-04-01 14:46:03,True,0.4749,0.001504,17.4267,0.0262,0xc9...8272,https://bscscan.com/tx/0xa8d595520c3ada0b9e513add4d81861836fa3e18086d1a4296b34907569cf6c5
2023-04-01 14:45:39,False,0.4702,0.001496,64.7982,0.097,0x3c...094f,https://bscscan.com/tx/0x11b6cc96e7249060dd20c57d1f0ae66f162d0b1ef6b602e9ad9a0007763eface
2023-04-01 14:40:01,False,0.4723,0.001496,9.42586,0.0141,0x9f...d128,https://bscscan.com/tx/0x914686bc8b0ae8edf8bc9f041cab4ea7effd931dce1f55f842cfacda5d3233ba
2023-04-01 14:34:42,False,0.4722,0.001496,120.926,0.181,0xb2...6c8d,https://bscscan.com/tx/0x7a5cdfd44be34dea7e664aafd7486af7d18723d266d76244031b92bf0224f661
2023-04-01 14:34:18,False,0.4722,0.001496,73.4836,0.11,0xb2...6c8d,https://bscscan.com/tx/0x72c46627c31c660b58fed81f6a1a18ffa66ae95bf6eb8889bb97983453145eba
2023-04-01 14:33:54,False,0.4722,0.001496,16.2698,0.0243,0x4e...bbf7,https://bscscan.com/tx/0xcfe8b986e1dd8fb38ea5b593e4b6a38225abb5c463993b2cfb92cb932450425f
2023-04-01 14:29:43,False,0.472,0.001496,2.4008,0.0035,0x58...4421,https://bscscan.com/tx/0x16d95d95ba3a41b418e5abce58edd3853a994b836f506b002dfd30dc27bd4d7e
2023-04-01 14:25:34,False,0.472,0.001497,230.0,0.3443,0x13...c6c7,https://bscscan.com/tx/0x9164f22edbf711d66c5c08c198286e721f550a3f1d70cc2c2ce51552cb3607d9
2023-04-01 14:22:34,True,0.4743,0.001504,857.443,1.28996,0x2f...e155,https://bscscan.com/tx/0x765856ba8b79ebb51b7d613e01d2525f50255b1e3d5be0a2f3f766a80b6cde27
2023-04-01 14:18:59,False,0.4719,0.001496,53.8051,0.0805,0x08...c0af,https://bscscan.com/tx/0x30e7fbaffe0b6930a779c7120baafb943654dc0b3d47c81f65e4a34810121c38
2023-04-01 14:15:53,True,0.4717,0.001504,2326.75,3.5,0x0c...8533,https://bscscan.com/tx/0x3df3d50ddad91dc07b82605ea37f8ad32143dfc801035cbe6d76d72f12149d21
2023-04-01 14:14:11,True,0.4713,0.001504,2327.18,3.5,0x2f...e155,https://bscscan.com/tx/0xeb0ce7c70f5fea9b2126fe891be9e0826e700fde68747e68762a7a798539b840
2023-04-01 14:10:59,False,0.4691,0.001495,10.0,0.0149,0x5e...1cfc,https://bscscan.com/tx/0x6457e601cb25f48bd6e8b940b93cb9d040e235593adbea62b5fd09bdf2e8070c
2023-04-01 14:08:16,True,0.474,0.001503,2327.61,3.5,0xda...c952,https://bscscan.com/tx/0x0820333f6d9e7e4b6198b69da488c8903c12dad25ec4849605ba9b849c9efd8b
2023-04-01 14:07:08,True,0.4741,0.001503,2328.05,3.5,0x2f...e155,https://bscscan.com/tx/0xd24fedd12d46ce675636e8b28cd56e1cb2ecee238472a51144c1eec300f2e7ae
2023-04-01 14:07:08,True,0.474,0.001503,2328.48,3.5,0x91...79fe,https://bscscan.com/tx/0xbfb0e3cc0f3be76483d6981267853ae346accd2987ff2e801b8355513a38449d
2023-04-01 14:07:08,True,0.4738,0.001502,4232.13,6.35976,0x00...78d2,https://bscscan.com/tx/0x234e191467ffee7709e68d93fc323a0aba8a56a9bb9a5dd7018c4f6d59f70c6b
2023-04-01 14:03:38,True,0.4737,0.001502,2329.7,3.5,0xda...c952,https://bscscan.com/tx/0xd5a1506b830848b2fa696ebc29b2dff3b443ff2ee25ddef7e22600deab54f83c
2023-04-01 14:01:56,False,0.4715,0.001494,1710.9,2.55746,0x74...d74d,https://bscscan.com/tx/0x54d330400668463bb576d717d759112f419837ef539200986659919d076e3441
2023-04-01 14:01:53,True,0.4739,0.001502,869.6,1.30645,0x67...b7c1,https://bscscan.com/tx/0x8c12d2ea1d6e668346014c221ab6fc9e2497d38abd0b709cd59e4d017c3178b8
2023-04-01 14:01:50,True,0.4738,0.001502,3994.51,6.0,0x0c...8533,https://bscscan.com/tx/0xf2cf8041d4f971f64f8236a71b73a12adc077b6807433d33e142028338400625
2023-04-01 14:01:50,True,0.4737,0.001501,2330.72,3.5,0xda...6e1f,https://bscscan.com/tx/0x5d79c8a2a0c0d34e6f11d06b5fc9914981ab67979be575eec9eb0923f7675486
2023-04-01 14:01:50,True,0.4736,0.001501,718.5,1.07883,0x00...78d2,https://bscscan.com/tx/0xa140c1dfb50b319f0896cabab02654d37daad88510350906240d628e841c5727
2023-04-01 14:00:20,True,0.4737,0.001501,1410.6,2.11784,0x56...0086,https://bscscan.com/tx/0xafcc850392c373c658f4de8d2693fb77d64c0e746a0eacd4270589f0187f2fa3
2023-04-01 14:00:17,True,0.4736,0.001501,2331.54,3.5,0x91...79fe,https://bscscan.com/tx/0xe93f1967eca7a3ad56122f15f87c7cf9766f9166763f463a1c979c1e18f362a8
2023-04-01 14:00:17,True,0.4736,0.0015,2331.98,3.5,0x0c...8533,https://bscscan.com/tx/0xf0bee88921eaa281821773d583de8411b150f7ff51b1ffca86c6ecd33c0b4c0d
2023-04-01 14:00:17,True,0.4734,0.0015,3239.93,4.86164,0x00...78d2,https://bscscan.com/tx/0xe715544c641566c6c4920c73d9808fa0c60bda448a354fe5c34e706c7123fd2e
2023-04-01 13:54:11,True,0.4709,0.0015,42.279,0.0634,0xb4...fdfe,https://bscscan.com/tx/0x900291bd33adca1ed56a0e74a483d900c49ae9f66d042eb089ac4717a04fdead
2023-04-01 13:46:20,False,0.4688,0.001492,32.0206,0.0478,0xbd...b64e,https://bscscan.com/tx/0xde80d0b40ff6b1e798eabe99acc61a98a580292b83febdcacfed518bddbb1bc0
2023-04-01 13:45:23,True,0.4712,0.0015,2333.02,3.5,0x0c...8533,https://bscscan.com/tx/0x1979414d3e7e03d311f28f7f1be8478aa0cbbc683378e6c0ed4ef870ce227531
2023-04-01 13:45:23,True,0.471,0.001499,3308.1,4.96171,0xe3...d2ff,https://bscscan.com/tx/0x244b60e4137c8f09cc64aa58168ce3837191ffbacb999d89a42dc34171535b9a
2023-04-01 13:26:01,False,0.4706,0.001492,5.0,0.0074,0x4d...3b5c,https://bscscan.com/tx/0x3c0338cd142f979cfc434787d647c2d9f11ead2c1bf2b2eb7ccb5e5e2b0ca924
2023-04-01 13:20:31,True,0.4708,0.0015,96.4549,0.1447,0xc9...3b94,https://bscscan.com/tx/0x9c5d93b57b8c0afa680fe2603946cb60523b3dbf17832031c04d0862d2d04761
2023-04-01 13:19:12,True,0.473,0.001499,30.0,0.0449,0xeb...0060,https://bscscan.com/tx/0xcfc4354598c0ee234c8dc5fea93a6e03c7bde22127b1f5a69c3a23a4a2e5588b
2023-04-01 13:12:30,True,0.4726,0.001499,346.751,0.52,0x63...4ca8,https://bscscan.com/tx/0x9454a6b9e84c9be8c21620fa2438778b6df578e023cb1952b8d980bb89eaddf2
2023-04-01 13:08:24,True,0.4702,0.001499,20.0,0.0299,0xeb...0060,https://bscscan.com/tx/0x27cfd8f12cb5290a0ad00e94921eebd21aa0d596e14f9d7c56f7a0c5f7f1e819
2023-04-01 13:06:22,False,0.4678,0.001492,227.632,0.3396,0x52...799a,https://bscscan.com/tx/0x7f13337fe1f8f58234913b2c76322624152250d526eb629d4f16aa0aeb13fd59
2023-04-01 13:03:46,True,0.4702,0.001499,566.816,0.85,0x83...fcd5,https://bscscan.com/tx/0x6bac973d8a4a9091cedf603d9dbdecc542dfc826bf70b2cba9ba484a85b5b9dd
2023-04-01 13:01:28,False,0.4678,0.001492,23.6743,0.0353,0x4b...ec45,https://bscscan.com/tx/0xdee4933399aab289f447d84fdab4119a534c66d64696f7759ef248b95184e693
2023-04-01 12:59:43,True,0.4701,0.001499,1001.5,1.50176,0x34...7c76,https://bscscan.com/tx/0x887fa22147e90d10da7dedc67754c31bdd00241b5edc0b200b22acbe9ffaf383
2023-04-01 12:59:28,True,0.4724,0.001499,738.081,1.10669,0xd3...ec6f,https://bscscan.com/tx/0xfd0e6e07fd6e5228d7513f980088ea45911216072fb2fcf10e00c36394747a85
2023-04-01 12:59:25,True,0.4724,0.001499,1001.5,1.50155,0xd3...ec6f,https://bscscan.com/tx/0x7b398f3f2264943c362abf468de43b380c79c8d9acadd779eccacf186646c85d
2023-04-01 12:59:22,True,0.4724,0.001499,931.8,1.39695,0xd3...ec6f,https://bscscan.com/tx/0xbf22fc35b7bba009d8040f8a530e6d3a45198d715b50293435b91c350dd57cb4
2023-04-01 12:58:16,True,0.47,0.001499,4.19845,0.0062,0xa7...08aa,https://bscscan.com/tx/0x992ee3fac4664e52e9722bb060d4be3abfef3c116af9abe9726fc493cf5c6675
2023-04-01 12:55:19,False,0.4707,0.001492,21163.1,31.5945,0x61...135e,https://bscscan.com/tx/0xc16f3313c122dd48955950c3e071625473b426c5d8be3c2eb9526fb8d2e92e0e
2023-04-01 12:54:58,False,0.4716,0.001495,21163.1,31.6477,0x61...135e,https://bscscan.com/tx/0x413024dd7d2e8b97a99fe5bb9e33c8e76865a4d2626c61e34a9cc3ec31cba5ee
2023-04-01 12:50:34,False,0.4696,0.001496,110.0,0.1646,0x1e...6575,https://bscscan.com/tx/0xea6524447b4fcbf9c03e5f336b50008021708fab807dad7d96358e6efc59a6c9
2023-04-01 12:50:25,False,0.4696,0.001496,625.484,0.9361,0x5f...7b48,https://bscscan.com/tx/0x144c9e77f6f0245c96844a0643ae47df55a498c3bdd67791dfd8e6b9026c6f6a
2023-04-01 12:50:04,False,0.4696,0.001496,106.74,0.1597,0xfe...61f8,https://bscscan.com/tx/0xe224387c2d985e656875b6299c7c3662d70057268d9400c9dc318edf274a4932
2023-04-01 12:49:43,False,0.4696,0.001496,1261.25,1.88791,0xec...c760,https://bscscan.com/tx/0x958ac18d541eedd99ac934160084430e61abc7b93b6e525ccc50a6bc3a99c72b
2023-04-01 12:48:40,False,0.4694,0.001496,15.0,0.0224,0x44...00f5,https://bscscan.com/tx/0x8a98402815de0f7a26a001dc2ae2ef96eeaca1e6bb6e9e53cbd6c0de0b62cd3f
2023-04-01 12:46:07,False,0.4697,0.001496,49.9131,0.0747,0x97...14c8,https://bscscan.com/tx/0xa48f254700e7c48168e3bd953452dcc57fc3ff9191651f776efe11cd354f3367
2023-04-01 12:43:04,False,0.4721,0.001497,250.21,0.3745,0x91...8e38,https://bscscan.com/tx/0xd5ad147d04b542ecbc584ec142659cf3ce18fee159944db6557a5b11909e9cfe
2023-04-01 12:37:09,False,0.472,0.001497,33.4009,0.05,0x4a...ac22,https://bscscan.com/tx/0xfc62968c81e770b46fdd8214ef521f1a3ac508fe3591a83a764224f71e18872e
2023-04-01 12:26:20,False,0.4713,0.001496,14.4851,0.0216,0xd9...0f7b,https://bscscan.com/tx/0x366f02e9e1cfa9075fd9d67399ed8cfe7e374c982d455471e711cb0d87df5d9f
2023-04-01 12:24:38,False,0.4715,0.001497,76.9768,0.1152,0x91...8e38,https://bscscan.com/tx/0x09c2df92666c0d0a3c23e40c3519e494d069944c86278caa60f69df704c04af1
2023-04-01 12:24:32,False,0.4712,0.001496,55.8343,0.0835,0x34...ed40,https://bscscan.com/tx/0x6435325ea24c6a9e43025b604bc9113a7ca3fe282002fd69a0cbb1bbbb0234f1
2023-04-01 12:12:06,True,0.4716,0.001505,105.06,0.1581,0xe5...7491,https://bscscan.com/tx/0xedc4e35178342c0b7f4b0806307f2e74d6859cd55f0e4f3ac36fdba8a25a4c50
2023-04-01 12:10:00,False,0.472,0.001497,39.7797,0.0595,0xe1...e877,https://bscscan.com/tx/0x29ac3b4a61d5c9bad8ed80d52fe27c5c29c26a13eb3abb35b9aad15b1558efcc
2023-04-01 12:07:06,True,0.4743,0.001504,1.08811,0.0016,0x5c...a03e,https://bscscan.com/tx/0x47cb9ffa73b45faa6085ff9e193c0bb6c83a6f449f182c0219b0723a69f125bc
2023-04-01 12:05:27,False,0.4697,0.001497,7.39832,0.011,0x36...daab,https://bscscan.com/tx/0x40e3c3f7bea90a39a102b9fa7803780e63b9ea0236598ad8e21b472eb7c7ab3d
2023-04-01 11:57:12,True,0.4744,0.001504,19.9403,0.03,0x16...20aa,https://bscscan.com/tx/0x24959339410b2e8aa1a76fc743f099bca68cb84b05a3a4c2b1ac3b93deb42205
2023-04-01 11:53:57,False,0.4697,0.001497,204.75,0.3065,0x04...a1f2,https://bscscan.com/tx/0xc7f0441d47245b3f707788da418985b0a544f2787bde6a8c3cd1b6e9e7a5f9ec
2023-04-01 11:51:48,False,0.4721,0.001497,39.0,0.0583,0x3d...3d57,https://bscscan.com/tx/0xf0547377a770a759525e8c336ae45f7194a0e511d04ea69741e0652e4e635b5f
