datetime,buy_order,price_USD,price_native,amount_token,total_native,maker,etherscan_url
2023-03-24 08:37:20,False,0.4902,0.001507,9.10098,0.0137,0xe7...8bc2,https://bscscan.com/tx/0xa977cc8947f18896c412616fede10806ac852e66ea396e7efe6ed0a3d41750de
2023-03-24 08:33:14,True,0.4953,0.001514,605.059,0.9165,0x70...8487,https://bscscan.com/tx/0x61ba0adf61a7a38e32a9d8604a7df2c3404ebe58bb0a8763d2f7304b7730693b
2023-03-24 08:24:29,False,0.4904,0.001507,170.985,0.2577,0xf7...3f4a,https://bscscan.com/tx/0xe10e279a7b7a6ee6258dbcbc5a69b3a62a199853d7ced409e5f20d58fb7fe634
2023-03-24 08:24:02,False,0.4928,0.001507,262.0,0.3949,0x01...b7e7,https://bscscan.com/tx/0x8975f506f92d454304a008523ccf63702c0c9acca7976cf8164050b5e719ff71
2023-03-24 08:20:23,True,0.493,0.001514,787.956,1.1936,0x62...1f10,https://bscscan.com/tx/0x31ff3a09fe6fbb6932d7e4dab9050032fde711e9c6d1e8cd4059c9dfb3b22eb8
2023-03-24 08:17:17,True,0.495,0.001514,605.049,0.9164,0x70...8487,https://bscscan.com/tx/0x823e224ec1d117c603b245abc69f88387800009b3c42ae069e4cd1d1ece6cce6
2023-03-24 08:16:38,True,0.495,0.001514,1308.2,1.98141,0x00...78d2,https://bscscan.com/tx/0xecd73e7c42bff3746ae785c0c68831a5d546d57251ff9208fdb256d09874c0e7
2023-03-24 08:16:14,False,0.4925,0.001507,58.4174,0.088,0x4d...bfea,https://bscscan.com/tx/0xe946daede0c26fe15c25097666d0d571c6f169f93359553403384367d2d92bf6
2023-03-24 08:15:08,False,0.49,0.001507,94.0,0.1416,0x02...f2c0,https://bscscan.com/tx/0xb454077ccf544757f91553b1ad41e562693aeeb8a18083b3d6ef5dadc7be78b5
2023-03-24 08:12:44,False,0.4923,0.001507,28.475,0.0429,0x41...c353,https://bscscan.com/tx/0xf3f78af1c05f530f4a5a13a4980353b46c6ae482cc4907bbe53d428b7c291816
2023-03-24 08:12:44,False,0.4921,0.001506,27.2253,0.041,0x27...c17e,https://bscscan.com/tx/0x3b674ef8a1989767a76582bbb1fa603bb72087c0a5505d73853a37b808e8e001
2023-03-24 08:07:32,False,0.4898,0.001507,51.0,0.0768,0x02...f2c0,https://bscscan.com/tx/0x62b7545aa41e3568e64ac8fbf28502deb90ac457a6aeac667a29e8647a75ece6
2023-03-24 08:04:41,False,0.4923,0.001507,18.8701,0.0284,0xfa...537b,https://bscscan.com/tx/0x0fd337c2ae7a4356899f413f80d1acada85105aee380ad6502415073f7192a45
2023-03-24 08:01:11,True,0.495,0.001514,605.356,0.9168,0x70...8487,https://bscscan.com/tx/0x8a77919e24095ad9e2550d42424671d0524aacd40198bf16ac4eb929cf9a2912
2023-03-24 07:54:08,True,0.4926,0.001514,54.4536,0.0824,0x83...8a99,https://bscscan.com/tx/0xc5ff10613b0c99d5aba64c57ad14a33a40facd73fe32662f0e84bb6bed4f76d7
2023-03-24 07:46:11,True,0.4926,0.001514,604.891,0.916,0x70...8487,https://bscscan.com/tx/0x001f7471fc75d3a7808b1173d5734873a5781926f05003d2e8a1d4a1002e275b
2023-03-24 07:38:45,True,0.4951,0.001514,0.6603,0.001,0x7c...e01f,https://bscscan.com/tx/0xac2b037674a4b3867ea80e1dcf3ccf5b7e674d31de474aaa5a4c453e82498af4
2023-03-24 07:30:50,False,0.4921,0.001506,7.8,0.0117,0x58...7d50,https://bscscan.com/tx/0x15af47bb6b42223ec71a62d0b7e316d1a9b3df01c2d1000ecccf6e9686319305
2023-03-24 07:30:14,True,0.4946,0.001514,604.519,0.9154,0x70...8487,https://bscscan.com/tx/0xb502c9e504cae15a1a82daf85b018cf7a0b79be3bb982a6ae124d41c615bca1f
2023-03-24 07:23:20,False,0.4897,0.001506,10.0,0.015,0xf8...b9d0,https://bscscan.com/tx/0xbe16b47eb15afdc6747b362b61137a5b0348d82498c48095cc85179e4dade798
2023-03-24 07:21:41,False,0.4897,0.001506,617.137,0.9299,0x58...9a03,https://bscscan.com/tx/0x48460743288d8d07c3a116d1facc1561e598144f746cfc95bffccf682f0b0090
2023-03-24 07:19:47,False,0.4919,0.001506,33.2087,0.05,0x07...6945,https://bscscan.com/tx/0xd39706f5d7a34385a6177db35822bf97f447ed537f0eb8cdf04ae3b4524b4e9f
2023-03-24 07:14:17,True,0.4945,0.001514,604.25,0.915,0x70...8487,https://bscscan.com/tx/0xa54aa649948c46942272399e0ea42c5a5b3830495136b3b208dbfe75ae3f2166
2023-03-24 07:08:15,False,0.4912,0.001506,6.42756,0.0096,0x3c...cfd2,https://bscscan.com/tx/0x12ec4f423df3e60bdadb58e3ea6d9b49cfe963acd24c308e6e4db0d0f9dbf153
2023-03-24 07:05:36,False,0.4891,0.001506,50.0,0.0753,0x91...29a1,https://bscscan.com/tx/0x8ca4deaa7cff9fc09e7b65f003177c43b4ee0a839b26431d9ec80e0620176710
2023-03-24 07:04:45,True,0.494,0.001514,25.7156,0.0389,0x91...29a1,https://bscscan.com/tx/0x2d1b9ad99d2c1f638438c029c33929686f44f7742716ef90cda39683e18ccef2
2023-03-24 06:59:12,True,0.4962,0.001514,603.402,0.9137,0x70...8487,https://bscscan.com/tx/0xfef660829cd2bc6d2cf5e102fe19bc2e9cfab595b64f742eb805bd1804b89fbe
2023-03-24 06:52:42,True,0.4939,0.001514,78.9904,0.1196,0xfb...5fed,https://bscscan.com/tx/0x8ebc00b6ff77c0f89a605919a2f602a18a5ce4f081410cd86f1106b03b854c79
2023-03-24 06:49:09,True,0.4939,0.001514,600.0,0.9085,0x58...9a03,https://bscscan.com/tx/0x6a63f05818004e9ff3f3181265d3f85b822fd918a4e95421e0076dde23a29f1e
2023-03-24 06:48:24,False,0.4939,0.001506,48.7551,0.0734,0x02...f2c0,https://bscscan.com/tx/0x497da93a4e83d6d0ae6e784f964e05b823e7bebb2a3af3053688b738e53f43f3
2023-03-24 06:45:03,True,0.4964,0.001513,4000.0,6.05579,0x58...9a03,https://bscscan.com/tx/0x5d228d106bef23cbf30563abb83f7c66830d4a1f1bc4834d1acfabf4fad74a76
2023-03-24 06:44:15,False,0.4913,0.001506,84.1923,0.1268,0xdd...270b,https://bscscan.com/tx/0x078bbf72a754c3c0aaaa55e8613a11fa1f65b6fb5cd7059dc9e254e951508e47
2023-03-24 06:43:19,True,0.4963,0.001513,603.621,0.9136,0x70...8487,https://bscscan.com/tx/0xe22ee651ed3c7fbad548dba16f45540ff7ef28260908fd2daa044d6b49d6353f
2023-03-24 06:42:07,False,0.4913,0.001506,1050.0,1.58145,0xdb...7bb0,https://bscscan.com/tx/0x12462fa0ce36384ececd1245198663685a4f41ca661a0c5a56f86245f5b2a4c4
2023-03-24 06:35:52,False,0.4914,0.001506,40.0,0.0602,0x83...7419,https://bscscan.com/tx/0x55df2655b6cc177f22cb913c280b4c9eee8d1c1849d75f8e0d6643e582bacf7b
2023-03-24 06:35:10,True,0.4964,0.001513,1278.6,1.93541,0x00...78d2,https://bscscan.com/tx/0xc0710075240b91f9bcc412e7f1877855bde318b5117fda95519533be2865d0c6
2023-03-24 06:34:37,True,0.4963,0.001513,1681.09,2.54436,0x0c...8533,https://bscscan.com/tx/0xa25750d1030a7b51a476b2eb13685063ecab255f55534978f21e35aef60f2b66
2023-03-24 06:34:37,True,0.4963,0.001513,1355.3,2.05102,0x00...78d2,https://bscscan.com/tx/0x7cb5fc284bf209cf904476d5491f98ffd5a6a9963a562da6bdf488cfe7514173
2023-03-24 06:30:50,False,0.4911,0.001505,35.8491,0.0539,0xca...3bca,https://bscscan.com/tx/0x83e55fee276fe01c6e91fb5041003146838c18a0283e978d8894c8c1f8816133
2023-03-24 06:27:11,True,0.4936,0.001513,603.602,0.9133,0x70...8487,https://bscscan.com/tx/0x85ae277f0196fbdcb05df7fcb07cf69d544ff43986fc12e366d4ffb8654f7da9
2023-03-24 06:21:23,True,0.4961,0.001513,2.0,0.003,0x80...7982,https://bscscan.com/tx/0xc9037977a0d8b86bb35a657126b88e20bbafd290f4c25cad80f1c590514c78f8
2023-03-24 06:20:14,True,0.496,0.001513,759.1,1.14862,0x00...78d2,https://bscscan.com/tx/0xc8215c4266a400306244eaea62d9cab1ea93c55cfcef28567dd2de7f33a1554b
2023-03-24 06:18:26,True,0.496,0.001513,2201.1,3.33016,0x00...78d2,https://bscscan.com/tx/0x5cecd3fdce8cd38c1ee02343e17f792fe49cdd7506f89fb075d03934b87bf1ea
2023-03-24 06:16:32,True,0.4959,0.001512,1.0,0.0015,0xda...31b8,https://bscscan.com/tx/0xd18e38d9c6a63decc133401ba099ff25957b786c7d1cd56948aa130e1dfe1e34
2023-03-24 06:12:02,True,0.4935,0.001512,5.0,0.0075,0x82...b8f9,https://bscscan.com/tx/0x43592aad5ae2466b47809f3f2c99188cfbc36d170380c017b4359584d2d98fac
2023-03-24 06:11:11,True,0.4934,0.001512,603.752,0.9133,0x70...8487,https://bscscan.com/tx/0xa8bd2abbb5af31edd9ad264de3186f1610f908e77ed2cfe500d472d900480d6b
2023-03-24 06:08:44,True,0.4935,0.001512,4.0,0.006,0x2e...e9b5,https://bscscan.com/tx/0x073c27fa53fc4da8d3d9433a692e385486c5f853a4494f0a6f0aae0637d0e167
2023-03-24 06:06:14,False,0.491,0.001505,12.6792,0.019,0xb6...395f,https://bscscan.com/tx/0x43b2637bac6e762084a7ac5d4db6913bfe6726ace96467e87837df4a6590f01d
2023-03-24 06:06:05,True,0.4935,0.001512,5.0,0.0075,0x2c...f3c6,https://bscscan.com/tx/0xb39fa87442bab95083bb4004aa4d46b67e28fd5806006afe160a379b2afe3df1
2023-03-24 06:00:56,True,0.496,0.001512,1992.97,3.01463,0x62...1f10,https://bscscan.com/tx/0x3700cc54e824f286d4f355f1a1552ea69590acb72392a204d67bb2e6920c4b4b
2023-03-24 05:56:20,True,0.4965,0.001512,603.009,0.912,0x70...8487,https://bscscan.com/tx/0x247f20fa34ecb727b62170a2ead8fe5c26135bd5f3734a6dd47a9801203f6532
2023-03-24 05:49:38,True,0.4935,0.001512,9.24318,0.0139,0x8b...3857,https://bscscan.com/tx/0x0e42634d43076c0a236569a8e2dbf18428b31cba73a6ac53e965a8fbd6cd8d82
2023-03-24 05:43:29,False,0.491,0.001504,183.459,0.276,0xb6...395f,https://bscscan.com/tx/0xe87e816f005ee37b012fa6ef29edec6bc645ec6494dc88c698d2b06fda74cf7c
2023-03-24 05:43:11,False,0.491,0.001504,20.0,0.0301,0xb6...395f,https://bscscan.com/tx/0x085f546e8e1bf86311843a8e1442464112a1c1c724bacab9a536cf8504c88703
2023-03-24 05:40:20,True,0.496,0.001512,602.984,0.9119,0x70...8487,https://bscscan.com/tx/0x3dd3f356495ab7b385e659f7c40324d91912c4449dae1ca02dddfa773075a6d9
2023-03-24 05:38:23,True,0.4959,0.001512,288.016,0.4355,0x57...0de2,https://bscscan.com/tx/0x300f47a976b9c343557e83fdfe9c332cfda8803964668a3d1055df3968f933d6
2023-03-24 05:30:02,True,0.4935,0.001512,40.0,0.0604,0xb6...df6f,https://bscscan.com/tx/0xf2a4de20591af1d6b9bc091f1d7587c7bb9e87d2b0083c166bcfa5560adfdaff
2023-03-24 05:24:11,True,0.4958,0.001512,603.091,0.912,0x70...8487,https://bscscan.com/tx/0xf796a50920973a79355f115994a84b4ffc3572e8221703619f1c0866f38926e5
2023-03-24 05:23:59,False,0.4934,0.001504,560.0,0.8426,0xa8...2099,https://bscscan.com/tx/0xa831a0a56001eb6c7ef56156c2fcf0bcf9fa2689de98ab9863bdd32e08f5c068
2023-03-24 05:23:47,False,0.4934,0.001504,20.5923,0.0309,0x64...9ae8,https://bscscan.com/tx/0xc60e6b1d76549eb02692e19e6746d97d7cdd07588865cf57a4d35c7fc21a309c
2023-03-24 05:15:23,False,0.491,0.001504,22.9135,0.0344,0x80...8892,https://bscscan.com/tx/0xab12571a8c57b75db3646f59678a237bdba860c1859923357985c3f27d698434
2023-03-24 05:14:11,False,0.4935,0.001504,9.292,0.0139,0x65...6b17,https://bscscan.com/tx/0x4afcd4d962dd51f0386e0bc5f50e239bc73cf2d74a99ac7326592d6e77e9c955
2023-03-24 05:08:11,True,0.496,0.001512,603.123,0.9121,0x70...8487,https://bscscan.com/tx/0x3fce08ee95fcd38cbb1a82ca25ee03123c3dacf0366e412a1b9051f6c00c7a3a
2023-03-24 04:53:11,True,0.4965,0.001512,602.853,0.9116,0x70...8487,https://bscscan.com/tx/0xc1dfaa9017323e61a26b3a74981f803c2b0fbe471d1bffa68a36ab98a618975d
2023-03-24 04:50:59,False,0.4937,0.001504,388.597,0.5847,0x5a...1b62,https://bscscan.com/tx/0xda721653764dc788027b565554b6058f04f51d87712d5e23025ababfffd96274
2023-03-24 04:50:08,False,0.4912,0.001504,62.7949,0.0944,0x0a...b27f,https://bscscan.com/tx/0xa739789cb44b5a533f841b84cfd4ede75e949324149b2ac73c4cf21fe71650b1
2023-03-24 04:45:59,False,0.4937,0.001504,70.4019,0.1059,0x72...62f5,https://bscscan.com/tx/0x670d4c82e7e947b19aa50cd1e3e1ed174e7811e49a9060d695c22b50fee9ab14
2023-03-24 04:40:59,False,0.4937,0.001504,127.039,0.1911,0xdb...5002,https://bscscan.com/tx/0xccbeff81c69f28f0b696563dddf15543309996c716288d26a92996aa5bc66647
2023-03-24 04:38:11,True,0.4961,0.001512,602.762,0.9115,0x70...8487,https://bscscan.com/tx/0xa41104410d2ca13581999ff092880e79ff2ec0ee60b184dc3bdb62aa898ee827
2023-03-24 04:22:20,True,0.4967,0.001512,602.716,0.9114,0x70...8487,https://bscscan.com/tx/0x8ab355828e6daf9ce862d22337d083044fe9f192104496d2a0a701f58d4e759a
2023-03-24 04:21:59,False,0.4942,0.001504,19.9391,0.03,0x02...f2c0,https://bscscan.com/tx/0x1b7ae29ab354db3bc7c5f0110dfd15505f59d95d8c90cb973205adc64c8040dc
2023-03-24 04:21:38,False,0.4942,0.001504,60.8793,0.0916,0x02...f2c0,https://bscscan.com/tx/0x2afe7617f17d62f139db381af3af3b82222d5c68a43483c572a3cc43b0b4c1a1
2023-03-24 04:16:35,False,0.4943,0.001504,1146.88,1.72566,0x11...a5bc,https://bscscan.com/tx/0x3f5ef13fadff021fab5ceb42d726796c9800e490d93f4b5b851cbaaeb3729662
2023-03-24 04:14:38,False,0.4944,0.001504,40.2991,0.0606,0x13...33ae,https://bscscan.com/tx/0x5de0bd248f9e70cbc099fbbea1460f51fcad4e3fd8ac32cd02ed475f21453571
2023-03-24 04:12:55,False,0.4944,0.001504,43.1997,0.065,0x59...2f49,https://bscscan.com/tx/0xf270064b4110b2dfd7a584fb185148c912cfc3958ac7dccf892e402b6eff94a4
2023-03-24 04:10:25,False,0.4919,0.001504,40.2991,0.0606,0x94...4557,https://bscscan.com/tx/0xa88229832bd5767a6de7a69e5879026ede3c9713221fcdd0a659c375f5b7bfe0
2023-03-24 04:07:01,False,0.4946,0.001504,43.0603,0.0647,0x73...9a19,https://bscscan.com/tx/0x552fcc26c792455103889a4e48669735bc4d2cd3faef06daede1b4301e07e945
2023-03-24 04:06:16,True,0.4971,0.001512,602.37,0.9109,0x70...8487,https://bscscan.com/tx/0x2c2c2b9ae0a06b76187f6db0b0d5e157020edd618014960d03c72fbe99badb0c
2023-03-24 04:06:07,True,0.4946,0.001512,169.182,0.2558,0x67...5a24,https://bscscan.com/tx/0x9914d17d7860ca0fc1aed99e8e3153ad04ffd463020095d9f21722d75fe2cbac
2023-03-24 04:05:22,False,0.4921,0.001504,40.2991,0.0606,0x60...2fa2,https://bscscan.com/tx/0xd0abe84cf8f4d552dba9dafb4edbeed7e5a12c55b94e2758a34e838ad97895a3
2023-03-24 04:01:40,False,0.4947,0.001504,46.3382,0.0697,0xfc...dce1,https://bscscan.com/tx/0x0f5687642b86fed65813c2e691d77c25d2e4c2378ef9dcd85add8c0d4976a4b0
2023-03-24 04:01:37,False,0.4947,0.001504,29.0303,0.0436,0xe3...f4e8,https://bscscan.com/tx/0xc8277dc1bde313d714b3363ecd77dcc9f870d02ada893c7f4a03d758e4bf13fb
2023-03-24 03:57:43,False,0.4919,0.001503,57.0162,0.0857,0x70...c2d9,https://bscscan.com/tx/0xa81bd3047ee61b1caee81c90e9a3eada5f631942a6e88d9bab841da795160ff5
2023-03-24 03:55:34,True,0.4974,0.001513,139.123,0.2104,0xae...cc52,https://bscscan.com/tx/0xa227c33ecf21e6ba017b84ed94947cd889c9d6ca1becff2f5b66318ca6e63a16
2023-03-24 03:54:31,False,0.4947,0.001504,36.573,0.055,0x0b...7fe3,https://bscscan.com/tx/0x05b88e9510f8591a6f3c8395a1cdaba5e598c36e55274ab2efb518c2b3898495
2023-03-24 03:52:37,True,0.4949,0.001512,141.024,0.2132,0x85...7600,https://bscscan.com/tx/0xcd5e7c743562f0e3af56eedaa2192c9ec6eb129f4284f970cb1e334af519ab58
2023-03-24 03:52:37,False,0.4924,0.001504,44.9014,0.0675,0xfa...537b,https://bscscan.com/tx/0x6986bd2be9be3486f2e9c04de9b74aaa9bc92e9463f5c78ace29b6b2a9d729e1
2023-03-24 03:52:07,False,0.4949,0.001504,8.53328,0.0128,0xe3...c640,https://bscscan.com/tx/0x9fc602575c70e35537d4b8e148a239a92eb6a517f363305c87e4f1e4cafec62f
2023-03-24 03:50:40,False,0.4949,0.001504,19.2689,0.0289,0x4e...6794,https://bscscan.com/tx/0x1e3d1ea9be31a46e71d30aab15733b43a62050c4ac7594d4a244f70e86cf531a
2023-03-24 03:50:10,True,0.4949,0.001512,601.674,0.9098,0x70...8487,https://bscscan.com/tx/0x11a3cf3bef3db43aab779a5d34356b012b4d6f6874eafc333b5ca4b46640c8c9
2023-03-24 03:36:34,True,0.4954,0.001512,2417.29,3.6549,0x00...78d2,https://bscscan.com/tx/0x952412c0c7df810bbffb390fe7c1ab97bfbfb3095bc5569e6f3f90298d47611f
2023-03-24 03:35:19,True,0.4954,0.001511,601.019,0.9086,0x70...8487,https://bscscan.com/tx/0x946f580f0c209dabac8236188b301d497c370f7e514669730a2700e2bbc51479
2023-03-24 03:35:01,False,0.4954,0.001504,69.22,0.1041,0xf1...9caf,https://bscscan.com/tx/0x6eb8cbd2076e2e1db0075c5561465401a211c62ccccdcd99f15fae0b3842c950
2023-03-24 03:25:04,False,0.4957,0.001504,30.3306,0.0456,0xf1...9caf,https://bscscan.com/tx/0xf462e5729bbf23242c908d7ad0473258241cdc5d701f42c36840a658e6d681ab
2023-03-24 03:22:46,False,0.4932,0.001504,15.0,0.0225,0xcd...51b4,https://bscscan.com/tx/0xee9d828a44ea2ba6a8af7970be57bf90590e8ca41c68512e5df67ab662a158ac
2023-03-24 03:20:16,True,0.4984,0.001512,405.066,0.6126,0xd1...4212,https://bscscan.com/tx/0x0dfb1056b1ca07ca3f2779062243a5061e854a2f365f68a13fda329718af60ea
2023-03-24 03:19:13,True,0.4981,0.001511,600.228,0.9073,0x70...8487,https://bscscan.com/tx/0xfd7625bba943c07eb77b964b00af84ec5f263c348190e71e66740d35f275395a
2023-03-24 03:08:28,False,0.4956,0.001504,19.4079,0.0291,0x62...7406,https://bscscan.com/tx/0x97ab8c739d8c9c7b6f7ac728871b29e543645bb0559557fefd226ca16370882c
2023-03-24 03:08:19,False,0.4956,0.001504,50.0829,0.0753,0x3c...cfd2,https://bscscan.com/tx/0xd949ae36357d338d196db62bf82a19d41e7e352ba75b65b92490934a58664132
2023-03-24 03:07:55,False,0.4956,0.001504,6.5,0.0097,0x3c...cfd2,https://bscscan.com/tx/0x7635c9dd80ebc488a3821c5d4e885daf2d59c0d7b244ee50c3ca04f04aa43adb
2023-03-24 03:03:10,True,0.4985,0.001511,600.238,0.9073,0x70...8487,https://bscscan.com/tx/0x2efa7d6bfe47f1b17c57f5e7f4fb73c31bec910d1a6f2826195c30d0d8e3fdda
2023-03-24 03:02:43,True,0.496,0.001511,2412.16,3.64585,0x00...78d2,https://bscscan.com/tx/0x555e7a6b21ca6d97f596c17050bc030a31805d4b116c4bcc7aa7651c1abbb4ac
2023-03-24 03:02:43,True,0.4959,0.001511,1374.85,2.07769,0x62...1f10,https://bscscan.com/tx/0x2d3c534a57c15fef47d3c204e306a7d56b4aeb493b743c683913db2aa1fedebe
2023-03-24 02:49:21,False,0.4961,0.001503,5.25506,0.0079,0x1a...0c99,https://bscscan.com/tx/0x5845b834776ea2f13e3d17255293aee4d67b26176e0189e8423c578babdcad25
2023-03-24 02:48:18,True,0.4985,0.001511,600.336,0.9071,0x70...8487,https://bscscan.com/tx/0x6479d4d537600429ad6e74dd59348c46d169e049a40c35b6bb446e209a5e8bac
2023-03-24 02:43:18,True,0.4985,0.001511,813.3,1.22891,0x00...78d2,https://bscscan.com/tx/0x5180072663cc06d77baf16b6484a686d73661c12750dd8a3c68dc5e939dedd01
2023-03-24 02:41:23,True,0.4961,0.00151,324.164,0.4897,0xed...4f31,https://bscscan.com/tx/0xa5d6897e1a8e153d99f626afe9287a7ee0ef3af42f4057ce734760a2bd12a662
2023-03-24 02:41:05,False,0.4961,0.001503,115.13,0.173,0x86...3fa0,https://bscscan.com/tx/0xd156629e37454b0a56c124177c886dc487f056aadd31dbf0d79b8f18b91dcb28
2023-03-24 02:40:11,True,0.4986,0.00151,799.019,1.20723,0x91...79fe,https://bscscan.com/tx/0x3ea7c67a7f77bf36294b84eb9379cd44a9f654f83b2a578e343b7b658acdcba5
2023-03-24 02:40:05,True,0.4986,0.00151,2406.85,3.63602,0x00...78d2,https://bscscan.com/tx/0x28c3324d0a0a82334bdc0a22b88d372bdb87eb2f8f675bf76717303c68c6a98d
2023-03-24 02:40:02,True,0.4985,0.00151,2317.25,3.5,0x52...1c7e,https://bscscan.com/tx/0xa1074ea276ae6201924e20bb796b856c78e196e2919766c6a3e5a6a0bcb0bb32
2023-03-24 02:40:02,True,0.4984,0.00151,2317.68,3.5,0x8d...1b76,https://bscscan.com/tx/0xc0278e65e1e09461471c665ead67f719207e7bb31c9f217eb428dfa945112a34
2023-03-24 02:40:02,True,0.4983,0.001509,2411.69,3.64127,0x00...78d2,https://bscscan.com/tx/0x2c1df948a829b6a2cc33c921daa40b8bb449cc084f1d9002406728e9ffd6830d
2023-03-24 02:38:05,True,0.4981,0.001509,1667.9,2.51785,0x00...78d2,https://bscscan.com/tx/0xc61f74e4d71a9464d565c2d52d219ed562845bfb8e676ec9c09bfe60b12cb95e
2023-03-24 02:35:59,True,0.4981,0.001509,20.0,0.0301,0x34...d3ef,https://bscscan.com/tx/0x721670aab6a848be8a4d7fdc656ca28c062985b0fffcf037e1b7ea2191babb93
2023-03-24 02:32:11,True,0.4982,0.001509,600.869,0.9069,0x70...8487,https://bscscan.com/tx/0x20193a5d540b7f0a79df8d79d4b4f4c1147d3d98a0bd8211902b962087850a73
2023-03-24 02:27:47,False,0.4959,0.001502,2000.0,3.004,0xd7...7bd4,https://bscscan.com/tx/0x79e3f964c2b24daa801bb7939e820eb714406f1537553f49fc72e5a2564bcefa
2023-03-24 02:24:38,False,0.496,0.001502,43.0893,0.0647,0x37...2008,https://bscscan.com/tx/0x58ae676d4ce39968c9e16555621d93127777f4e91f1d6bbeada5b6684061d6d9
2023-03-24 02:23:26,False,0.4957,0.001501,52.0563,0.0781,0x77...09bd,https://bscscan.com/tx/0x105304e3894545d0df640f8c2219229e2736f355618d799d78f36e89499aa499
2023-03-24 02:23:08,False,0.4935,0.001502,100.0,0.1502,0xa8...1b2a,https://bscscan.com/tx/0x82783448b5321fd13398e8130877bef3b00b3994e15992fdfb7cf8a7d0de6a86
2023-03-24 02:17:09,True,0.4959,0.001509,600.98,0.9072,0x70...8487,https://bscscan.com/tx/0x507b56889e34c95fff266dbec7f5b492242be736c9c4562e5525dbec7449fa63
2023-03-24 02:12:54,False,0.4935,0.001502,1000.0,1.50213,0xd7...7bd4,https://bscscan.com/tx/0xdea89615bd52c8748f84b163210602fef9fad8986ed9b63652c302d412b1a94d
2023-03-24 02:09:18,False,0.4934,0.001502,94.8665,0.1425,0xa8...1b2a,https://bscscan.com/tx/0x19f938764be6c6972a0354f088d171e3bea43846ed1af71afbcfa17ee729fb4d
2023-03-24 02:06:42,False,0.4932,0.001502,4457.9,6.69788,0x11...a5bc,https://bscscan.com/tx/0x72b42ca54b79559127b72e8d354e2942ed7ccab86473e1565d6685b709fcc0d9
2023-03-24 02:05:21,False,0.4935,0.001502,100.779,0.1514,0xa8...1b2a,https://bscscan.com/tx/0x5c1272e8f4ef599f4b8c42a860db10eef96a5a62e42303aa9144ed68f495f4c7
2023-03-24 02:01:18,True,0.4983,0.00151,600.808,0.9073,0x70...8487,https://bscscan.com/tx/0x78bfe17daf6961410ebaa669c5aee748dcb0620aba8c926372e65e87e7b3278f
2023-03-24 02:00:03,False,0.4958,0.001502,98.916,0.1486,0xa8...1b2a,https://bscscan.com/tx/0x661f3baaea37ddb24764ee9e7c4cc7ee6ae9198eaab387f6c5a892884da2946b
2023-03-24 01:57:51,False,0.4958,0.001502,101.408,0.1523,0xa8...1b2a,https://bscscan.com/tx/0x170c2d70adc25872de827b2cb7e85b045a20fdcd0ee8ad3e375c718c6dc2b933
2023-03-24 01:47:30,False,0.4957,0.001502,196.814,0.2957,0xf5...66ee,https://bscscan.com/tx/0x7828eb63bdf5b379fc689c1c432106038b4c789d0133532031d67939f9bbd10e
2023-03-24 01:46:18,True,0.4981,0.00151,600.803,0.9073,0x70...8487,https://bscscan.com/tx/0x42af95cc752c1a5d30d343bbcfadc3c99e5a3b59bf0cd1e7c8b817e54b6bc38f
2023-03-24 01:45:00,False,0.4957,0.001502,10.0,0.015,0xa3...f508,https://bscscan.com/tx/0x2b8bec1da8678ce2b9400499790351cb5411a1e85d53960be4c5d171feceab87
2023-03-24 01:43:57,False,0.4932,0.001502,9.69649,0.0145,0x6b...e352,https://bscscan.com/tx/0x4032c24741f29c031347855fdc7c2a6c7387079b07f258471adf83ea0f79b24b
2023-03-24 01:43:16,False,0.4957,0.001502,10.7237,0.0161,0x92...95b1,https://bscscan.com/tx/0x0bf99b46dce5a6d8ca6d71a23c82da13e70951ef03c04a2387816c3c3a03069f
2023-03-24 01:40:49,False,0.4932,0.001502,11.354,0.017,0x07...dcb2,https://bscscan.com/tx/0x546366d268b6289e92e305a4c45cde4f91164e6b50a97d24172f4c5eae8456b0
2023-03-24 01:37:58,True,0.4956,0.00151,46.4484,0.0701,0x7b...cac0,https://bscscan.com/tx/0x74166cb0dbe5b652be5a7cc90d4d04021f54b96bfcea6351305babd9779e66e7
2023-03-24 01:37:46,False,0.4959,0.001502,224.967,0.338,0x0b...56ac,https://bscscan.com/tx/0xb2b97e647c57b093ec59f656f26f29c879186a09800897830183c133c04689c2
2023-03-24 01:36:46,True,0.4981,0.00151,26.4815,0.0399,0x7c...4482,https://bscscan.com/tx/0xbab90677400cd4e8a654fb283d360d607949242ef0ecd9a2e3a563e305d619e4
2023-03-24 01:35:55,True,0.4951,0.00151,12.0,0.0181,0x03...9e1a,https://bscscan.com/tx/0xcd40046a298e4dc8e103f3e23ab73eb97ef3940401c321c13c092cf07429db3f
2023-03-24 01:35:16,True,0.4978,0.00151,2317.76,3.5,0xda...6e1f,https://bscscan.com/tx/0xda3f100b91402eb15eedaf86823d72c111a7857acc7ec2f54e614a486823b04f
2023-03-24 01:34:22,True,0.4978,0.001509,26.4869,0.0399,0x58...e6c3,https://bscscan.com/tx/0xc48f89325d6112ae1902f028986089f8ad5ccd0e7986497911ecd9fb7ddfc450
2023-03-24 01:33:43,True,0.4953,0.001509,30.0,0.0453,0x03...9e1a,https://bscscan.com/tx/0xc5d4bb296f9a48385a9e1a35bb15c5dc65575c9571e9b29204713f40bdb2a849
2023-03-24 01:33:04,True,0.4977,0.001509,2180.3,3.29181,0x00...78d2,https://bscscan.com/tx/0x554a05f38b182af662ee9e366c4d1c52448826470ac0fea516867a21efee53d0
2023-03-24 01:32:31,True,0.4979,0.001509,26.4913,0.0399,0xba...fc70,https://bscscan.com/tx/0x0d5cbc36ae7ab56862c470f49dcd6de2f689b8874962165ef240640fe0086545
2023-03-24 01:31:52,False,0.4954,0.001502,46.7714,0.0702,0x03...9e1a,https://bscscan.com/tx/0xc45cb440484671f407ea9151f307b0d4d056043fb48d7df8f9b2d6d09b44677c
2023-03-24 01:31:10,True,0.4954,0.001509,601.224,0.9076,0x70...8487,https://bscscan.com/tx/0xc8a5739728eca3d36aa82fcee94f1525ec8d0056703fb9e302741887aa94eda0
2023-03-24 01:30:43,True,0.4978,0.001509,347.4,0.5244,0xc1...b919,https://bscscan.com/tx/0xc04d0fa26211b44a5e2d3d12d5bf952607674859457a82bf6ddea80257f909eb
2023-03-24 01:30:25,True,0.4978,0.001509,2406.85,3.63293,0x00...78d2,https://bscscan.com/tx/0x467fa84d026fa90905984e761c16a2dae21369313d4081314c20902a85fbf9cd
2023-03-24 01:26:55,True,0.4978,0.001509,400.943,0.6051,0x39...8ed9,https://bscscan.com/tx/0x89f5af6bee5db722180a4d8c3386775547b5b7629384325fac1fb1753c2c5b84
2023-03-24 01:26:49,True,0.4978,0.001509,46.7653,0.0705,0x03...9e1a,https://bscscan.com/tx/0xe161f0d26c795836d3a38db956c483faa4547818182fd11b5a74301024808b23
2023-03-24 01:21:49,True,0.4952,0.001509,690.7,1.04238,0x00...78d2,https://bscscan.com/tx/0x7fdfd748bf1eea9ab698721681d64030012120aaf13626aa4c106260983ce4eb
2023-03-24 01:21:19,True,0.4976,0.001509,1695.82,2.55903,0x52...1c7e,https://bscscan.com/tx/0x224feec29e638b802ead1b7315a086c9312d03127e2a0709b0a79864b0b69521
2023-03-24 01:21:13,True,0.4975,0.001508,2319.76,3.5,0xf2...bfcf,https://bscscan.com/tx/0x907001eef3391e97724dad41faa4da7fbec415c7088c02349c768f05e6f8dbb0
2023-03-24 01:21:13,True,0.4975,0.001508,571.763,0.8625,0x62...1f10,https://bscscan.com/tx/0xff6735a4d9ebec9f12959afc08e63d5aca078d867536520d0ee53ef7667632f6
2023-03-24 01:21:13,True,0.4974,0.001508,2320.29,3.5,0xda...6e1f,https://bscscan.com/tx/0x1a33ef63a6b4718ff23416495d247c08c3850f212efa0d3e043f38a41de392eb
2023-03-24 01:21:13,True,0.4973,0.001508,2406.86,3.62988,0x00...78d2,https://bscscan.com/tx/0x5e8c0957ba86b65ea44d375a3f333db80d4148aa337a628a2fac38ac48cf545a
2023-03-24 01:18:49,True,0.4948,0.001508,4.64192,0.007,0x24...8238,https://bscscan.com/tx/0x4b90692d4bd10438b9989e99e650f23d310d681068e31a1336b271e04fc6535a
2023-03-24 01:16:16,True,0.4974,0.001508,602.038,0.9078,0x70...8487,https://bscscan.com/tx/0x555169a1899af2c6275abd604be21ef170acff6b14b1ef58669c1928b31e1556
2023-03-24 01:12:52,False,0.4949,0.0015,6.0,0.009,0xe3...d785,https://bscscan.com/tx/0x4215f454336f96cf4549834908d16214ae97e0c71be6b156d4f8bcc387482de6
2023-03-24 01:10:46,False,0.4924,0.0015,1000.0,1.50046,0xd7...7bd4,https://bscscan.com/tx/0xbe02e9512fa40753b98f1c87f9b7e7f910e00f77b3857b38b83060cad5f7e3fa
2023-03-24 01:08:01,False,0.4948,0.0015,13.4046,0.0201,0x5c...be56,https://bscscan.com/tx/0x5afd6a4c38d365984676c7546ef5ebd929d2ecbda986d6bda7cce97c0748dde5
2023-03-24 01:05:31,False,0.4948,0.0015,6.9793,0.0104,0x51...c856,https://bscscan.com/tx/0x953ca38da267ed2d79b7079a1c85530ab685948158244df62def3efba4af5f93
2023-03-24 01:03:40,False,0.4946,0.001499,7.0,0.0105,0xae...cc52,https://bscscan.com/tx/0x28d68af49afbcb1ee3ccf493dab995d83fac069e01f8b571c0dc2a56a41bfb32
2023-03-24 01:03:04,True,0.4975,0.001508,82.1898,0.124,0xae...cc52,https://bscscan.com/tx/0x929d09aa3dba040e70418ca5942a8bf92eb67755f0c257eb477e090236575e6c
2023-03-24 01:00:13,True,0.4973,0.001508,602.107,0.9079,0x70...8487,https://bscscan.com/tx/0x838b39eb420bf35db31e07f9e4895918bd5a03412db34f7f8b9b474c1f28da7a
2023-03-24 00:58:40,False,0.4924,0.0015,59.6804,0.0895,0x5c...be56,https://bscscan.com/tx/0xcc54d916606d249d9d80bafb124187f0c460eebf58a2ae97d651aed653afd315
2023-03-24 00:50:27,False,0.4947,0.0015,14.7,0.022,0xb5...6679,https://bscscan.com/tx/0x9c74d8d842499f6e3e5c442d206196185431c2df8552dbe207e3064f0376c7ef
2023-03-24 00:49:42,True,0.4947,0.001507,706.469,1.06531,0x3e...7b50,https://bscscan.com/tx/0x4e16b546dd2fc88bdc86c559defe6879a9af6a749f5f297907436d56a7105445
2023-03-24 00:48:21,False,0.4948,0.0015,67.6,0.1014,0xb5...6679,https://bscscan.com/tx/0x09d3b49f4e907aa5699a51afb553c49a4764c3cb9dfd329a1eb5d85fcb3c04a8
2023-03-24 00:45:14,False,0.4946,0.001499,7.90813,0.0118,0xe7...81bb,https://bscscan.com/tx/0x4ce47bb67162c79812fa20772f98dacc508513f22ca7ef17e5dc2c5ffb81fb15
2023-03-24 00:44:16,True,0.4973,0.001507,602.082,0.9078,0x70...8487,https://bscscan.com/tx/0xefbce1c6241df2986b29061466e63b0db54cd3e2db5ae3e93c0aef264873f56e
2023-03-24 00:43:55,True,0.4948,0.001507,9.0,0.0135,0x09...b30d,https://bscscan.com/tx/0xbba9767f6e48d4cda508aba73f966100d0e8336572626f2937b319d2d0f3e641
2023-03-24 00:40:01,False,0.4948,0.0015,395.837,0.5938,0x84...f406,https://bscscan.com/tx/0x12abaa29961af54566df4334e9c323d9ca3d699c20789faf733f61da2047e51c
2023-03-24 00:37:07,True,0.4975,0.001508,59.6537,0.09,0xde...46cb,https://bscscan.com/tx/0x3f4d46c6518049396cf10a2f75ef03fe14e8ef34d41368f191ef71c4d2eac25e
2023-03-24 00:37:04,True,0.4972,0.001507,5.0,0.0075,0x53...b978,https://bscscan.com/tx/0xcd788a5b066d5074455d61cd717eb994281100435e9b8c20bac860df68944d28
2023-03-24 00:36:43,False,0.4923,0.0015,11.3943,0.0171,0xfc...53b8,https://bscscan.com/tx/0xa06979a1ee0ecd8f636d23d7ed06397a7ad28df7f5d8d1a479940bff88314814
2023-03-24 00:31:22,True,0.4947,0.001507,1821.2,2.74593,0x00...78d2,https://bscscan.com/tx/0x6a6cd322cb361358063b53555e6bd22e3011e41e40191008f4985538be9c3abe
2023-03-24 00:29:10,True,0.4971,0.001507,602.496,0.9083,0x70...8487,https://bscscan.com/tx/0x9e4e05998ba0ffdf63ffb72daa2aeb35362320c2448010c228ff22b66d310aa8
2023-03-24 00:28:58,False,0.4946,0.0015,652.203,0.9783,0xc6...6cff,https://bscscan.com/tx/0x61ea2ac04cb7443e34451fc841014642275498fa2fe475d7ddc7de200283d75b
2023-03-24 00:28:34,False,0.4946,0.0015,10.7394,0.0161,0x83...2088,https://bscscan.com/tx/0x0b166f174f37c5a5b5118ace6ef98593bd4649c267e9eb440394c2c83a820cb2
2023-03-24 00:22:31,False,0.4946,0.0015,251.396,0.3771,0xc6...8a4a,https://bscscan.com/tx/0xdd6d5037b3cefc72809e962101a4990b046327395401471839572a90839b973b
2023-03-24 00:19:34,False,0.4921,0.0015,181.956,0.2729,0x4c...9b4d,https://bscscan.com/tx/0xfb1d05b6cd7f0de7aa52c8e72a91a237c983fa3685ee11d15d009665b780f0aa
2023-03-24 00:19:13,True,0.497,0.001507,2411.69,3.63577,0x00...78d2,https://bscscan.com/tx/0xb42c3225b4f4b027cd2c5c72a8cc29bd564ab70f7078d236425f1d4462ab4c33
2023-03-24 00:17:01,False,0.4947,0.001499,52.468,0.0787,0x4c...9b4d,https://bscscan.com/tx/0xbc4cd9d62fcd5fec2c9044432ba731448f44472f1751e656fb39a5e2be199e0c
2023-03-24 00:17:01,True,0.4972,0.001507,424.213,0.6394,0x52...1c7e,https://bscscan.com/tx/0x80b3da14304cd1220f1455567af25a8d479468c46e0d45ff5e8326feed15ea0d
2023-03-24 00:15:40,True,0.4944,0.001507,2244.5,3.38299,0x00...78d2,https://bscscan.com/tx/0xad3eece8679418942792e6c3663c34191db1730db06e166bf310f3e368b2201c
2023-03-24 00:14:31,False,0.4919,0.001499,7.52507,0.0112,0x23...18c1,https://bscscan.com/tx/0x887c988fdd1aec953be68561618e28e38f2f54d6cf35814a8ad6da89a4ef4137
2023-03-24 00:14:10,False,0.4919,0.001499,20.0,0.0299,0x23...18c1,https://bscscan.com/tx/0x634f858d2996f58e7778eb337ffaee877d127ad57832afd575218fcf3ece9801
2023-03-24 00:13:19,True,0.4968,0.001507,602.844,0.9085,0x70...8487,https://bscscan.com/tx/0x2ed84e0d8b8f56977ef72fba0c50bac58d5dc4cd276380688624bc2ea3d1a329
2023-03-24 00:11:40,True,0.4968,0.001507,812.364,1.22422,0x82...2196,https://bscscan.com/tx/0x397574dc147db4d735c8623c5f94ed0a007e5fbaebd8435c19fb2dc13a75a820
2023-03-24 00:11:34,True,0.4943,0.001506,2322.82,3.5,0x8d...1b76,https://bscscan.com/tx/0x52dc531ed493fee558dfc4bdb68500a50363b3ed3ed6be670edcce2fa574db85
2023-03-24 00:11:34,True,0.4942,0.001506,2323.25,3.5,0x0c...8533,https://bscscan.com/tx/0x3c5204d94529c300f4d1743359529b66cb08d03c3bc29c17bbd9fc40343cc65a
2023-03-24 00:11:34,True,0.4941,0.001506,2287.4,3.44535,0x00...78d2,https://bscscan.com/tx/0x7fa15adfe65cc418d165ea9bb03a98528ef2c2574cc075b7f877e9554ea7e9cc
2023-03-24 00:10:43,True,0.4943,0.001506,20.3927,0.0307,0x4b...3ce8,https://bscscan.com/tx/0x50e1a1d9199592e218757b8eaee7371f736960bcdb1f19050a7a0cd91c187f07
2023-03-24 00:09:01,False,0.4915,0.001498,30.4679,0.0456,0xca...eac4,https://bscscan.com/tx/0xee75cf2227f95dbda3e1991474268550fc0333857685bc2e1b7b43fa88e9933e
2023-03-23 23:58:10,True,0.4963,0.001506,603.256,0.9085,0x70...8487,https://bscscan.com/tx/0x25be536ada9b48ab17b2c418445bc6848797475c85612590ce85265b9ab8e80a
2023-03-23 23:52:20,True,0.4941,0.001505,1282.1,1.93077,0x00...78d2,https://bscscan.com/tx/0x3ba7e3ff940a2656a70d360b2c2b15f61ed821aeb7a4baf5632747e250894e5d
2023-03-23 23:46:54,True,0.4939,0.001505,1020.8,1.53713,0x43...fe22,https://bscscan.com/tx/0xea6c43daa40a762b6d750724a88651b06f8ef64f65ac3151e0e9fa65e534872e
2023-03-23 23:42:45,True,0.4959,0.001505,0.0066,1e-06,0x2e...a796,https://bscscan.com/tx/0xae8a5b6d8abba68b6576d5a91d44225dbe0020044cd9ac2484d458d4591e7fa8
2023-03-23 23:42:12,True,0.4959,0.001505,603.403,0.9085,0x70...8487,https://bscscan.com/tx/0xd39bc6cc9f328e7124d5fc27f335d47004a5dcda93de54cb478c0741e46ab0c5
2023-03-23 23:40:33,False,0.4934,0.001498,250.035,0.3745,0x3e...7b50,https://bscscan.com/tx/0xd3f154559a380146d6fed049537986c0231c1ca931428139aa8025179c608c53
2023-03-23 23:27:09,True,0.4935,0.001505,603.495,0.9086,0x70...8487,https://bscscan.com/tx/0xdf842ada4e2f8d9251f2e117b3382cee0c713cf0d9b6899b0f5a18edc1522d46
2023-03-23 23:25:45,True,0.496,0.001505,791.0,1.19091,0x9d...6dab,https://bscscan.com/tx/0x627886b019357619cb99dd9af2d5b1d567707a729d5f811c63040dc216020033
2023-03-23 23:22:27,True,0.496,0.001505,1127.2,1.69696,0x4d...74b8,https://bscscan.com/tx/0x4b7c64f29e11dff3152c4ed35be47cbe3ac82ce71dee867535e106faf7023e47
2023-03-23 23:19:51,False,0.4911,0.001497,48.9307,0.0732,0x7e...2495,https://bscscan.com/tx/0x434822fe38dcdd870cba5c84e07f088e4a995bc90fd656d7c421bce522911ec3
2023-03-23 23:11:12,True,0.4959,0.001505,603.653,0.9087,0x70...8487,https://bscscan.com/tx/0xbe86bd17479af8b079a9b662b60d95a528759461540a0bb41a2c9701bb321539
2023-03-23 23:07:06,False,0.4909,0.001497,3.0,0.0044,0xbf...fd7a,https://bscscan.com/tx/0x20e494a346a8689278787834385340737a080944c9dab1623c6a08372dc8e4d4
2023-03-23 23:04:54,False,0.4933,0.001497,115.0,0.1722,0x98...aeec,https://bscscan.com/tx/0x5196b88c6e38f25e0dc2c8a0ae2cf13d5c67ff4cfa7a88d61de6e5a9815e2288
2023-03-23 23:02:26,False,0.4909,0.001497,2.0,0.003,0x55...61c3,https://bscscan.com/tx/0x0fc44833d75748fb3dacaa45c5f2f47015730e9013f001ec17415d2f6c3d443c
2023-03-23 22:59:32,True,0.4936,0.001506,19.9275,0.03,0x65...7f3f,https://bscscan.com/tx/0x0c9a298ea49ec68ecae4cd77314ab5bddb4cc0b2589b1198008c466d79389544
2023-03-23 22:57:44,False,0.4933,0.001497,290.0,0.4343,0xfb...7cb2,https://bscscan.com/tx/0xf7d9fd29df66c4fc4edb4b762feee9b49798e55090e7280892cb638821a48d8c
2023-03-23 22:56:17,True,0.4933,0.001505,603.764,0.9088,0x70...8487,https://bscscan.com/tx/0x2c8a7c4a516861a68d1006fe268be3c962f4f49d862d026d9b859a8f02b70631
2023-03-23 22:53:44,True,0.4932,0.001505,23.6768,0.0356,0xb5...6679,https://bscscan.com/tx/0x410d506bf87091e21046d9143a8a717476726b249055f59fed81a57b1d701ce4
2023-03-23 22:51:17,True,0.4934,0.001505,26.3164,0.0396,0xe5...f43a,https://bscscan.com/tx/0x27f49e2b05730c0b99be0c959c0ce0a94c1e155adab6a694fcc8c0b46c0e401d
2023-03-23 22:48:11,False,0.491,0.001497,127.854,0.1915,0x08...f922,https://bscscan.com/tx/0xe13bd5c0361badb20717dfcaa604bd358dcb5533e2a6e20dbcddfa99dac3c13b
2023-03-23 22:44:02,False,0.4933,0.001497,584.751,0.8758,0x11...a5bc,https://bscscan.com/tx/0x053b4cb1494acd4c2820dd3d087c0f4b510163c82a6b25e61b7d51406df87a71
2023-03-23 22:42:56,False,0.4934,0.001497,24.7044,0.037,0x1e...d68b,https://bscscan.com/tx/0x081cbdde0ccc5c34e208b127dd2b59d26eccb439c709102bf5a4a5524b2bf1d4
2023-03-23 22:40:13,True,0.4933,0.001505,603.871,0.909,0x70...8487,https://bscscan.com/tx/0x03a9cf7dbac375bf01c5bbfcc0e7d0b0f7f60edef6decf115d52cfa919f45b87
2023-03-23 22:30:55,False,0.4933,0.001497,120.0,0.1797,0x8a...13db,https://bscscan.com/tx/0x9014f86c628f15fd012afe64cc2f78de814566ed683ce13032a585dccf9a0cd1
2023-03-23 22:28:52,False,0.4933,0.001497,320.0,0.4793,0x71...c81b,https://bscscan.com/tx/0xead383da668343b7bcd0169611ecbbee2e28f29ad933d1a3f16e955aa45efca5
2023-03-23 22:27:07,False,0.4909,0.001497,336.0,0.5032,0xe2...2b86,https://bscscan.com/tx/0x1f8b862f44eb38c1dddc50c9b5db25dce79880abf17e5631c246ba95df3bca6c
2023-03-23 22:24:16,True,0.4933,0.001505,603.858,0.909,0x70...8487,https://bscscan.com/tx/0xe8137f864cb350222fbf09dedb2e2b934135cf2998f266109d39b6e1380cfe18
2023-03-23 22:23:49,False,0.4905,0.001497,94.5084,0.1415,0xa2...8d7a,https://bscscan.com/tx/0xce057b2139df89759e86e4b7c70f805d8b5465b982dc9a768b37bce426bf3e6d
2023-03-23 22:22:52,False,0.4933,0.001497,350.0,0.5242,0x3a...3456,https://bscscan.com/tx/0xd6b43d7e21e310a6d3206e72e79f09eeacf5738c34ead9358fa5bf32e12007b5
2023-03-23 22:21:13,False,0.4908,0.001497,335.0,0.5017,0xf5...bc98,https://bscscan.com/tx/0x6444a06736c8c0f4507b8c22481f935e2879c91bcc7d08c26ce888087c642057
2023-03-23 22:20:22,True,0.4958,0.001505,72.992,0.1098,0x27...8af0,https://bscscan.com/tx/0x56acb660bda0465193f23788e8de5d804dc0511db0fa279b556327f989ee3896
2023-03-23 22:20:07,False,0.4933,0.001497,335.0,0.5018,0x01...dfeb,https://bscscan.com/tx/0x3303289b4fc5171f2022c215c3ba9215ccf13de25e362885a3344bc8bfd77f4c
2023-03-23 22:16:25,False,0.4916,0.001498,13956.1,20.9172,0x11...a5bc,https://bscscan.com/tx/0x50b4f000606d56b1ea95a98e9ce8fb7f9b0dd4f1915ea3641abe652ae21728f2
2023-03-23 22:15:52,False,0.4919,0.001499,335.0,0.5023,0x46...28bf,https://bscscan.com/tx/0x8d43cf8a1d0a3850ca84627825e519db45d8a9d6c4dd9ca0f7d7217982de0164
2023-03-23 22:15:31,False,0.4919,0.001499,64.5833,0.0968,0x3a...bd67,https://bscscan.com/tx/0x072d37bb56b8cde8003f5739f49dbe7eb0fda2425e480b042ebf347431f98b24
2023-03-23 22:09:10,True,0.4945,0.001507,603.133,0.909,0x70...8487,https://bscscan.com/tx/0x854974d7794e9630c06f618e56586ddfdd208e2c963666ce330b10f9f9a576f8
2023-03-23 22:06:07,True,0.4969,0.001507,690.3,1.04033,0x2c...015a,https://bscscan.com/tx/0x3724913944e25699985d96f474345813fe8adbe6fdce75361a34b974dae6df5e
2023-03-23 22:03:28,True,0.4944,0.001507,301.626,0.4545,0x1f...4049,https://bscscan.com/tx/0x8576811821d789730e3ff4b91cf6473a027c6713c691b9598c07c612671d92ff
2023-03-23 22:01:00,True,0.4944,0.001506,815.177,1.22843,0xd3...ec6f,https://bscscan.com/tx/0x1bbe1f50faa4212fb9ba84f1c1290100c6e54a0f1d2cc64b777e55aa36c1f88e
2023-03-23 21:59:02,True,0.4937,0.001506,529.3,0.7975,0xd3...ec6f,https://bscscan.com/tx/0x2535b1bebb699d6a9c1538f2feb634f45afebf0f2f965314abd9796a7ee27425
2023-03-23 21:58:35,True,0.4962,0.001506,3.80391,0.0057,0xd3...ec6f,https://bscscan.com/tx/0xb82578b68ba689194695e2b441245ac9c9bddda1139b937974bd791b6d76c653
2023-03-23 21:58:35,True,0.4961,0.001506,3043.5,4.58549,0xc3...157a,https://bscscan.com/tx/0xb04f76c19e5710fea83647180d7c3abd191ad9ebcd16b0d2039e5a240b0a67be
2023-03-23 21:58:32,True,0.496,0.001506,598.3,0.9013,0xd3...ec6f,https://bscscan.com/tx/0xb0773224376acded921727dc402e88e1f11e4cd16453adf615a05397c403492c
2023-03-23 21:54:53,True,0.4936,0.001506,20.1619,0.0303,0x34...8793,https://bscscan.com/tx/0xf5d43204795184dbb2fc715bd8ff15ff40fbcaf57046f926d13a669b689c9c20
2023-03-23 21:54:50,True,0.4935,0.001506,6269.81,9.44241,0xd3...ec6f,https://bscscan.com/tx/0x5a2ddc2dfd436869cd6d817755d23b78ebb7eb63cc76e8ea37d5aa65ced57c34
2023-03-23 21:54:47,True,0.4932,0.001505,7977.7,12.0077,0x3a...231f,https://bscscan.com/tx/0x5234721132bb090c1791d5d8911bb952faf0970f54d172c7db3030c7a86637d4
2023-03-23 21:54:41,True,0.493,0.001504,2326.3,3.5,0xf2...bfcf,https://bscscan.com/tx/0xca5013381bc0d2ae63a5f4e2b87e71e0d3dcd6ad8b1c5292524a38954f66fdf5
2023-03-23 21:54:41,True,0.4928,0.001503,9267.77,13.9372,0xd3...ec6f,https://bscscan.com/tx/0xfaa1ddecdd63efb21256600ad3d09a60f5cf6ecf379bc0b434808b46004f91d3
2023-03-23 21:54:41,True,0.4925,0.001503,2416.55,3.63239,0x00...78d2,https://bscscan.com/tx/0x046728d94230451cc12053ef4166c757897a8645a61a719c0d121a5a21ceca15
2023-03-23 21:54:37,True,0.4928,0.001502,2083.59,3.13136,0x52...1c7e,https://bscscan.com/tx/0xa71b535612ee2dfe66fdb3c1cd818723fd96a26736861ca6fd4e7fe422261791
2023-03-23 21:54:37,True,0.4927,0.001502,1544.14,2.32029,0x62...1f10,https://bscscan.com/tx/0x4365c764802aadd63c30d110f238a52805ce03e85d5c35738a319c6412a94738
2023-03-23 21:54:37,True,0.4926,0.001502,2329.59,3.5,0x8d...1b76,https://bscscan.com/tx/0x0b44ad564cdd03eeaf4051d992e9011d29c7c017a4f5db2bfbad1be553a3710b
2023-03-23 21:54:37,True,0.4925,0.001502,2330.02,3.5,0x5a...6651,https://bscscan.com/tx/0xa0712ea98ea6bb417ce2ab8b54f9b1465e02c5c1808db54f3539eb0d433eaac9
2023-03-23 21:54:37,True,0.4925,0.001502,274.323,0.412,0x00...9284,https://bscscan.com/tx/0x41bc816ec845ced390667e0712257bb998e4c527b5286060a32e0dd4bf37a092
2023-03-23 21:54:37,True,0.4921,0.0015,20281.2,30.4368,0x11...a5bc,https://bscscan.com/tx/0xe938de0f4222e2a319cfcf2c5ce7020938d7f56cd794d9df210338dc3c3fedcb
2023-03-23 21:54:37,False,0.4912,0.001498,100000.0,149.802,0xcd...9c81,https://bscscan.com/tx/0x4c5e7dae7aa2619de59fab89c01c9bcba42a6b050fae88ba1838d2062dc012e5
2023-03-23 21:53:10,True,0.498,0.001511,601.109,0.9085,0x70...8487,https://bscscan.com/tx/0x79675112f8a4be7907f57800766ffc8713a513c208ad10a69b515fa1aed9a4f8
2023-03-23 21:51:20,False,0.4954,0.001503,177.992,0.2676,0xa9...dab1,https://bscscan.com/tx/0x1018ab7af3c207c0b16e76982558e93fa47c66e9cf1f514bbc94600c02cd1d3e
2023-03-23 21:49:47,True,0.4954,0.001511,4763.2,7.1982,0xd3...ec6f,https://bscscan.com/tx/0xebb2714b3edd601a0766c6f96dd412f673902507cbc7da0206d223055b61b36b
2023-03-23 21:49:44,True,0.4953,0.00151,824.927,1.24636,0xda...c952,https://bscscan.com/tx/0xb77d2db6c5b074023998e0255eb124f3361aa063e41157966eb8d09f245785d7
2023-03-23 21:49:44,True,0.4952,0.00151,2316.84,3.5,0x91...79fe,https://bscscan.com/tx/0x693adf3ba1b2a22e7a977671826290231899e8413f3edd0bc82ceb066c732eb4
2023-03-23 21:49:44,True,0.4951,0.00151,5222.1,7.88654,0x71...69e3,https://bscscan.com/tx/0x962df8cfd093efff00b21c05570562dbd8938c562ff316646ef0d9aad9f32f01
2023-03-23 21:49:41,True,0.495,0.001509,753.87,1.13824,0xed...4f31,https://bscscan.com/tx/0x524b9fdd6cf7b4ef5c281ce0ba24a5083f11581e8a3c84528f4a1861cca3c5cf
2023-03-23 21:49:41,True,0.4949,0.001509,2318.38,3.5,0x2f...e155,https://bscscan.com/tx/0xcc8ebfc82c9b64e9442b3ae115a6bb0122b8a8b7130a74ce3d1c1cbdbaaf7a74
2023-03-23 21:49:41,True,0.4948,0.001509,2318.81,3.5,0x3f...573a,https://bscscan.com/tx/0xd6a113403824009d9aa052ebcc8a9b78e5dc5b97a7e8739b8ac73117f3844865
2023-03-23 21:49:41,True,0.4947,0.001509,2319.24,3.5,0x52...1c7e,https://bscscan.com/tx/0xeaff767dffe58f46fb9ce4a346a5bdabef83829e2a115d06023ad0db3329ab44
2023-03-23 21:49:41,True,0.4972,0.001508,6515.71,9.82948,0xd3...ec6f,https://bscscan.com/tx/0x4a949022a54ea940ff2e194916ef7608d0b08290e33dd48e46165c53ec5053ac
2023-03-23 21:49:37,True,0.497,0.001508,2320.88,3.5,0x52...1c7e,https://bscscan.com/tx/0xa777eae132565a9aa84a6f674893f91b2f9a6f79b3c43f5548eae0870e964aad
2023-03-23 21:49:37,True,0.4969,0.001507,2321.31,3.5,0x3f...573a,https://bscscan.com/tx/0xcef8b1262068d6e699d88a67939a027727b5f420ba7f9961c381931a39fcbd32
2023-03-23 21:49:37,True,0.4968,0.001507,2321.75,3.5,0x2f...e155,https://bscscan.com/tx/0x09a97a61e14acd73fafc387c7921559f6ee0f3cca8a16c3d382d2ef9238614a5
2023-03-23 21:49:37,True,0.4967,0.001507,2322.18,3.5,0xed...4f31,https://bscscan.com/tx/0x704b188263300e7424ad8e3fdbcd574c9ac863e72fdb30d270a9714878c2b9c1
2023-03-23 21:49:37,False,0.4952,0.001502,50000.0,75.1273,0xcd...9c81,https://bscscan.com/tx/0x61bb44ef97e63b73ed577a90f6ff6c930d8fb60b0ff55fe810b5928752c075db
2023-03-23 21:47:47,True,0.4963,0.001512,8839.6,13.3705,0xd3...ec6f,https://bscscan.com/tx/0x0245e5d2b68f8fdd6a2130d1ba43c4025364032120e90f6c32d4977b72557383
2023-03-23 21:47:44,True,0.4961,0.001512,1154.0,1.74481,0xd3...ec6f,https://bscscan.com/tx/0xbc3f807217aec43b569536c8aece64265ce35a78c339571ae04ec4c6462ab6fe
2023-03-23 21:47:44,True,0.4959,0.001511,9179.63,13.8735,0x43...fe22,https://bscscan.com/tx/0xdd6c7a00d251306bd28900f40bf19d20fb8cab9aaeddbce70f17e5473f936c4d
2023-03-23 21:47:44,True,0.4956,0.00151,2407.59,3.63698,0x00...78d2,https://bscscan.com/tx/0x8a5906f7cf0ca7c2b97c39aa8777ea61393a01dab94f62d5c22aeacbf2200911
2023-03-23 21:47:41,True,0.4955,0.00151,2317.35,3.5,0x91...79fe,https://bscscan.com/tx/0x686d3a58ee336ea4d400ff46519bcebd2e1062956f7b77412990e3d3e181ad8b
2023-03-23 21:47:41,True,0.4954,0.00151,2317.78,3.5,0x8d...1b76,https://bscscan.com/tx/0x9fdb95b718ac71e000ede4b63976a6df9f1d2df3312fbec41b50460e9e5003b4
2023-03-23 21:47:41,True,0.4954,0.001509,2235.29,3.37482,0xed...4f31,https://bscscan.com/tx/0x5ed91ae9c98126064ca05ac78a1d53a2ae6940aa81400a62d93850b608e10aab
2023-03-23 21:47:41,True,0.4953,0.001509,2318.62,3.5,0xda...c952,https://bscscan.com/tx/0xc7e803b20cacf5435262fbf6f774cde80622fe5e6b74be2ee4b873a7f06612fb
2023-03-23 21:47:41,False,0.4937,0.001504,50000.0,75.2425,0xcd...9c81,https://bscscan.com/tx/0x3aed5d491005b873c99a8db96035b6347dba213d4c5ff2ab53c79e5625283fc3
2023-03-23 21:43:35,True,0.4971,0.001515,2309.79,3.5,0x62...1f10,https://bscscan.com/tx/0xbf4556c974b371345a997e4a56c3ac8b34b8e047bc68addf3d0580ae2cd5839e
2023-03-23 21:43:35,True,0.497,0.001515,2310.22,3.5,0x2f...e155,https://bscscan.com/tx/0x40d5b02b978553df940c3f104d5af5557589a14aae7ba69c0883751110bba6a9
2023-03-23 21:43:35,True,0.4969,0.001514,526.538,0.7976,0xda...6e1f,https://bscscan.com/tx/0x1b826505514f2a6359e9fed9b4fc9ac8619272a74c4f5d8566aec0d8b6409410
2023-03-23 21:43:32,True,0.4972,0.001514,442.6,0.6704,0x4d...74b8,https://bscscan.com/tx/0xa94c592fe337035ace982b4fb2b4fe097d299da18a39941d8abafd3c535f3b72
2023-03-23 21:43:29,True,0.4971,0.001514,2310.83,3.5,0xf2...bfcf,https://bscscan.com/tx/0x76c40a9a9067cc133f7fcd970afa05d53b32716e469200ca2411c9f11dbe9e53
2023-03-23 21:43:29,True,0.497,0.001514,2311.26,3.5,0x91...79fe,https://bscscan.com/tx/0xe072f4ab0f5c5ad0d260d1600ba0525e8fe98c65f639074aba8a8cfaeb14caa5
2023-03-23 21:43:29,True,0.497,0.001514,2311.69,3.5,0xed...4f31,https://bscscan.com/tx/0x60fa351369c3820b5e69c383a29bae550526a8c40ad5fff543fa928016ce4e05
2023-03-23 21:43:29,True,0.4969,0.001513,2312.12,3.5,0x0c...8533,https://bscscan.com/tx/0xc50164a3ac3b0562ebc1a9e1995ce66a3cfa3dbb17a30e50b71e55da4301f27d
2023-03-23 21:43:29,True,0.4967,0.001513,7693.5,11.6415,0xd3...ec6f,https://bscscan.com/tx/0x01494a6d1c7f59a492772c5ea8f74069a99dca3c332df81d9b89e38f57e8e429
2023-03-23 21:43:26,False,0.4943,0.001505,13195.1,19.8709,0xad...a9a6,https://bscscan.com/tx/0x9beaf8a9fe44e88e25454ca879f9d257c501d68e3e992d0888fd9d5521770f0d
2023-03-23 21:43:26,True,0.497,0.001514,2311.53,3.5,0x8d...1b76,https://bscscan.com/tx/0x486e22109ac76a92805cc471b6aa6924f5121fba8286a0da75858a5e19cbfdf9
2023-03-23 21:43:26,True,0.4969,0.001513,2311.96,3.5,0x52...1c7e,https://bscscan.com/tx/0x901c4f5fe11c927bac71ef7a78274d1bc63b6e3a98d8e53163862d946af7a066
2023-03-23 21:43:26,True,0.4968,0.001513,2312.39,3.5,0xda...c952,https://bscscan.com/tx/0xc9efbb513c01c482709ff52f388e4ad1eb896d6abdb08ed274c5fc8825672c84
2023-03-23 21:43:26,True,0.4967,0.001513,2312.82,3.5,0x62...1f10,https://bscscan.com/tx/0xc11dbd38c2e9f9124125cdd014c25e66052e2b66437b61f5b56174357be6a72e
2023-03-23 21:43:26,True,0.4965,0.001512,7693.5,11.6379,0xd3...ec6f,https://bscscan.com/tx/0x2d3e82468113ceb79a9340376f887b3ac2058c94a8a7c4ea11619e45f60176cb
2023-03-23 21:43:23,True,0.4963,0.001512,2314.68,3.5,0x8d...1b76,https://bscscan.com/tx/0x1281ccf786973d1e0c6b485750af2acaaa944b81f4f0c4c5f5c8c65be1d79fd3
2023-03-23 21:43:23,False,0.4948,0.001507,50000.0,75.371,0xcd...9c81,https://bscscan.com/tx/0x85d2d818a2c01f1ace75b95a8c78d2cab1c1a0e891c17de5d5a4a28c1ae33fbd
2023-03-23 21:41:38,False,0.4957,0.00151,84.4469,0.1275,0xf4...22e6,https://bscscan.com/tx/0x1c487c250f6725247a7689c7d317e8d37fc021f7b2d2678f3c1d9c27e7e78b29
2023-03-23 21:38:11,True,0.4982,0.001518,598.445,0.9084,0x70...8487,https://bscscan.com/tx/0xa16302ee8a478b0f53305a2a89a949b1a9cedbea7721ed18ae1d2c5f945897e4
2023-03-23 21:29:29,False,0.4981,0.00151,31.0,0.0468,0xa0...c091,https://bscscan.com/tx/0x417f3f3ba04a3dfcc3d2eeb31e20fbd6713cbfc8fb8d9c9411b2b82c2fb8890c
2023-03-23 21:28:41,False,0.4981,0.00151,42.1776,0.0637,0xfe...07e0,https://bscscan.com/tx/0xe55d8b8757f48f9b304d5d0f5b7efcecb5d9c9f98658596e8480a90a26143a6d
2023-03-23 21:27:38,False,0.4957,0.00151,4.77204,0.0072,0x1c...3220,https://bscscan.com/tx/0xa42f1cee05766b3c59a0b1b3498a4a9445cf147d5f7152fda4ced0ebecb2003c
2023-03-23 21:25:53,True,0.5006,0.001518,120.0,0.1821,0x39...8031,https://bscscan.com/tx/0xb4a1adfae4e5d542ff8b44c154931f7adff92881d5f222fa4b0ab448ffc4ea0f
2023-03-23 21:22:20,True,0.5005,0.001517,598.318,0.9082,0x70...8487,https://bscscan.com/tx/0x51b66b4fab2d79d5c7afabff5e3e1cce055b474ff9e72faa2508727d89f66b7f
2023-03-23 21:21:47,False,0.498,0.00151,3.0,0.0045,0x2a...6167,https://bscscan.com/tx/0x10d772e1b385dea00421370cb5adbfe44a19073298d0e610df139328e29bf316
2023-03-23 21:15:26,False,0.4957,0.00151,20.0,0.0302,0x3f...f4ce,https://bscscan.com/tx/0x5b2375c5dacf4b6deadde6c94de7126889a7ad332b1467656640dace30be3fd9
2023-03-23 21:15:14,False,0.4982,0.00151,32.086,0.0484,0x52...047e,https://bscscan.com/tx/0x341fd1b57f4aba00b1a73d2370d6af01aa073693529e3b3248ecb9ddb41a833a
2023-03-23 21:10:53,True,0.501,0.001517,2.0,0.003,0xcd...77ec,https://bscscan.com/tx/0x4d9f022faa596469beda8b7c864f06104fdf64fc0165e61817f9bf6210ad4880
2023-03-23 21:07:59,True,0.4985,0.001517,1170.6,1.77675,0xd3...ec6f,https://bscscan.com/tx/0x0e60a9ff83faca54aa5ebc092a085485e8d7245e6a3dbb9b2b14793c7bbd2e63
2023-03-23 21:07:56,True,0.4985,0.001517,1170.6,1.77659,0xd3...ec6f,https://bscscan.com/tx/0x5f69bca13427598d1ebecf0e17805c303ae05efea60534b77bcd6b37bb7b4a66
2023-03-23 21:06:14,True,0.5009,0.001517,598.043,0.9075,0x70...8487,https://bscscan.com/tx/0x65b5f831eae217c363f38921987ad97ac6f58efef6c964bf2d30ab5edcc521e4
2023-03-23 21:02:14,False,0.4959,0.00151,232.037,0.3503,0xf7...332f,https://bscscan.com/tx/0xde2c0520ad3847ec2a7ec9955c7923aa9ea76b5ecbdd46c00ba7bc0996f7c5f1
2023-03-23 21:02:11,True,0.4984,0.001517,242.336,0.3677,0x3f...66aa,https://bscscan.com/tx/0x0b31a8dfeac3902d39425b57cfad9e8749fa48a8e2682c241f46a79326821d18
2023-03-23 21:00:53,False,0.4984,0.001509,12.0,0.0181,0x8f...c477,https://bscscan.com/tx/0x6ff1477997a3f67276eef16b14f0ec19210e2fb5eeceab07c9373ab22cf10cd1
2023-03-23 20:58:53,False,0.4984,0.00151,200.0,0.3019,0xd7...7bd4,https://bscscan.com/tx/0xcea29db2ea8854a9c1d32f6cf3b6041df4c7ff37a9724cf63924ebe03030b75c
2023-03-23 20:55:53,False,0.4959,0.00151,5.0,0.0075,0x2a...6167,https://bscscan.com/tx/0xc87e328aa6c7a50bb1a8ed278d988c950ab87747de16924a7fe383e4fbc2e3cf
2023-03-23 20:55:35,True,0.5009,0.001517,5.98991,0.009,0xff...8c06,https://bscscan.com/tx/0x4590f574410afad135bc5f19b5a93d72d03f6295fce62f5efca0d2bece9a6a5f
2023-03-23 20:52:23,False,0.4957,0.00151,30.0,0.0453,0x2a...6167,https://bscscan.com/tx/0x0f9486c728312c302623cab11330f344f3f083c9144e5b3a6aca3671b7901b5a
2023-03-23 20:51:11,True,0.4982,0.001517,598.371,0.908,0x70...8487,https://bscscan.com/tx/0x065ea75b84d82fc4c3644f45d988a4299e25cb4c846ba2afe67f6f7b439fc9ae
2023-03-23 20:48:23,False,0.4974,0.001509,37.4952,0.0566,0x34...e4a7,https://bscscan.com/tx/0xa46cfc48bee1447292469dc095da5f63d74f0f557334e347819a118c9422ebe3
2023-03-23 20:45:20,True,0.5002,0.001517,2.0,0.003,0x5d...1cb0,https://bscscan.com/tx/0xe3b61f47cdce9dcd4523a97c226cbd9d1c17ac8ee7cf6785cfa9af3483cc7036
2023-03-23 20:44:17,True,0.5,0.001517,2.0,0.003,0x5d...1cb0,https://bscscan.com/tx/0x1dba577c8b207946e655bcc543af0fa92db3fb11bcfae5457e5613e2a938be27
2023-03-23 20:40:11,False,0.4945,0.001509,67.834,0.1024,0x84...9434,https://bscscan.com/tx/0xade8973d4c146a2fdd394448567ad71881a4cfef5bce4913677d3a95c6a29a3a
2023-03-23 20:39:41,False,0.4945,0.001509,3.808,0.0057,0x2a...6167,https://bscscan.com/tx/0x244305904723542ee57a26f2e8747b9070df161532dfc4493214e731e16e2ac0
2023-03-23 20:38:59,False,0.4945,0.001509,42.4142,0.064,0x2a...6167,https://bscscan.com/tx/0x0f46afb07d216bf2814aed5a81be0542e76a1cafd2da738d8acb1cff0839a8dc
2023-03-23 20:36:20,True,0.4965,0.001517,600.431,0.9111,0x70...8487,https://bscscan.com/tx/0xbf094e143ac0ab88e16743801ea1fb5f2ddd985b20c1960d360f449d771ef228
2023-03-23 20:36:08,True,0.4964,0.001517,3.2,0.0048,0xb7...b440,https://bscscan.com/tx/0x5de0fe7c08b0690beed86fa4f1207f82f763eceb266769230f357a48bcb41576
2023-03-23 20:35:59,False,0.4964,0.001509,613.705,0.9266,0x3a...0d95,https://bscscan.com/tx/0x1d72051c02891e77f46a640d574cfa2ce56c8c196e0a51629be0e4ff830c0a1b
2023-03-23 20:35:53,False,0.4964,0.001509,10.2494,0.0154,0x5d...d98a,https://bscscan.com/tx/0xf2e78e156ac635bcfbc98eeecaaf6c3059a8bb0bd399f0d20ba5b22947876cfb
2023-03-23 20:34:23,False,0.4962,0.001509,259.339,0.3915,0xf0...383d,https://bscscan.com/tx/0x8eda040c4d6ecffc067f8fb74e7ad9447cca687a262107d4e4c47f781b65826a
2023-03-23 20:31:32,False,0.4937,0.00151,392.583,0.5927,0xf1...1962,https://bscscan.com/tx/0xb38d46a624778b22478b0fd752739747de2b7d38696e4a1a284075b7c243569c
2023-03-23 20:28:05,False,0.4961,0.00151,69.776,0.1053,0x95...9051,https://bscscan.com/tx/0x9a2cf2d0ae7668f057d8d26d5b61add77077b8d592d0f5b5ebe73f3bf42ddd79
2023-03-23 20:25:50,True,0.4985,0.001517,10.0404,0.0152,0x43...5f3d,https://bscscan.com/tx/0x6ef7258241868e2a78ead05d5f7733ee28f4fd2f795c21feff8d461f3221b2ce
2023-03-23 20:24:50,False,0.496,0.00151,18.4424,0.0278,0x00...d25f,https://bscscan.com/tx/0x5328ac0d0c3e57ca1646ffee4e1bb0cd5d6e3c401607da3c84462d9b88bec3c3
2023-03-23 20:23:14,False,0.4935,0.00151,3.961,0.0059,0x2a...6167,https://bscscan.com/tx/0xaaea9ac35a9a0dc53e524b3d3c542b9dcc29b5432eae249bb5e11ec7fb112d3e
2023-03-23 20:22:23,True,0.4959,0.001517,849.3,1.28885,0xd3...ec6f,https://bscscan.com/tx/0x7919f84c0ee83dcd209e85dc3d25996907923da8e6a5b53aa37e9f2a7eb4514b
2023-03-23 20:22:20,True,0.4959,0.001517,926.0,1.40514,0xd3...ec6f,https://bscscan.com/tx/0x9b69028a9d5ec1b9ad368e7adc190d11d913d86cf7c20bcc7b090aabe811e81d
2023-03-23 20:21:53,True,0.4983,0.001517,3660.3,5.55323,0xd3...ec6f,https://bscscan.com/tx/0x441ffc83c2c47ec63564b7a4897a1b8f121a95dd60aa31f3d0714e837f974438
2023-03-23 20:21:11,True,0.4982,0.001516,601.386,0.9122,0x70...8487,https://bscscan.com/tx/0x5f5bf9bec760a860872384efac2dabaaad591f28feb75452551ff88a9d375fe9
2023-03-23 20:17:29,True,0.498,0.001516,200.561,0.3042,0x07...221f,https://bscscan.com/tx/0xa83c8d8ae570b35d17e9f0c7e0b49004a656e899651504a4ad222e8371b2cf8f
2023-03-23 20:13:11,False,0.4955,0.001509,2431.98,3.67084,0x00...78d2,https://bscscan.com/tx/0x62f68e1c2d6d8cfdbe43ac0bd27499796b9635b0293694dfbc072f0e453bedd1
2023-03-23 20:09:11,False,0.4932,0.001509,1092.9,1.64986,0x00...78d2,https://bscscan.com/tx/0x20157fabbd419ed3f4ad2f6e6dd9c598ca4e5445f654c7487c1d3da3abf4eb6e
2023-03-23 20:09:08,False,0.4932,0.001509,2433.7,3.67448,0x00...78d2,https://bscscan.com/tx/0x19a133ad579354100892233da436768202165393aa0771caa090024738367166
2023-03-23 20:09:02,False,0.4933,0.00151,2266.2,3.42222,0x00...78d2,https://bscscan.com/tx/0x6ea4e47fa7368e2617f0c2a097518839f3868d092ad38f89ad007d6f5d79b5a7
2023-03-23 20:08:59,True,0.4956,0.001517,13183.7,20.0,0x0b...a1ff,https://bscscan.com/tx/0x97fcd18fe01f63dba9d46f21c72afc3db57f4713bd466f4f0330b61ad41ec8df
2023-03-23 20:07:53,False,0.4954,0.001508,808.783,1.22021,0xc6...6cff,https://bscscan.com/tx/0xe2b0e921c5c666608fd689e72f8d26e8afb694ecb7ea52d02c8e573ec59587b8
2023-03-23 20:07:26,True,0.4954,0.001516,20.0827,0.0304,0x7f...4296,https://bscscan.com/tx/0x8f2ec380dc50bcf742a61352e8fa571b0870291866953d9f4a63cb0cca0cd859
2023-03-23 20:05:20,True,0.4955,0.001516,601.969,0.9127,0x70...8487,https://bscscan.com/tx/0x04fe25963eb44c5522f50e7d3a148f54964310beed5477a7f99d57e8b6d5cc5e
2023-03-23 20:05:05,False,0.4955,0.001508,2306.5,3.48009,0x00...78d2,https://bscscan.com/tx/0x20cc5be0b44b8944677144ea11c3d593de0e7310981e288c363944a4e241644e
2023-03-23 20:04:50,False,0.4932,0.001509,2349.0,3.54487,0x00...78d2,https://bscscan.com/tx/0x5eeb1e0bc840efd122b76e382c42a4132bf859601f16276b05434015361cad15
2023-03-23 20:04:47,False,0.4933,0.001509,2436.92,3.67825,0x00...78d2,https://bscscan.com/tx/0xe9f6d0fecaacb644ab0cd310570ba613062b0c608bc9b29d86d3ef65ba59ca4d
2023-03-23 20:03:20,False,0.4958,0.001509,3319.56,5.01165,0xb0...a41e,https://bscscan.com/tx/0x37de1a53e9116ebbef3ebe4588c8ae540bacf1da988c422918d8515cf798ebd9
2023-03-23 20:02:11,False,0.4959,0.001509,202.641,0.3059,0x5a...1b62,https://bscscan.com/tx/0x5830d2296e1f1e8d8c48eeb0fe420dcdcbe9c85851472114ab6e7eb7ea7e745b
2023-03-23 20:01:14,False,0.4956,0.00151,2431.98,3.67255,0x00...78d2,https://bscscan.com/tx/0x5ace311b877849c7d694a1be77377fe6eb39fc6216beab75258828959d52771a
2023-03-23 20:01:11,False,0.4957,0.00151,2431.98,3.67327,0x00...78d2,https://bscscan.com/tx/0xf4eb37af43c11e8ddcf233f32e2bc5934f4f59cddaa3100d53f5869885e09fd6
2023-03-23 20:01:05,True,0.4979,0.001517,13181.1,20.0,0x0b...a1ff,https://bscscan.com/tx/0x5c8ced6d88bca90347917c4c51897202ecc0b7b7db553c8a70c8132fb5175e11
2023-03-23 20:01:05,True,0.4974,0.001515,13195.1,20.0,0xec...7d80,https://bscscan.com/tx/0x261c3a4974ea0e2bd006c721866ab2808affd7f97505fb2c31e0ee18d60eafb9
2023-03-23 20:00:35,False,0.4915,0.001507,2058.7,3.10344,0x05...7eea,https://bscscan.com/tx/0x32895c0ddc0657e12c90605af5584d14cb09afed20a7518c1eaeff502ca32721
2023-03-23 19:59:01,False,0.4935,0.001507,2441.13,3.6806,0x05...7eea,https://bscscan.com/tx/0x092d15b04a165d002d641cec9a18caec68170dcacdfbadff9a90bbbe58b159a5
2023-03-23 19:58:55,False,0.4912,0.001508,2441.88,3.68245,0x00...78d2,https://bscscan.com/tx/0x7c942db2bb7222f34076d21d34168a18b5517d80b46310ddaf2e29566308ce9f
2023-03-23 19:57:25,False,0.4936,0.001508,67.0,0.101,0xd0...e4df,https://bscscan.com/tx/0xb6ee40ff90ff688e3977b23003510ed48f7988affd50693e5de3097b66866aea
2023-03-23 19:57:16,False,0.4936,0.001508,1697.0,2.55958,0x00...78d2,https://bscscan.com/tx/0x7ab8f4d229144145f1c685648fc85dd33be88df7d53b4463f443be6e0107b1c9
2023-03-23 19:57:01,False,0.4937,0.001508,2441.13,3.68256,0x00...78d2,https://bscscan.com/tx/0x818dc9ff3fce051ad31bf3128ab92689201f373109c43a7a6a9c5665bd117498
2023-03-23 19:53:07,False,0.4957,0.001508,295.453,0.4457,0x0e...cc64,https://bscscan.com/tx/0xbb9dcca5687b5a8aadf9877f160c2753b397ce4413142f3fa52e9e713cd4a9ef
2023-03-23 19:51:25,False,0.4932,0.001508,455.321,0.6869,0xe9...891f,https://bscscan.com/tx/0x7de0c685bc5fdd507f79eeb9d4bbcc373bf26991c2aaf14aa69b15726d69cab7
2023-03-23 19:50:40,False,0.4958,0.001508,1632.59,2.4634,0xe6...7358,https://bscscan.com/tx/0x3ffddfe48806840c94d7289fe8f000c205b1b717b55a814bf101980c347231e1
2023-03-23 19:50:13,True,0.4959,0.001516,600.896,0.9112,0x70...8487,https://bscscan.com/tx/0xbe5dff7fb349a360f6f9a8c9e9d950524f18d3238dd479291a120ee9584d5a51
2023-03-23 19:48:28,False,0.4945,0.001508,20.4281,0.0308,0x01...1349,https://bscscan.com/tx/0xd5efd79618e80d1bc7b6c471c9ce0b60ccefc01f6184547124b8154a854cd24e
2023-03-23 19:48:19,True,0.497,0.001516,65.7193,0.0996,0x2c...c9c5,https://bscscan.com/tx/0x2a8a7dc80e934ee72e654acce6c668150942481516bb2f8482609a67bfb262b9
2023-03-23 19:46:58,False,0.497,0.001509,2243.61,3.3857,0x00...78d2,https://bscscan.com/tx/0x7a74717e3d3203ae8ba3ca27d417ca3a3582c0c8c2ba90681cc485204702fe66
2023-03-23 19:46:52,False,0.4971,0.001509,2422.16,3.65583,0x00...78d2,https://bscscan.com/tx/0x9470f639e3093dbabb48db5688121346b139ceadddf69f9c2296f3ff4c104db8
2023-03-23 19:44:46,True,0.4972,0.001517,58.8372,0.0892,0x8d...137e,https://bscscan.com/tx/0x07c629d2f5caabcff9d158bfad707772e537afd4cb44168f8261d2e6eb74e655
2023-03-23 19:44:04,False,0.4973,0.001509,2427.06,3.66392,0x05...7eea,https://bscscan.com/tx/0xa2ea8d5bdd7f808df55df2d0c7c96a74ef7e43526390c21f26d5a42c7419a5ae
2023-03-23 19:44:04,True,0.4998,0.001517,72.5838,0.1101,0xa4...5543,https://bscscan.com/tx/0xec79da6dcdce2e7797048cd5fe2fa1efa9215a6f5bd12cdc624d36aea076ff85
2023-03-23 19:42:43,False,0.495,0.001509,497.7,0.7514,0x67...b7c1,https://bscscan.com/tx/0x6ffdf2545adc3e5162fcd0528cf864047a148a1ec46670ad3e970240a00773e4
2023-03-23 19:40:52,True,0.5003,0.001517,86.4718,0.1312,0x8d...137e,https://bscscan.com/tx/0x8f1b3c9f2a5fc8cb7cbd11c1205d08e95e050602b0fb87844a2ddbfba14281b8
2023-03-23 19:40:25,True,0.5003,0.001517,15.0,0.0227,0x51...c856,https://bscscan.com/tx/0xa21cbc15469d5162a70bb314c5dd2179795b925c5f91e5cd5dcf50b99144d083
2023-03-23 19:38:24,False,0.4953,0.001509,640.9,0.9676,0xf9...5ebf,https://bscscan.com/tx/0x3e489d3a301ff9d43d5432e34a947074ad29e43f897521b930ac6c24690aadae
2023-03-23 19:37:39,False,0.4978,0.001509,69.8564,0.1054,0x4d...69df,https://bscscan.com/tx/0x2816a2b8a35985047b15859b43198ca1009308a68831792b0b663123d40aa542
2023-03-23 19:37:06,False,0.4953,0.00151,1780.6,2.68869,0x4d...74b8,https://bscscan.com/tx/0xc98d0069903497d7988f2005d378fdc2fb184faf4017c04781ef223a68497977
2023-03-23 19:35:12,True,0.5003,0.001517,598.982,0.909,0x70...8487,https://bscscan.com/tx/0xaf57c8c6a177f4afca97c5e45c556f816d39126a0e3a3bf341268f5a4dc8d586
2023-03-23 19:32:54,False,0.4954,0.00151,795.608,1.20143,0x21...13d2,https://bscscan.com/tx/0x08e6fda2627d2539cb18ec93c200b0f3ac18fb14175a6f5b29f2160398671dfa
2023-03-23 19:31:21,False,0.4979,0.00151,10.6867,0.0161,0x31...2e5e,https://bscscan.com/tx/0xc476ac603bccea1a4230c1a5ea7129c6136a7425bf39df044f70235b616df892
2023-03-23 19:30:21,False,0.4982,0.00151,865.6,1.30721,0x3a...231f,https://bscscan.com/tx/0x72125b92e7066225b68c9e712f9686e59d2182f59602fb262a1d1423d8b3e9fc
2023-03-23 19:30:09,True,0.4979,0.001517,1970.58,2.99072,0x0e...001e,https://bscscan.com/tx/0x7b97f4ba28bd815674a6ef149b04494ab7aee91c98e383361b451a4b53e59e0f
2023-03-23 19:29:21,False,0.4979,0.00151,1669.3,2.52079,0xca...34d7,https://bscscan.com/tx/0xbfa4aa7a36b9010aa66c5f7f2891ba9f198814672ea6a83f4e889ae7b2b189fe
2023-03-23 19:28:24,False,0.4981,0.00151,302.664,0.457,0x5a...1b62,https://bscscan.com/tx/0xafb534e38504074d52db867fd6442bfc0e452e33d952ce1526a8470e30a1ac2f
2023-03-23 19:26:45,False,0.4982,0.00151,329.554,0.4977,0x27...c4ee,https://bscscan.com/tx/0x52e81d6068cbc44d477c7ff291bc49379436523a09f9d7acff20804f4254a9d8
2023-03-23 19:26:27,False,0.4982,0.00151,1827.4,2.76007,0xe3...d2ff,https://bscscan.com/tx/0xbbeeea02d87c7ee982a2683f6bd29067e22e0cd00b058562fd09f34ef2e1d6a6
2023-03-23 19:25:36,False,0.4958,0.00151,12.0955,0.0182,0x94...43b2,https://bscscan.com/tx/0x47ff409348f0d3610879a59c8060f7a7b7c0268470450c41afd8ba941e2f8e55
2023-03-23 19:25:15,False,0.4958,0.00151,2001.3,3.02319,0xc1...b919,https://bscscan.com/tx/0x10ca5046b857ec5eeb890d018b20988fa89ef60e796c17b33c786783c379a80c
2023-03-23 19:24:03,False,0.4959,0.00151,1153.3,1.74241,0x7a...c707,https://bscscan.com/tx/0xd48111ac4103ed2ed0e8555c1d6915dbcb6c28bf94eac3da289916a43c168561
2023-03-23 19:24:00,False,0.496,0.00151,671.9,1.01518,0x4d...74b8,https://bscscan.com/tx/0x6d56e3494325718c538a9e88e40089bf59070daa1a78beaa5d91bbc1188bb942
2023-03-23 19:23:57,False,0.496,0.001511,879.9,1.32954,0xc3...157a,https://bscscan.com/tx/0x619dae2d4abd2ac408f9f3c40250c0c014d4145d2f8b404dd109c717fbe47f63
2023-03-23 19:21:42,False,0.4985,0.001511,123.0,0.1858,0x52...ce00,https://bscscan.com/tx/0xb4d85482e5c8d6df278641f7e163340294832831975eb2103fe3e384eb8e9551
2023-03-23 19:20:51,False,0.4957,0.00151,34.7749,0.0525,0x89...3c6f,https://bscscan.com/tx/0x41184df17e0346ecfea75254eb82002a1c1deba1573db5311a0feeeacfc16ef9
2023-03-23 19:19:17,True,0.5009,0.001518,598.088,0.9082,0x70...8487,https://bscscan.com/tx/0xbf9eb8b87790875cd1a14ae0b0dada4eb9a63a0f6221d80022e91ecc1546e2eb
2023-03-23 19:17:24,False,0.4983,0.001511,108.25,0.1635,0xe1...fb50,https://bscscan.com/tx/0x8c02be01604faba42130df71872a4ccc2a9171c3b292a465a27544ba55e528b5
2023-03-23 19:14:24,False,0.4981,0.001511,45.0955,0.0681,0x3c...cfd2,https://bscscan.com/tx/0xddf62cebb5f6053422ffec2c673dc68c3ccdfa86a2d3079de7d787ffcc4c14e0
2023-03-23 19:14:00,False,0.4981,0.001511,4.0,0.006,0x3c...cfd2,https://bscscan.com/tx/0x438043d240c676c9e1a928c58a1b5f555dd24b8adeb8f02474cceaf26ab33b29
2023-03-23 19:13:15,False,0.4981,0.001511,2916.46,4.40736,0xd3...ec6f,https://bscscan.com/tx/0xdc93210ba0124dd8e83baf8093dc5bfff04261477f188a0dd00d89673c7bd688
2023-03-23 19:13:12,False,0.4958,0.001511,3770.21,5.69909,0xd3...ec6f,https://bscscan.com/tx/0x8e0147e5f77e0b020ab64766b5079577e37139368c3b91c954b0ff22c52d0af7
2023-03-23 19:13:09,False,0.496,0.001512,3794.36,5.73733,0xd3...ec6f,https://bscscan.com/tx/0x6ac0fa5c8c14f73f1fc7c20c60952f10c3e4f6df735687be8090f43bd6b957b8
2023-03-23 19:13:06,False,0.4961,0.001512,5013.81,7.58391,0xd3...ec6f,https://bscscan.com/tx/0x8543ff3f2a41bf75514a951a51e1060f416389b57cad8201488b2ef4ae77b0d0
2023-03-23 19:12:21,False,0.4988,0.001513,1962.0,2.96856,0x28...8576,https://bscscan.com/tx/0x13088668a2cda65ac5c70dc4758b34a6de89b3acd71188d0227049011d1ad0f7
2023-03-23 19:10:24,True,0.4982,0.00152,235.097,0.3575,0x35...aca7,https://bscscan.com/tx/0xe816f80ae8e96b3fd51f0af50206c9a1c1e939b878858b6c878cc39afcd4a1af
2023-03-23 19:09:54,False,0.4984,0.001513,29.25,0.0442,0x42...a34c,https://bscscan.com/tx/0x7a748108d14fa112d719350fbb48d0745c8ebffafa122189b98ecfaacf295eaf
2023-03-23 19:08:15,False,0.4985,0.001513,97.4007,0.1473,0xc9...cdad,https://bscscan.com/tx/0x57f2e780dd4e66c500917a1ec9124b8ae4c07df6ecd73bebfee7885b791230ca
2023-03-23 19:06:00,False,0.4985,0.001513,96.7831,0.1464,0x72...8f05,https://bscscan.com/tx/0xfdf31930171a33d0e552197df8f4dc4b69ae3dcf98b868230105708532167d57
2023-03-23 19:04:39,False,0.4958,0.001512,351.574,0.5317,0x4f...4f68,https://bscscan.com/tx/0xdff1aa90f0c992845afaa460e34a5e5e7270c67391f55b0de5d330cceec3c6a9
2023-03-23 19:04:30,False,0.496,0.001513,11.3719,0.0172,0xae...c0f3,https://bscscan.com/tx/0xeaba46c25895d68ed5e9cb1689d745147702d4d1d0c9f2f0ac203a004dd01e82
2023-03-23 19:04:12,True,0.4985,0.00152,597.851,0.9091,0x70...8487,https://bscscan.com/tx/0xa491d1656450da1f82b31fc544d10fddf22f74127e33fed946e717cca8e2ef23
2023-03-23 19:00:29,False,0.4959,0.001513,20.52,0.031,0x70...35ce,https://bscscan.com/tx/0x2e3822c9c2749e0f0e78e7e4f254742d7b84933ce7343fe1cb91a5c63b0f7051
2023-03-23 18:56:37,True,0.4992,0.00152,26.5051,0.0403,0x70...35ce,https://bscscan.com/tx/0x81d20829cdd581f209b2f4adc60156dd0c87538e73eef6c2348cc5de34ba2247
2023-03-23 18:53:55,True,0.5019,0.001521,33.0154,0.0502,0xd4...fcbf,https://bscscan.com/tx/0x49bda29fdd2a7b54a7f091ba51206e439d70bdb50041270b85846c8c6ffcae2a
2023-03-23 18:53:25,True,0.4994,0.001521,26.0604,0.0396,0x9a...04eb,https://bscscan.com/tx/0x3daa4fc005d902868d2b533b8c7453552017f1a622f1a06e0ac8462145641dcc
2023-03-23 18:52:22,False,0.4992,0.001513,353.708,0.5352,0x83...8706,https://bscscan.com/tx/0xea25fd8512a1b0de9014fe542903a35ed73ad1f76c241db4d33da90c073436bf
2023-03-23 18:50:40,False,0.4991,0.001513,17.3726,0.0262,0x2a...6bb6,https://bscscan.com/tx/0xea55c3512d34b3c6cc48becd8aa45695ce14c4be07667d9dd8e5d1e85cf7d772
2023-03-23 18:43:58,False,0.4991,0.001513,290.745,0.4399,0x93...7629,https://bscscan.com/tx/0xf0c148cff0ab9f13aedc30dfa1fcf7147bf975fe55b189371d872d9c6183361b
2023-03-23 18:43:52,False,0.4991,0.001513,310.0,0.469,0x83...8706,https://bscscan.com/tx/0x92199c3dca4ea6295bbce122ee914551a146f358d55db8aa31a40e6bd8418c47
2023-03-23 18:40:55,False,0.4992,0.001513,703.682,1.06486,0x83...8706,https://bscscan.com/tx/0x5e75aaa16f200a1fd27023273d8b3a8ba9ba81da74b548571d0671dca824e9aa
2023-03-23 18:36:16,False,0.499,0.001513,43.2901,0.0655,0xee...57ff,https://bscscan.com/tx/0xfa3dac188238b49eb39bce19aae1500b9a5778738ff2f4c3f4c3e05cf4ac57f3
2023-03-23 18:35:58,True,0.5018,0.001521,32.5711,0.0495,0xff...7c56,https://bscscan.com/tx/0x532000cacc47371a87397dc26ca883d5b36911e3858b2c0f3e209b962cdbf6df
2023-03-23 18:31:13,True,0.5014,0.00152,4.0,0.006,0x39...84ea,https://bscscan.com/tx/0xffd03d85613a4b5ab49e288f14a8e1edb5accf2650b513e3c9c009bd959329d2
2023-03-23 18:24:34,False,0.4995,0.001513,6.85094,0.0103,0x84...da51,https://bscscan.com/tx/0xc3a94b6cd059d6d784b2ed69ea777c51ae3d1bd3f2b181f62e46429c8ffb1cf1
2023-03-23 18:24:28,True,0.502,0.00152,59.1753,0.09,0x39...84ea,https://bscscan.com/tx/0x47c945f74d957336b461b3a776038dafe5c5db3750411e3a29546bec909ec2d8
2023-03-23 18:22:04,True,0.4996,0.00152,190.678,0.29,0x82...c8d8,https://bscscan.com/tx/0x2840eb8b573cd83b33a4d5acce4a7b96294b2bf0c82090128bff1a4954a8dee9
2023-03-23 18:21:30,True,0.5021,0.00152,39.7709,0.0604,0x1a...0c99,https://bscscan.com/tx/0x4fc13ec4b48871a1e640acdd5ea9d6babd92013e0cd58f48a44f0ef6551dada2
2023-03-23 18:21:03,True,0.5021,0.00152,26.0,0.0395,0x84...da51,https://bscscan.com/tx/0x9530499760a2c465ca8793ec916824bf1d85a590ce46eb1db0f84580829030ff
2023-03-23 18:20:11,True,0.5021,0.00152,96.0,0.146,0x84...da51,https://bscscan.com/tx/0x61659b70e5d1a54a98791fcf62681ade0059661a35593c2e579e691d6b61040e
2023-03-23 18:20:05,True,0.5023,0.00152,31.8401,0.0484,0x1a...0c99,https://bscscan.com/tx/0xefdfa4d0710e4cbbeffdae1cd684eb2e02edccbb63969bfe80f25891a0f9c14f
2023-03-23 18:19:34,False,0.4994,0.001512,915.0,1.38399,0x21...9618,https://bscscan.com/tx/0xf331448b4ceb3bfd25c0c897a01e99bb71632690678addc70f542a7bcb290b61
2023-03-23 18:18:35,False,0.4971,0.001513,20.0,0.0302,0x3f...f4ce,https://bscscan.com/tx/0xe6e34cf1c00510b7bb227be77d5427c7c3dc5b43a93bdc242361f0ecf74ff063
2023-03-23 18:17:46,False,0.497,0.001513,40.1763,0.0608,0x02...f2c0,https://bscscan.com/tx/0xc4e7f044b79811d15f8bb7656c16c4dc6b33e0cec8f76197bd80433c860ddd69
2023-03-23 18:17:46,True,0.4995,0.001521,20.0,0.0304,0xdc...0086,https://bscscan.com/tx/0xa0a9c9d653365f42debeab4614af1b52852a646988fca50c3ad8d219afb99d8d
2023-03-23 18:13:37,True,0.5022,0.00152,357.902,0.5443,0x93...7629,https://bscscan.com/tx/0x3aafb38be0513d2e8980f63ab007a8c8d9664a6429dee1e99de10d77eb6c2a10
2023-03-23 18:13:19,False,0.4972,0.001513,533.304,0.807,0xb6...4073,https://bscscan.com/tx/0x99907343803fab53aadc31bd0a0b78ca788b7491da0c0439a8e11a9c5c5f7cda
2023-03-23 18:11:49,False,0.4998,0.001513,40.1661,0.0607,0x02...f2c0,https://bscscan.com/tx/0xa9d935b861f66cc3ae4a70fb2b1cfbd96ab250f23f9c91765db54208490c9a6c
2023-03-23 18:10:58,True,0.5,0.001521,21.6581,0.0329,0x8a...f68b,https://bscscan.com/tx/0x832118a57f471361abf6c94e79318fd335790ad99a0b38b7512bbba2d9c569d2
2023-03-23 18:08:46,False,0.4973,0.001513,13.66,0.0206,0xa7...efed,https://bscscan.com/tx/0xd0e31827620c2f2ba48d94bab4aa779fc30c24e0c443d3ba449431be13a01b28
2023-03-23 18:07:49,False,0.4973,0.001513,19.3,0.0292,0xcb...4b28,https://bscscan.com/tx/0x7d0fd5648f89bb124466a16c48f83b8a339e0eb078bf64881cb337d517767c41
2023-03-23 18:06:25,True,0.4998,0.001521,457.864,0.6964,0x5a...1b62,https://bscscan.com/tx/0x6ca7093a585f0d3c13b18d273859b3455f1ea8888a745ed95fee9a2caa724d77
2023-03-23 18:05:34,False,0.4973,0.001513,51.3163,0.0776,0x4d...69df,https://bscscan.com/tx/0x0ef297b7db803e54e2f1afb9e6a4de358c153b3669898e5c4e24e0679cfcae77
2023-03-23 18:02:58,False,0.4998,0.001513,69.0,0.1044,0xbd...4b01,https://bscscan.com/tx/0xf5f662526dba928d3a861e51a4273909b9da83cff20580e84632e56136241cbf
2023-03-23 18:00:52,False,0.4973,0.001513,19.5981,0.0296,0x8c...1120,https://bscscan.com/tx/0xabac9a081ba160c461b584cbe1d3709662abe93edff5be85693c3893a27dbdc7
2023-03-23 18:00:19,True,0.4998,0.001521,0.0275,4.188e-06,0x8b...6566,https://bscscan.com/tx/0x9892ed37eea9720f320fbac263b3a8cf646db1043058e619cc4d39e663be302f
2023-03-23 17:58:07,False,0.4997,0.001513,10.0,0.0151,0xab...4cbf,https://bscscan.com/tx/0x82d1a880a723f0f396ee025c30631a39c3d5a92a157530cde3940aaacc65a35b
2023-03-23 17:57:34,False,0.4972,0.001513,4.0,0.006,0x8c...1120,https://bscscan.com/tx/0x1a1eaa2f0590b339c31f2cc3f87d5eebb623ecc6802ab3368603211e363cc14b
2023-03-23 17:54:16,True,0.4994,0.00152,8000.0,12.1638,0xca...4df6,https://bscscan.com/tx/0x3f7f1595b876cb8a931169fa0147c7fa3210ce399c368f70769610c95b9ecaf7
2023-03-23 17:45:40,False,0.4995,0.001512,16.2005,0.0245,0x1f...c511,https://bscscan.com/tx/0xa9dbbd9b64e9f0157c697d50831fcbe0f6d4ab480e87892c3d72caaea1dd6cbe
2023-03-23 17:38:22,False,0.4974,0.001512,13.8934,0.021,0x1d...d599,https://bscscan.com/tx/0x4128377412140cf162247f52e60d7272b6ba4b470caf9179e87a9e2f2a1e6d51
2023-03-23 17:31:55,False,0.5004,0.001512,10.6723,0.0161,0xd8...c39a,https://bscscan.com/tx/0xac9713b8b08fb077129d36e1dbc68952e1340dc874400d8a55373575cdf92cb8
2023-03-23 17:30:31,False,0.4977,0.001512,33.6189,0.0508,0x03...9e1a,https://bscscan.com/tx/0x220818b64ea9158ed2445267e5245d2e417d2cb56dd1303aa5fe99cc622a20bb
2023-03-23 17:28:49,True,0.5028,0.00152,5.95202,0.009,0x5d...3f72,https://bscscan.com/tx/0xbb6ec4653fc6ae16ea9c0197cad155d298b0b8730dc4aaa2363e40ee7f7af711
2023-03-23 17:27:43,False,0.4979,0.001512,3061.2,4.63032,0xd3...ec6f,https://bscscan.com/tx/0x337653de3fe99fe98f46ad098d7e9d6d597d53c47b70b63682cc0bfbeb3d3a06
2023-03-23 17:23:31,False,0.5006,0.001512,26.042,0.0394,0xf0...0f35,https://bscscan.com/tx/0x22f51915151527e82f2f34d561d570a1668e4502250766a79c2fede0ee49858e
2023-03-23 17:22:31,False,0.5004,0.001512,841.054,1.27237,0xf2...eb09,https://bscscan.com/tx/0x4277b8392df7cc2ce3e4ef00f9138a4c6baf7fa95f86146a6df080ccac6424b6
2023-03-23 17:19:52,False,0.5003,0.001512,206.244,0.3118,0x23...5b9c,https://bscscan.com/tx/0x4ed7f67fd42feb1ae7f6f32648b50bf0ae9f9d1583072d705f96347125bfc9b2
2023-03-23 17:16:34,False,0.5011,0.001512,14.6049,0.0221,0x1e...3202,https://bscscan.com/tx/0xcb190376a3bb9c9146810856a7228559c0cef35a0857f2bcec1e2625278ff3a0
2023-03-23 17:13:04,False,0.4992,0.001512,5.16657,0.0078,0x3d...ede3,https://bscscan.com/tx/0x0d4b65d84badf3bf18e3e6b10538e93d7a4bafcc705f371881c833484047aef0
2023-03-23 17:12:52,True,0.502,0.00152,436.038,0.6629,0x5a...1b62,https://bscscan.com/tx/0xc3e42d919bc3a55e8fcbdd4f2f4d7b2c6a81ab5ab77e979b01e3d5c954fb4401
2023-03-23 17:12:25,False,0.4995,0.001512,31.7564,0.048,0xb6...5659,https://bscscan.com/tx/0x3464e1f9d71cfabd853b30c18facb8dbf60d804dec45dfc7cc09a42805c44309
2023-03-23 17:10:25,False,0.502,0.001512,5.0,0.0075,0x0f...b7da,https://bscscan.com/tx/0xf16bb14ba03f66c0348e677e860c549d0d56da904a3860b2479ed0ca4f465e3d
2023-03-23 17:09:04,False,0.5015,0.001512,59.7845,0.0904,0x29...af82,https://bscscan.com/tx/0x4c55afba515d20e7e5f83fcba86cf2ce707a6da9bd4584b2eaf91908db760de8
2023-03-23 17:08:25,False,0.4989,0.001512,6.72997,0.0101,0xfb...a591,https://bscscan.com/tx/0xde8407230dd22b54ed2f9757c698f9c6e951bc769775a682ea8263fd022255e7
2023-03-23 17:03:09,False,0.4986,0.001512,156.403,0.2366,0xb3...080c,https://bscscan.com/tx/0x8ebdd22d73535e232314f7a7904279b72c0a7fe60f80632304627b407303af75
2023-03-23 17:01:57,True,0.5035,0.00152,2545.3,3.86967,0xd3...ec6f,https://bscscan.com/tx/0xfc9e9fff9d53bbba7c28e145a9bb21be0ea632ac736d665b60cbe051631d4252
2023-03-23 17:01:54,True,0.5034,0.00152,3215.1,4.88686,0xd3...ec6f,https://bscscan.com/tx/0xe98f6204de5d29e0c48ee31d62fd3fb66140a8a0babbf6e949759e15a2e148e3
2023-03-23 17:01:15,True,0.5032,0.001519,4980.66,7.56798,0xd3...ec6f,https://bscscan.com/tx/0xb47273d3001db05ef201e81fcd38690a4b5fc51169194bd0f8f656ffbbcbd6cf
2023-03-23 17:01:15,True,0.503,0.001518,5021.74,7.62737,0x2c...015a,https://bscscan.com/tx/0x71f5117b4eb26adee33fbab58ee1e30fbd662acf6f6fa8903fd08d457c6be1b8
2023-03-23 17:00:12,False,0.5004,0.001511,1516.1,2.29094,0xd3...ec6f,https://bscscan.com/tx/0x5faca6faa8d88cc16ef57ab8389096a797f60eb8db6d51e627752a8819a36ece
2023-03-23 16:54:45,False,0.5002,0.001511,62.2199,0.094,0x41...d140,https://bscscan.com/tx/0x1f279e33af9bdbdfe5fe478f5f63e423222484c2324c55771e0f86522e83af6c
2023-03-23 16:51:30,False,0.4988,0.001511,71.7689,0.1084,0x4e...6794,https://bscscan.com/tx/0xda7d2f3a7e5fdecb5710bed2d3e87d93e9073f8968948f4a76917d87f5627632
2023-03-23 16:49:06,True,0.5009,0.001518,748.0,1.136,0xd3...ec6f,https://bscscan.com/tx/0xb6ae0bd30a7182f7e988df4df28f451ac06e567d22737862eedaeba18d903398
2023-03-23 16:48:37,False,0.4983,0.001511,24.4679,0.0369,0xe6...82f2,https://bscscan.com/tx/0x09d5884140a2ee4d71089d02bcf53959c7eb7d8836f00f687e5aae402bc168f8
2023-03-23 16:47:13,False,0.4984,0.001511,56.0,0.0846,0x2b...49b5,https://bscscan.com/tx/0x56dcb39b0eb60520b2a8539672e761cc96ac9beb9fea8a5eae328dd1e047379b
2023-03-23 16:46:34,False,0.4981,0.001511,17.5676,0.0265,0x8f...dff0,https://bscscan.com/tx/0x32bcbc49a90efacd86a282d03fcf5d06611a95adefa7392218876880e04123aa
2023-03-23 16:46:25,False,0.4981,0.001511,13.2537,0.02,0xc3...ec8f,https://bscscan.com/tx/0x7954d66fb63632405a7572a78e0d88c31c0a9aca8ab3c855f782bf2f7f01c89c
2023-03-23 16:45:13,True,0.5005,0.001518,597.055,0.9067,0x70...8487,https://bscscan.com/tx/0xfc0debef59f3de804b806e881aff0bda111f3cc21dfa3d54599bd35a1fc57a30
2023-03-23 16:44:25,False,0.4953,0.001511,58.3974,0.0882,0xb4...6d63,https://bscscan.com/tx/0xc439f25ece962a643f620b3094518cf9e653aac9ec8bf94cb4b6306c4cbbc6c8
2023-03-23 16:42:40,False,0.4978,0.001511,16.7428,0.0253,0xd6...8e83,https://bscscan.com/tx/0x65b1a186a978388d44104c64a699dfa6b555289645557cee2431e7d611e6821c
2023-03-23 16:41:43,False,0.4978,0.001511,5.0,0.0075,0xf2...b24c,https://bscscan.com/tx/0x5b4f0551734f17cdab4d46ee318cdbba86bef0da5fec07d0f7b4aebe11834376
2023-03-23 16:41:34,False,0.4953,0.001511,98.2778,0.1485,0xd4...d5df,https://bscscan.com/tx/0xacf71a036dc2bd70317bfdabd04a23469ecd51f8f6f77bb8427f7757d18e6bc2
2023-03-23 16:36:46,False,0.4961,0.001511,3810.42,5.75862,0xd3...ec6f,https://bscscan.com/tx/0xbb9f8218aea29ecca853d4e55e3e34515ab8468a70953a0264579baa5d7beac4
2023-03-23 16:36:43,False,0.4963,0.001511,4864.97,7.35488,0xd3...ec6f,https://bscscan.com/tx/0xbf5b69754de040a8627ffb210cea3f517c0f5f46a00eb702f98c74a11d55b30a
2023-03-23 16:36:16,False,0.4964,0.001512,2756.8,4.169,0xd3...ec6f,https://bscscan.com/tx/0x7e69dc1de78f00c885a2f2e883c3ac9de74ed18ddda2c0a8d7e8db8d97d1aa6c
2023-03-23 16:36:04,False,0.4962,0.001512,5.0,0.0075,0x9f...e640,https://bscscan.com/tx/0x43ea591d2d35a59da32d4ceda7ee53908b9749c37637fefd414a5323746d1ae1
2023-03-23 16:36:01,False,0.4963,0.001512,3621.07,5.47739,0xd3...ec6f,https://bscscan.com/tx/0x39a285865404ab1be24e422c29290a7a5f13dad79387fd68fc91e7ec8acef99f
2023-03-23 16:35:58,False,0.4964,0.001512,174.169,0.2635,0xd3...ec6f,https://bscscan.com/tx/0x9ad5f7b3bc8a42894b706008aabf40dc8906ccdc096ca26629eecfd868c9c66d
2023-03-23 16:35:52,False,0.4959,0.001512,18.0,0.0272,0xe3...6d77,https://bscscan.com/tx/0xeea553f150477e922afd4af816a0247a2a39d43283259d3a547f22f8df62c681
2023-03-23 16:35:46,False,0.4962,0.001513,3814.12,5.7712,0xd3...ec6f,https://bscscan.com/tx/0x94bf70b2afa75b0e36b039e64fcfc298e70c57674974f918eceb5b5c77199efb
2023-03-23 16:35:43,False,0.4963,0.001513,3761.06,5.69264,0xd3...ec6f,https://bscscan.com/tx/0x9b9af6e111739da04ea5571ee56aa4b11494997bcd6d740761f23782897a35dc
2023-03-23 16:35:34,False,0.4991,0.001513,53.7419,0.0813,0xa0...177a,https://bscscan.com/tx/0x3f8a95cae31b1630c66a4410cd4575c0683b0e7d96f73a9553719bff9258bcf7
2023-03-23 16:34:46,False,0.4986,0.001514,3619.61,5.48017,0xd3...ec6f,https://bscscan.com/tx/0x6774ac030e2057d6e2c9a26ca1c165a84ed415cc82c1793323541cf67b4c2e4f
2023-03-23 16:31:19,False,0.4987,0.001514,5.0,0.0075,0x58...e1d9,https://bscscan.com/tx/0xbfcfa65a2a235fde800996ddf356bfe6f02ae858e1f0a0d1455ba02fcd45119f
2023-03-23 16:30:36,False,0.4988,0.001514,7893.01,11.9557,0x0c...8533,https://bscscan.com/tx/0xd16dfd95af7fd97a59e72dc9515ac03b4bdc436cc2cbfa698dfd284d18308ea8
2023-03-23 16:30:27,False,0.499,0.001515,5.0,0.0075,0x07...080d,https://bscscan.com/tx/0xb8297bb6bc16cd4b950f84366b6809a16727a017ffb5121076f86012e8844e6d
2023-03-23 16:29:20,True,0.5012,0.001522,596.919,0.9089,0x70...8487,https://bscscan.com/tx/0x87a9fa04a1d2aff53972f6d34996550b340a2ee50d00fe18c6cdd2d8a8f32d23
2023-03-23 16:28:38,False,0.4964,0.001515,3.71001,0.0056,0x33...5341,https://bscscan.com/tx/0xfe3b595923780a7da449508235775f3f0801ffdeb5a699bacffd401e7a3ef9b4
2023-03-23 16:28:15,False,0.4988,0.001515,7.75548,0.0117,0xf0...08f1,https://bscscan.com/tx/0x0ff068f15ab10b31bc6305bd836af90b747fbe7aa8cf32f32b0c285531d262ba
2023-03-23 16:24:47,False,0.4986,0.001515,112.291,0.1701,0x34...e4a7,https://bscscan.com/tx/0x3a09f3159ccff45b51a7bb0b3eaecff11c6219e4f20e78c460bc90aafb84a62e
2023-03-23 16:23:32,True,0.5024,0.001522,1877.8,2.85919,0xd3...ec6f,https://bscscan.com/tx/0xaf2850753d17562f3b3ab0c66bef670ec41c80963f141016f03ee65026247417
2023-03-23 16:20:56,True,0.5,0.001522,1710.5,2.60408,0xd3...ec6f,https://bscscan.com/tx/0x8cb03c86599ce4f20882da251be391b270eae65f0c960327b7bb0313157ad8db
2023-03-23 16:20:38,True,0.5005,0.001522,60.1479,0.0915,0x55...c878,https://bscscan.com/tx/0x7362ec0becee32b02f771b8fc65895a9cf30b33e474231e7e92f277fe5be8064
2023-03-23 16:20:29,True,0.5005,0.001522,606.8,0.9237,0xd3...ec6f,https://bscscan.com/tx/0x80dfd874845d5cdb4b2a9f9e24abffc2ba3a61f9ac4554a502b83176bf46814f
2023-03-23 16:20:26,True,0.5005,0.001522,606.8,0.9236,0xd3...ec6f,https://bscscan.com/tx/0xb87282e38a1a792a12141ec884125a862a6827c9f46c877c5a1bc547328ec2b0
2023-03-23 16:17:17,False,0.5005,0.001514,38.4671,0.0582,0x7d...61ad,https://bscscan.com/tx/0xcb3e7df74b97acd3ebf974a8f7c3b0fc524ddccc4f73e6376d39d3541b01eab6
2023-03-23 16:16:53,False,0.5004,0.001514,21.7314,0.0329,0x52...8d7e,https://bscscan.com/tx/0x27c1a0c75887bd6c4565178fde26fa395b9360189353e325b818c3fa7df03707
2023-03-23 16:16:53,True,0.503,0.001522,5.50116,0.0083,0xd3...ec6f,https://bscscan.com/tx/0x3d5ddafb82b63fac9d84c2dfb0290152fefd5de92ab69161cbfa323384ffbd70
2023-03-23 16:16:53,True,0.5029,0.001521,4401.7,6.69889,0x0e...7558,https://bscscan.com/tx/0xe613f6227f475d505be295e97daee8d1e6b65eef318654c1e5387106deca975b
2023-03-23 16:16:50,True,0.5002,0.001521,3943.78,6.0,0x0c...8533,https://bscscan.com/tx/0x07b019fb28b7c39a0409315f5cae1d7992c76c3f7c0191b82a82e2c1968e0815
2023-03-23 16:16:50,True,0.5,0.00152,4477.1,6.80909,0xd3...ec6f,https://bscscan.com/tx/0x64030c07768964941b8f3da3773c792e057a0bf46a0683e1401352177473b514
2023-03-23 16:16:47,True,0.4998,0.00152,7424.35,11.2861,0xd3...ec6f,https://bscscan.com/tx/0x2840ebfa15c69c225238026fad9c389d71acf05aa089a8c799547902d4c936f8
2023-03-23 16:16:44,True,0.4996,0.001519,1448.31,2.20087,0xd3...ec6f,https://bscscan.com/tx/0xeec0e0e3a65e80e059c4b7dde5a7ddb9724eaa4cb80e194f1f380d06fa2fdc42
2023-03-23 16:16:44,True,0.4995,0.001519,3949.22,6.0,0x2f...e155,https://bscscan.com/tx/0x62af74aa93affd64b9cda0c9cb691fd997555f2bd86a78093c4f2583a48a758f
2023-03-23 16:16:35,True,0.5018,0.001518,2740.48,4.16246,0xd3...ec6f,https://bscscan.com/tx/0x3a48841d80257846e8a95c0779c3a67f273e91f2f10b229cac04cfb939565c5d
2023-03-23 16:16:32,True,0.5017,0.001518,2812.2,4.27045,0xd3...ec6f,https://bscscan.com/tx/0xd9b70cbfa0a8282cc197c9d8153edc300a12a692c1fdbfa3252c02cc3f3a8a97
2023-03-23 16:16:26,True,0.5016,0.001518,704.6,1.06982,0xd3...ec6f,https://bscscan.com/tx/0xf6aee3aacc75c87c1053b4fc3e4c4d15b24c96c050853d2ec5d8cc1c0493e365
2023-03-23 16:16:08,True,0.5009,0.001518,1723.6,2.61675,0xd3...ec6f,https://bscscan.com/tx/0xa1a4cc5a095167e0f88914dedb5566319b13eab60e48f7bc96e3eec8c42842ed
2023-03-23 16:16:02,True,0.5009,0.001518,398.8,0.6054,0xd3...ec6f,https://bscscan.com/tx/0x7b16fdec13d331ec7eef560348c008288af8f9cdfd68e3153a44d3dc86f0b1e3
2023-03-23 16:14:26,True,0.4996,0.001517,2449.3,3.71776,0xd3...ec6f,https://bscscan.com/tx/0x0cc80d803385a6f7a79bd3dba6286de148ddf09e268c676018146140b77d7489
2023-03-23 16:14:11,True,0.4995,0.001517,600.024,0.9106,0x70...8487,https://bscscan.com/tx/0xd69ff46d338d1e7b19fb7150f150fbaf3e465fcc9e395fae561b5185477aeb11
2023-03-23 16:11:05,False,0.4938,0.00151,43.8409,0.0662,0x7e...0285,https://bscscan.com/tx/0x19a863265b8636c1c61cefb760b452e2cba0def692bdbbbaab588888eeb5af21
2023-03-23 16:04:21,True,0.496,0.001517,15.0,0.0227,0x16...a3cf,https://bscscan.com/tx/0xc26c64cb1c9c59047877879654d5938294499a3a80081e79b57345c03ee4c018
2023-03-23 16:03:36,False,0.4932,0.00151,251.79,0.3802,0xc2...2b17,https://bscscan.com/tx/0x0224318accd4920bbd1e35cdbc46d1780324618b89f5e878dd3a1e649eb838cb
2023-03-23 16:02:48,True,0.4979,0.001517,3837.56,5.82338,0xd3...ec6f,https://bscscan.com/tx/0x74234f1209d9046295860959222d2aee443997daf00aa315c88111062da348fb
2023-03-23 16:02:24,True,0.4953,0.001517,2002.92,3.03866,0xd3...ec6f,https://bscscan.com/tx/0xdfcbba26f428027b2bc634afaaa0757ace651a23b4474a86772bae4acb56519b
2023-03-23 16:01:12,False,0.4927,0.001509,10.0,0.015,0xd0...d850,https://bscscan.com/tx/0x5269cae17a70f241f80dc063ddf09bd65fac1e493c8cf6c4c08d948f84e6febe
2023-03-23 16:00:44,False,0.4943,0.00151,8900.0,13.4386,0x83...6678,https://bscscan.com/tx/0x93ecf7286392e13b9664b58ba3d09140134de0bce7c3159e0c0132bc979aebaf
2023-03-23 16:00:44,False,0.4945,0.00151,2228.23,3.366,0x59...4241,https://bscscan.com/tx/0x11777730e64cb3dd208043b45b8aa75a51d940a4bea562eafb7939af40925ab9
2023-03-23 16:00:38,False,0.4946,0.00151,2432.72,3.6756,0x09...18f7,https://bscscan.com/tx/0x68911cff2ab1bc28ed9c7456b61f54e5706b9e5c60eb2ed92b2828455e500c57
2023-03-23 16:00:32,False,0.4917,0.001511,2431.98,3.67519,0x18...a4ab,https://bscscan.com/tx/0x9a460bc9c8e30ffa8ee997df35b56ddeea4039ddc3a3135dd341d73942cf7de0
2023-03-23 15:58:11,True,0.4937,0.001518,606.457,0.9211,0x70...8487,https://bscscan.com/tx/0xce8f1af336b77eb7c00f7eb4113131f78cc716c88e73cc1703534cb5085c5206
2023-03-23 15:57:08,False,0.4911,0.001511,667.138,1.00825,0xd3...ec6f,https://bscscan.com/tx/0xaa3a1cb39f02a3d7d6410ccac35bdcf7c4a4f70ef499bb0530e5903ce055eb61
2023-03-23 15:56:59,False,0.4911,0.001511,2054.18,3.10483,0xd3...ec6f,https://bscscan.com/tx/0x1b8f729134e95d9e7b66e33054d46837aac1fa1045f07318655f7882142f284f
2023-03-23 15:56:53,False,0.4912,0.001511,2053.85,3.10483,0xd3...ec6f,https://bscscan.com/tx/0xa470ab3f13847be1fbec2472582d02313fd4baed7486209e062abd1643fa0a1d
2023-03-23 15:56:41,False,0.4886,0.001511,905.141,1.36848,0xd3...ec6f,https://bscscan.com/tx/0xd1c3dda600deb584009c6f282b3d3526f5fac7c7135b5ef47fd29a544cb8ed6c
2023-03-23 15:56:32,False,0.4887,0.001512,905.205,1.36867,0xd3...ec6f,https://bscscan.com/tx/0x9eff64bb8ab2395579fc4e1620154f1cb64d663b4ecd4ea151b6920fae888c53
2023-03-23 15:56:14,False,0.4888,0.001512,905.14,1.36867,0xd3...ec6f,https://bscscan.com/tx/0x8891632bb1cc4808eb76cfd6d46804c031eefb81ded0cefadbcfc27a13525f2d
2023-03-23 15:55:41,False,0.4913,0.001512,1883.56,2.84847,0xd3...ec6f,https://bscscan.com/tx/0x9288c91bacabc8b9627487bfeceba859e7deda5e0b243e66baded754f1887d81
2023-03-23 15:55:38,False,0.4914,0.001512,1989.53,3.00918,0xd3...ec6f,https://bscscan.com/tx/0xb325d8a6a82ff3ec8678ee2a2d79ccbc7486427b07f681269cfa9d2bd5043cc8
2023-03-23 15:54:11,False,0.489,0.001512,1310.23,1.98199,0xd3...ec6f,https://bscscan.com/tx/0x4b83d2a903bed5dc9fe149c31b201b617e76e6577c8e0e4555ab59ae937102a6
2023-03-23 15:46:53,False,0.4867,0.001512,963.334,1.45738,0xd3...ec6f,https://bscscan.com/tx/0x08f5f4fadbb8f553327ede3fb08a0b1b9e49f62388a5a88e8b619c644c70c0fe
2023-03-23 15:46:47,False,0.4865,0.001513,963.423,1.45762,0xd3...ec6f,https://bscscan.com/tx/0x0bff0f5a51fbdc9ec7bf57ea29746418ab817d1e74cb35fbc0fe0f2aed6676b5
2023-03-23 15:46:32,False,0.4885,0.001512,8.0,0.0121,0x5a...1d9b,https://bscscan.com/tx/0x712d1f288c61ecf98817d85b36ac96bedd16e5ac5e63e07d1c10e1d2cb8ea805
2023-03-23 15:42:11,True,0.4911,0.00152,608.81,0.9257,0x70...8487,https://bscscan.com/tx/0x5f99a142bed39dfc13e55db36c9bad764ed37ba036411a8815051021cae7397f
2023-03-23 15:39:56,False,0.4887,0.001512,24.0,0.0363,0x3d...3d57,https://bscscan.com/tx/0x0ff0474033cfa2df4ae9d0f4fdcc7f1723c1b5b962275c001dfad2bd7a63994d
2023-03-23 15:38:17,False,0.4864,0.001513,161.477,0.2443,0xdd...72f2,https://bscscan.com/tx/0xb6fdd4e6ad0faafc703a1caa5bfc28808c6cc3f412b591cd9328104632401ef2
2023-03-23 15:37:59,True,0.4915,0.00152,7489.6,11.385,0xd3...ec6f,https://bscscan.com/tx/0x4f773686de57ecc865085e42a19bf6ca63fc9f0cb4e4bab0329970e24f2a7a82
2023-03-23 15:36:59,True,0.4888,0.001519,4301.62,6.53586,0xd3...ec6f,https://bscscan.com/tx/0xa503b788b13b33ff11cd9a873d36f38d469cffa75b143b4b70fea4544f0ff902
2023-03-23 15:36:38,False,0.4888,0.001511,400.0,0.6046,0x9b...dbf8,https://bscscan.com/tx/0x48d0ca16b26da583fcbe32248176201bfb0c3dd5fbd25c16692f211b541d6caa
2023-03-23 15:35:53,True,0.4912,0.001519,2809.5,4.26767,0xd3...ec6f,https://bscscan.com/tx/0xab5e9a987b4a28952ba2fecf36a7257f74f3fd543e87ff785296d7cbd81deea4
2023-03-23 15:29:53,False,0.489,0.001511,1196.14,1.80776,0xb2...1fdd,https://bscscan.com/tx/0xbb0aa966573ff1fdeceea043797d652cd14238d8a823a49b2d4323e1676aad8f
2023-03-23 15:26:11,True,0.4892,0.001519,608.695,0.9245,0x70...8487,https://bscscan.com/tx/0xc4d2d2f9d4be14d4def2794c6e77fea0fc28baece00632252ba03d0db1cbbd8c
2023-03-23 15:22:29,True,0.4922,0.001519,626.202,0.9516,0xde...367a,https://bscscan.com/tx/0x8b8b61a721b10191f17f90cd386444bacee40d7da0acfdd0ec1976a543234234
2023-03-23 15:16:20,False,0.4869,0.001511,191.724,0.2897,0x02...86d1,https://bscscan.com/tx/0x7a71ed546502870744085771a0f1ca44be955e7991922b865992cb38bb79b129
2023-03-23 15:15:14,True,0.4917,0.001518,58.3428,0.0886,0x2c...c9c5,https://bscscan.com/tx/0x12095e9cb7345dcc15fb7de889121babccc7347750d3f2dd4e2ca3e5bdcfa913
2023-03-23 15:11:11,False,0.4891,0.001511,2633.5,3.98034,0xe3...d2ff,https://bscscan.com/tx/0x4cf68d574a215cca72a341230d76029cac77bdf71741f2f020857e3e64e223a0
2023-03-23 15:10:11,True,0.4916,0.001519,608.681,0.9246,0x70...8487,https://bscscan.com/tx/0x5a619b37abbf764c5d285132d427a2a40dda609be7494aac5bc153d59b6f1b9f
2023-03-23 15:09:14,False,0.4895,0.001511,5.70551,0.0086,0x07...0daa,https://bscscan.com/tx/0x17f56ff8aca608aa3957ee3e9d5ccfb6abc06803bcca1e75a69e60610ebee072
2023-03-23 15:08:35,False,0.4894,0.001511,85.5757,0.1293,0xfe...07e0,https://bscscan.com/tx/0x1bd40ecc49a5f5d1ba22c3b41384b396e5ddb793ea6a9c058c7679fd952cbd06
2023-03-23 15:06:59,False,0.4898,0.001511,40.0,0.0604,0x3a...90b3,https://bscscan.com/tx/0x5f9f808dfd665558c55c19f5918e08c39563fee233cf516ca7c60ade09ad8fbe
2023-03-23 15:06:44,True,0.4923,0.001519,1227.65,1.86484,0xc6...8a3d,https://bscscan.com/tx/0x7e265c6227358ae2e60bb3910c49666ca3526d7079d4b11cb657c54c3928abec
2023-03-23 15:04:32,True,0.4924,0.001519,203.083,0.3084,0xda...479e,https://bscscan.com/tx/0x280fb7bb531aa6b5f7a715b1092514e873b2b1a34a3d1fb346dda23d6b18def9
2023-03-23 15:00:02,False,0.4874,0.001511,180.0,0.272,0x0f...1389,https://bscscan.com/tx/0x15b83965ba53044f391334759049e157580f308edc91da5f7ff655655a11425c
2023-03-23 14:59:47,False,0.4874,0.001511,19.0,0.0287,0x0f...1389,https://bscscan.com/tx/0xe527524985c4720a638518f0b9d259e6cddce7eb9af9c50dfaba87c1abd4f2d5
2023-03-23 14:59:17,True,0.4898,0.001519,30.4684,0.0462,0x82...bedd,https://bscscan.com/tx/0xe0cd69ba6d9ccf510b9d547ced9f2cf9180a357a4566e4bd3ae194b0bc0f8a17
2023-03-23 14:54:11,False,0.4897,0.001511,7.0,0.0105,0xb6...395f,https://bscscan.com/tx/0xf36749b3c7eee6af7ccab4ba90538af590428435be53e4e6f30fdff9bba2d010
2023-03-23 14:54:11,True,0.4922,0.001518,608.146,0.9237,0x70...8487,https://bscscan.com/tx/0xc4a4856643df78b30b98a7e19e0312c9f30a464459dbbadb6fd0543abd8039c7
2023-03-23 14:53:59,False,0.4897,0.001511,250.0,0.3778,0xbf...4e84,https://bscscan.com/tx/0xa253ab943720ccd9938274551a66b13bc7985d27c63dfa46d3cb439c54fc70bf
2023-03-23 14:53:20,False,0.4897,0.001511,24.5785,0.0371,0xbf...4e84,https://bscscan.com/tx/0xc35b2c5f1211b2730fb6d855c42113c8354463c38dba3961ed4c5a97b5c8d76a
2023-03-23 14:52:05,False,0.487,0.001511,63.7915,0.0964,0xb2...1fdd,https://bscscan.com/tx/0xa185e9f134b625091dc3355506a74730174fc154e9bfd9065e0261e526f2badd
2023-03-23 14:51:32,False,0.4895,0.001511,300.0,0.4534,0x04...bbb0,https://bscscan.com/tx/0xe9e23a3259daa1a499540e3f9b3f6d4acf6a92af341780c58c24c9451af67862
2023-03-23 14:49:47,False,0.4897,0.001511,8.67386,0.0131,0xd1...cbe1,https://bscscan.com/tx/0x554168d45bb56403ea7d92afdbada20691650beafe8ec609a0d80e1dc6827fba
2023-03-23 14:48:01,False,0.4903,0.001511,87.9856,0.1329,0x4d...69df,https://bscscan.com/tx/0x1de2e9a9cffd7fc01da2cdd2094c8ebd2692e6ce12b4cbff452f03c851801089
2023-03-23 14:45:00,False,0.49,0.001511,45.3398,0.0685,0x4d...69df,https://bscscan.com/tx/0x057b2a7fd6a7cd22991dd04ad60374546fa26c3f79bb277deff79b6d851040c2
2023-03-23 14:42:18,False,0.4898,0.001511,19.1963,0.029,0x4d...69df,https://bscscan.com/tx/0x2410bec56aa80f607491fded084291ee4090d19ffdf1b44f6eff6d1cef9567aa
2023-03-23 14:41:54,False,0.4898,0.001511,34.7582,0.0525,0x4d...69df,https://bscscan.com/tx/0x5071fec4877536f2f8b04191fae7d9b39436a4e3d16168ae4c41efa85dc2e1e1
2023-03-23 14:41:33,True,0.4922,0.001519,155.867,0.2367,0x34...b2a8,https://bscscan.com/tx/0x8e5002f36705f755fc51d85be19eeee548f2c6696bada0eaac8752d1abd0df55
2023-03-23 14:40:03,True,0.4923,0.001519,42.0009,0.0638,0x48...6cd1,https://bscscan.com/tx/0x633bed669fc2d0a6099f06e42d19756d4cebe43459ff831179fb54740908d727
2023-03-23 14:38:09,True,0.4898,0.001518,607.251,0.9223,0x70...8487,https://bscscan.com/tx/0xf9c6c9d57bf44bf9cb209de6791577cc40b0c7cc5573df3f06883eea6200c531
2023-03-23 14:37:00,False,0.4899,0.001511,3.50375,0.0053,0xe0...ef53,https://bscscan.com/tx/0xf472e9d349ab1ae057a7f947e9b86754abd9d6186d071c13f6c8b514d8778476
2023-03-23 14:36:00,False,0.4899,0.001511,25.0,0.0377,0xd1...49e3,https://bscscan.com/tx/0x2bf3cf8a169da66cecc2b8f23f337d7fdf965481766bfda6fc2cba3e88d1a161
2023-03-23 14:34:54,False,0.4875,0.001511,19.1209,0.0289,0xe6...d03f,https://bscscan.com/tx/0x89eccce3d63f09bd015587a55334d0e8e659d8035cdb567d03e398d54dc2fb18
2023-03-23 14:34:09,False,0.4899,0.001511,40.0,0.0604,0xdd...93de,https://bscscan.com/tx/0x94999f8f24029353202ce24fb62ff5fa9362ab9ccb986cfc20b59550d92bc80c
2023-03-23 14:33:45,False,0.4875,0.001511,2.0,0.003,0x8c...0ffb,https://bscscan.com/tx/0x16fb60a4a6d5b6b132a52ff537029c24e88e34dd2c83da60c5da091fca35ad83
2023-03-23 14:30:45,True,0.4924,0.001518,10.1203,0.0153,0x52...a024,https://bscscan.com/tx/0x267cd3aab25183475489ba06074f401177c154021eb6d3ff3233dbb7ec6d8539
2023-03-23 14:29:03,False,0.4902,0.001511,5.0,0.0075,0x13...d973,https://bscscan.com/tx/0x7cf8858891b16f404a1167bf29291ad240a3fbeea550bdd890da96829bad2138
2023-03-23 14:27:12,False,0.4902,0.001511,2876.2,4.34735,0x43...fe22,https://bscscan.com/tx/0x8e580726837dd7e89c1b95dbb3eb6afa3da37a961b337a9f2ef994f72811494c
2023-03-23 14:25:48,True,0.4928,0.001519,11.0,0.0167,0x72...0b60,https://bscscan.com/tx/0xe31fa556c97919f8c5501b62c5453517135fc853ff4e125c4a4a6ae65fc91877
2023-03-23 14:25:24,False,0.4904,0.001511,500.0,0.7558,0x77...b1a8,https://bscscan.com/tx/0x6782730e606bb17dad58b1ca1ca2aa5a74c6b09b0ca65fccd8f1ba721ea6694d
2023-03-23 14:22:46,False,0.4905,0.001511,238.194,0.36,0x15...ebab,https://bscscan.com/tx/0xfebc18c0bee733aedac69a5841aa5a01c296cccbd293795f2463a620484eb190
2023-03-23 14:22:10,True,0.4929,0.001519,607.395,0.9228,0x70...8487,https://bscscan.com/tx/0xa29db9a2c38328891e83728d5d9878683f82e0f430db3e45285dae098aa3c290
2023-03-23 14:21:58,False,0.4905,0.001511,5.0,0.0075,0xd2...720a,https://bscscan.com/tx/0x169e9d1e6164e1ee275e7eb16cad1ad5bb910f923940ca79f5140b710a95071f
2023-03-23 14:21:55,False,0.4905,0.001511,749.267,1.13268,0xd3...ec6f,https://bscscan.com/tx/0x03a003cf2ebc315ddb88826b807ebaa3fa9733dd42e96f1b3ffd347125054e7d
2023-03-23 14:21:48,False,0.4905,0.001511,1205.81,1.823,0xd3...ec6f,https://bscscan.com/tx/0x5bb8d92d9ba45ddbb1b0a238cfcfd1e12627c11416e91158a45221083caad684
2023-03-23 14:21:45,False,0.4905,0.001512,1205.58,1.82281,0xd3...ec6f,https://bscscan.com/tx/0x58ac6c55494d93a6c2db15504a3d1b21f05ab644fe019d09c5aa2fe94f036dcd
2023-03-23 14:21:42,False,0.4905,0.001512,0.3853,5.826e-05,0xd3...ec6f,https://bscscan.com/tx/0x7ab2cf20cea853f2e7cae9db61ae674dac354a9ef85da7db42c70165d34c5601
2023-03-23 14:21:39,False,0.4906,0.001512,2052.6,3.1039,0x4d...74b8,https://bscscan.com/tx/0xed2f111bb509eccdefabf3e059936ff6672a75f07182202e732ceb7c2a2ab342
2023-03-23 14:21:36,False,0.4906,0.001512,1362.5,2.06063,0x0e...7558,https://bscscan.com/tx/0xa209738fffeefa5f78189fa87d3b312e564d51317404f318a08e71b8d5bd2355
2023-03-23 14:21:36,False,0.4907,0.001512,546.604,0.8267,0xd3...ec6f,https://bscscan.com/tx/0xd73da74ec3c26332047ddc623c40eec7b20647661fb307d75c4efe03ff5e3cb4
2023-03-23 14:18:47,False,0.4879,0.001511,899.0,1.35913,0xde...367a,https://bscscan.com/tx/0x155c9290ac773b6fdd871e4df28b04d0964d64747fa8d65e2cf1f160a4e606c1
2023-03-23 14:18:23,True,0.4933,0.00152,1.5,0.0022,0x33...1018,https://bscscan.com/tx/0xe023ad91d7e17171e84080428ccdf38bfb9f6bd1195ed9bf41b61d5fa8610936
2023-03-23 14:16:50,False,0.4908,0.001512,3.09039,0.0046,0x50...3c0c,https://bscscan.com/tx/0xcd1dbbbf9819cf2f3e46ac57291586119f4a5797c65b2d7420d2c7aa58992bf9
2023-03-23 14:16:41,True,0.4932,0.00152,1.0,0.0015,0x33...1018,https://bscscan.com/tx/0xde672445d4dde12fead660114491969193c683d01b266a89855014d702d71638
2023-03-23 14:16:36,False,0.4912,0.001512,171.8,0.2598,0xce...cb72,https://bscscan.com/tx/0xd80c5261defed1b90bc618eb0841ba2f129ea75781ac54e0673a3995b7be646c
2023-03-23 14:16:27,False,0.4912,0.001512,732.6,1.10821,0xe3...d2ff,https://bscscan.com/tx/0xfbc7d42df4d7f52029e06fbaa6af7d3404d234d814b5eff52df107f458e4c9d8
2023-03-23 14:16:24,False,0.4912,0.001512,0.4317,6.531e-05,0xd3...ec6f,https://bscscan.com/tx/0x6260732ed7685d4cc1a296fba5f8f8334108fcee344242281b04b4a33601c7fa
2023-03-23 14:16:24,False,0.4912,0.001512,2027.8,3.0678,0x82...2196,https://bscscan.com/tx/0x84f0c98032bf86236e6f5035fbb95641844b0f5940af0fc60048ed9ca55a7dcd
2023-03-23 14:16:00,False,0.4914,0.001513,3885.55,5.87973,0xd3...ec6f,https://bscscan.com/tx/0x523e2d98d25feb2ebaf9a39467cb69f780af2345be6252ef93f0a0f1f5030236
2023-03-23 14:15:57,False,0.4916,0.001514,8697.82,13.1684,0xd3...ec6f,https://bscscan.com/tx/0xb5a8151bf7ea848c5b7559170b9f55a863e33933575d9a5e565afc164031b05b
2023-03-23 14:15:54,False,0.4918,0.001514,664.323,1.00615,0xd3...ec6f,https://bscscan.com/tx/0x47a91d924526a3a995618edc8223f293e2fb2c151a90af2bdde3494b500d008a
2023-03-23 14:15:48,False,0.4918,0.001514,587.449,0.8897,0xd3...ec6f,https://bscscan.com/tx/0x63681850913c5882a37f10e09b117c958abd926e49342cdad8de61586aab4a65
2023-03-23 14:15:42,False,0.4918,0.001514,471.818,0.7146,0xd3...ec6f,https://bscscan.com/tx/0x4d81dbc2286727528df39d96716e0a12fe092099b934c68c54b29fe3be91b689
2023-03-23 14:15:24,False,0.4919,0.001514,684.9,1.03746,0x56...0086,https://bscscan.com/tx/0x41aa8e6e248a0f35a11643a065a3492163343d9628f4dbdf1d01c83ea6559b48
2023-03-23 14:15:21,False,0.4919,0.001514,756.5,1.14598,0x71...69e3,https://bscscan.com/tx/0x5042de63c4eb83e70e58f16040a7a6decacbade10ca9b83f40dd4a5187dd4594
2023-03-23 14:15:21,False,0.492,0.001514,755.297,1.14423,0xd3...ec6f,https://bscscan.com/tx/0xd0ad7690bf9f949e2017a80e24a6bcedec36287de708a66931bba12fed56cea6
2023-03-23 14:14:57,False,0.492,0.001515,1661.93,2.51797,0xd3...ec6f,https://bscscan.com/tx/0x3decb197b504a1b974f6dae8eb78c8b38ce4d4fdb074fcf26138cbb3000c7384
2023-03-23 14:14:54,False,0.4921,0.001515,1299.8,1.96954,0x2c...015a,https://bscscan.com/tx/0xbb79718707c01673b8f1144280a8d48c82f033a19d9849676118c4c4503e7abb
2023-03-23 14:14:54,False,0.4921,0.001515,676.171,1.02466,0xd3...ec6f,https://bscscan.com/tx/0x5a8cdc28fbe756c2361b5fb98de1b49e1a5824bdfb2440788755e9c09c53708a
2023-03-23 14:14:42,False,0.4921,0.001515,797.2,1.20813,0xf9...5ebf,https://bscscan.com/tx/0x0841f66175641bc714c5a8bec87ef26aba25af6fb3b676987d3ee3dc7d938315
2023-03-23 14:14:42,False,0.4922,0.001515,0.9956,0.0015,0xd3...ec6f,https://bscscan.com/tx/0x966c14bdf617d97d0166d57c991b7c212a2038b06b35d53c5d4207b4e4915f0f
2023-03-23 14:14:39,False,0.4922,0.001515,796.49,1.20713,0xd3...ec6f,https://bscscan.com/tx/0xa193f8d7cda03febf4ff5d174ccaf2bebfdf2e9b33c072119608f32093668a7b
2023-03-23 14:14:36,False,0.4922,0.001515,796.44,1.20713,0xd3...ec6f,https://bscscan.com/tx/0xfe2a48baf8f6352220d454421e4f3e4e306b5b6ed4b7cee4b91623ac161eadb0
2023-03-23 14:14:33,False,0.4922,0.001515,796.389,1.20713,0xd3...ec6f,https://bscscan.com/tx/0xf5da64fe09e9bf40a3491d324c75ad99c62b63f38d0e2648d289f8fbd98341f9
2023-03-23 14:14:30,False,0.4922,0.001515,443.726,0.6726,0xd3...ec6f,https://bscscan.com/tx/0xebca94cd2a618fda37562fed53cd9078b03c9e952ee80eba29d200f8b7fa3110
2023-03-23 14:14:27,False,0.4923,0.001515,466.585,0.7072,0xd3...ec6f,https://bscscan.com/tx/0x18aace02130e33cb36796b69272fbe54709685246438f61c8e8ae32dfa1825f8
2023-03-23 14:13:15,False,0.4923,0.001516,2413.45,3.65894,0xd3...ec6f,https://bscscan.com/tx/0x645ccd377c900f422104bb95fb8f9dfff554dedf3a0726ea546c56c55609b892
2023-03-23 14:13:12,True,0.4948,0.001523,28.6883,0.0437,0x35...aca7,https://bscscan.com/tx/0x14e63debeed5a0f1cdbdf6a314ed416d0ecc3dbb055e60bfccfe5fe4834a7515
2023-03-23 14:13:12,False,0.4923,0.001516,1.11207,0.0016,0xd3...ec6f,https://bscscan.com/tx/0x96ca91a521166c38043dab5534e374d948c39dd6a0a6d1396af1ecd3ebafa33e
2023-03-23 14:13:12,False,0.4923,0.001516,2414.9,3.66183,0x43...fe22,https://bscscan.com/tx/0x6d5d39e7ba239bca38b3497fc45c265709768b4e74808466321b36fdf55c3af2
2023-03-23 14:13:03,False,0.4924,0.001516,2132.1,3.23359,0xe3...d2ff,https://bscscan.com/tx/0x9d1b3f976d0587f9ec1ba1a964c083e87c02369fff2d1551d13fa91ce3c20bb1
2023-03-23 14:13:03,False,0.4925,0.001516,1007.81,1.52865,0xd3...ec6f,https://bscscan.com/tx/0x4d6740d3dbcbe288b02922674b5edb4e957a0d8074029a98ceb0c7c93ef746c1
2023-03-23 14:13:00,False,0.4925,0.001516,503.174,0.7632,0xd3...ec6f,https://bscscan.com/tx/0x1e5486f12eae919d5e73608563c570fdac782ad81b13e47181b93fe7cb337a28
2023-03-23 14:12:00,False,0.4902,0.001517,1373.1,2.08302,0xa0...cc8d,https://bscscan.com/tx/0x371f40d810bec9bd91c7090fb8d1ebf90c1f754d761a54a3d2d005bd8fa1151c
2023-03-23 14:11:36,False,0.4927,0.001517,544.5,0.826,0x0e...7558,https://bscscan.com/tx/0x39e68ba092b01213e82d703c1cf58cb6d417f545240e461cab6a95328ac44d44
2023-03-23 14:11:24,False,0.4927,0.001517,549.4,0.8335,0x9d...6dab,https://bscscan.com/tx/0x22e3a795e515b368ce6d180dd9b3fe85636bb6961f3b0ffe64555280780f5ad4
2023-03-23 14:11:21,False,0.4926,0.001517,701.304,1.06407,0x3e...a7c8,https://bscscan.com/tx/0xb2818b134b21484728dd48930027ba3c75975f2377970a690e333042e0ca571f
2023-03-23 14:11:12,False,0.4926,0.001517,1657.0,2.51436,0xc3...157a,https://bscscan.com/tx/0xda7c9831318901192ac2df68fff037a5bf5d2aabc53745e2349daedcfefd7ee7
