datetime,buy_order,price_USD,price_native,amount_token,total_native,maker,etherscan_url
2023-03-22 21:12:35,True,0.4817,0.001514,70.0,0.106,0xde...d365,https://bscscan.com/tx/0xf9cafab08c5a25e38cd27a0064e2315bd1a839c2bc4afc1119af495374f1dc88
2023-03-22 21:10:11,False,0.4814,0.001507,59.0102,0.0889,0xbd...eda7,https://bscscan.com/tx/0x0d091ccc85eacba7ec1212ac08cff900b145adabab1c7bcbfa91a5cf9c0c2c1d
2023-03-22 21:08:11,True,0.4828,0.001514,619.954,0.9389,0x70...8487,https://bscscan.com/tx/0xf9674b94f572db7dd0cb54e77932d1de7b2d09bdd6637461353d5fc4fa5ccf01
2023-03-22 21:04:59,True,0.4802,0.001514,416.555,0.6308,0x55...8243,https://bscscan.com/tx/0xd4ec888a6048c0633a37e1e66be8e37c2e728bacab5507edd2b6124a6dac4559
2023-03-22 21:04:23,False,0.4796,0.001506,37.2683,0.0561,0x3f...78f9,https://bscscan.com/tx/0x50fff3fa573e36f396449d94283c2ac2ebb49ad9bbc09a2f9693966e71e22c9d
2023-03-22 21:02:11,True,0.4815,0.001514,245.909,0.3724,0x3f...66aa,https://bscscan.com/tx/0x8c9478370797d29fbbaf25f8055699203a9d4cbac5500fe2054d40b5ad53be69
2023-03-22 21:01:26,False,0.4758,0.001506,1437.53,2.16621,0x38...5bf8,https://bscscan.com/tx/0xc55a6d4cbbfa26834d042d9b61a4b7b10f21c990fb962dd36e85056b956b438e
2023-03-22 21:00:50,False,0.4783,0.001507,1855.2,2.79597,0x05...7eea,https://bscscan.com/tx/0x8c6da820ad9e003526f30f75a4a3abe052d8976c4d447a456375439b5806b548
2023-03-22 21:00:44,False,0.4783,0.001507,796.8,1.20098,0x00...78d2,https://bscscan.com/tx/0x3963b8deabcd76a5982ce44b0715e24b15e174159f7751d2758772c50a4ebbe6
2023-03-22 21:00:05,False,0.4784,0.001507,1512.9,2.28054,0x00...78d2,https://bscscan.com/tx/0xccc46c8135d1cbb5f0ede63be977d655fd3cc3a39aeffa7d98a95da02d1f7669
2023-03-22 20:59:56,False,0.4785,0.001507,1490.7,2.24734,0x00...78d2,https://bscscan.com/tx/0x819e841122e105e727ad7ee2c147d779fd7b422c77f475e6203e07278434fa80
2023-03-22 20:58:47,True,0.4814,0.001515,52.23,0.0791,0x1d...304a,https://bscscan.com/tx/0x391b73ce25b9ca4f48402637e725d6ae215f45f886e21d0ad01adfd91dc8abf2
2023-03-22 20:54:56,False,0.4794,0.001507,997.452,1.50388,0xb0...a41e,https://bscscan.com/tx/0x1fdd6d51c97b3903aa1620d65acf2c39dbad987fdbc44d31a262c000e0f15e46
2023-03-22 20:52:56,False,0.48,0.001508,5110.2,7.70661,0x83...6678,https://bscscan.com/tx/0x3586e077962b8562d046aa8132cae9fdbb27c99a2947cc205064ea7b08dd7f44
2023-03-22 20:52:17,True,0.4804,0.001515,620.119,0.94,0x70...8487,https://bscscan.com/tx/0x5145fff891ff2f594f5fbff69e218d7f64cf8163deeb16e84b902d2400f98a38
2023-03-22 20:50:56,False,0.4783,0.001508,8900.0,13.4288,0x83...6678,https://bscscan.com/tx/0x15f829fdcd57358b0ad36a48e6d2319cf26e175596484e1eaa34c3e1d3347ca3
2023-03-22 20:49:56,False,0.4809,0.001509,968.389,1.46173,0x09...18f7,https://bscscan.com/tx/0x31ee82d8db2cdadac1b6017d82b281c2627dbd29e5cba9304dfcb771f45a23bf
2023-03-22 20:49:47,False,0.481,0.001509,2507.44,3.78536,0x00...78d2,https://bscscan.com/tx/0x4cad93cf3d2f9693d558996882c6f5475967377bdb32fbc64730c10b050ae1c2
2023-03-22 20:49:29,False,0.4785,0.00151,8900.0,13.442,0x83...6678,https://bscscan.com/tx/0xb65b098987f06c7f9621c1c3c64a926626b55d83cd00a7a7c64e5a102dfe9209
2023-03-22 20:49:29,False,0.4787,0.001511,1588.37,2.39997,0x00...78d2,https://bscscan.com/tx/0xab442f0fee9c53449ab4fcac2ca89537457f9db0426712c6748ab39869bbf2be
2023-03-22 20:49:23,False,0.4788,0.001511,1994.08,3.01342,0xb0...ff7c,https://bscscan.com/tx/0xb6ae2175e5fdf15d6e0dd5f5368dda869343c862c2faf0c2ae77b041f7025b97
2023-03-22 20:49:20,False,0.4809,0.001511,3317.8,5.01486,0xb0...a41e,https://bscscan.com/tx/0x9e45ac06851c5d187a2a0528fdb5d463c61d6120746bca2eed91e1600b05d712
2023-03-22 20:49:14,False,0.481,0.001511,995.158,1.50444,0xb0...ff7c,https://bscscan.com/tx/0x1f3a5b5c0f7b4bebf3a9939598756ce19725e741b7bdbbe65119a4e92989a56f
2023-03-22 20:49:08,False,0.4811,0.001511,1326.19,2.00507,0xb0...a41e,https://bscscan.com/tx/0xc47405c9ac311b806def9dacbd358fcd3a13729e3a3fdecbf5658ef00e53935f
2023-03-22 20:49:05,False,0.4812,0.001512,3315.11,5.01305,0xb0...baef,https://bscscan.com/tx/0x945138bc6c8fe41e45ed2e01a081ba71b8b6236cd9baecbfaf1dcf2b331a01ff
2023-03-22 20:48:59,False,0.4814,0.001512,8900.0,13.465,0x83...6678,https://bscscan.com/tx/0x77910ec645b6af289952b214c44c173a9f2f8d978d1337663ac56ca7527136d1
2023-03-22 20:48:59,False,0.4817,0.001513,3972.79,6.01359,0xb0...ff7c,https://bscscan.com/tx/0xb034b398285ef16e02bfd120fa70ad7f3211b932a670719a96d4b2e46beb8309
2023-03-22 20:48:11,False,0.4826,0.001514,8900.0,13.4788,0x83...6678,https://bscscan.com/tx/0x4d6a8ef2f34463334f9c64bf8ccda2a6beb2e71289a7b85320e11578fe44efed
2023-03-22 20:47:56,False,0.4831,0.001515,6182.9,9.36947,0xd8...bcda,https://bscscan.com/tx/0x805fa1f62b6a9e0cd2aa6a773eded5d9d9441d64e87238c5944f4b1555790fb5
2023-03-22 20:47:47,False,0.4834,0.001515,2492.6,3.77856,0x00...78d2,https://bscscan.com/tx/0x7c57e4e3de73c11581bbf0b4f5be2c95d8d78c3bc7c37163db40edb2c24b1eca
2023-03-22 20:46:32,False,0.4831,0.001516,509.3,0.7721,0x4d...74b8,https://bscscan.com/tx/0x4df51cfae1303c20dea27945b89f29088a02fbb7f921d341af0ae1beade7bdf7
2023-03-22 20:45:32,False,0.4846,0.001516,2478.95,3.75876,0x00...78d2,https://bscscan.com/tx/0xf404bc927a051e2431ba4821d3880e96be1ed3b75d1a93f4f1f2899a1e171ae1
2023-03-22 20:44:23,False,0.4881,0.001516,41.9221,0.0635,0x4d...bfea,https://bscscan.com/tx/0x667db67b03ece440fd78233f09df26accc8582f259c03c199f13e3867559e38a
2023-03-22 20:44:08,False,0.4879,0.001516,657.1,0.9964,0x82...2196,https://bscscan.com/tx/0x30b029c2e565cc7701af172be885de9505447821ac2accc42e8a75952d13ef3c
2023-03-22 20:43:41,False,0.4854,0.001516,286.5,0.4344,0xa0...cc8d,https://bscscan.com/tx/0x2556c531347ecc6f66accc9df8d644513a78826c3cb80b92d28b778baf7341e7
2023-03-22 20:42:56,False,0.4857,0.001516,2471.29,3.74818,0x00...78d2,https://bscscan.com/tx/0xaed55dabc05b7d271fabd769269afe516ff95009266b73d6149225c4881ac8e9
2023-03-22 20:42:53,False,0.4883,0.001517,2743.41,4.16177,0xd3...ec6f,https://bscscan.com/tx/0x28f56a5dffaaf2a4ec353a9a70b30ae7e060f51a2d72c65f3ed92f95687b50dc
2023-03-22 20:42:50,False,0.4884,0.001517,1982.09,3.00741,0xb0...a41e,https://bscscan.com/tx/0x6d39ea76c8d56c9ea0125ee0fa688f9a0c300f80767bcbbb3f71771ce6d6ed27
2023-03-22 20:42:50,False,0.4884,0.001517,2461.15,3.73495,0x05...7eea,https://bscscan.com/tx/0x22ce9419021fefbf5ad185337f38f51de7543c7b7681e935db2e4a0ae7ac941a
2023-03-22 20:42:50,False,0.4887,0.001518,8475.35,12.8675,0xd3...ec6f,https://bscscan.com/tx/0x95d9b5aaf7e4ae21e0b56262085843c1a3b51e99effc371181f0f230cac9b0ff
2023-03-22 20:41:50,True,0.4913,0.001526,14.2199,0.0217,0xf0...74d5,https://bscscan.com/tx/0xa3499c3357943a4400970f4fa9e017c13b35eb8b996a1f385ee8d52b12f1dcbe
2023-03-22 20:41:17,False,0.4889,0.001518,1080.53,1.64111,0xb9...d95a,https://bscscan.com/tx/0x4e359482629bfa19d6a7b1d171d9cca535e2393c02c4bbc2cad52fc582f2b6d9
2023-03-22 20:39:44,False,0.489,0.001519,3172.22,4.81879,0xd3...ec6f,https://bscscan.com/tx/0xc525c945572c393ad66058b110db282a00499fc0107a961e40e16568f61c0d73
2023-03-22 20:39:41,False,0.4891,0.001519,3171.18,4.81843,0xd3...ec6f,https://bscscan.com/tx/0xc1bab76ee6bc57690e7be35fc98e0b1dafdb3609a6bc6fe33ce17210bad5b2c8
2023-03-22 20:39:38,False,0.4892,0.001519,3169.63,4.81729,0xd3...ec6f,https://bscscan.com/tx/0x7e8034ca0b9fab634308056419ad4be779cae7a476ce764df41847ad724b17e3
2023-03-22 20:39:35,False,0.4869,0.00152,1.00376,0.0015,0xd3...ec6f,https://bscscan.com/tx/0x4ef847224fcf83072e703246965e8eacb6b9669944abf878e767cd270620f6ab
2023-03-22 20:39:32,False,0.4869,0.00152,3171.79,4.82179,0xd3...ec6f,https://bscscan.com/tx/0xc4fb74b3262d207b421082be4c5bfaf97bfaf84382d39acd1e9700a3575e4a7e
2023-03-22 20:39:23,False,0.4895,0.00152,3170.98,4.82179,0xd3...ec6f,https://bscscan.com/tx/0x7aea223b8b93a7ea6e21e0e59c9cc8db0149a4ab73e712ecedd83e610152336a
2023-03-22 20:39:20,False,0.4896,0.001521,3170.18,4.82179,0xd3...ec6f,https://bscscan.com/tx/0x5b17e796f57843a5d6813eb129c31b727dbc6062209bc362c3650a08856bc49a
2023-03-22 20:39:17,False,0.4897,0.001521,2375.2,3.61345,0xd3...ec6f,https://bscscan.com/tx/0x45843cf715058bd2a2e55668f727f8865c4c6be4b9386dff6c5a77d4b1cc8995
2023-03-22 20:39:14,False,0.4898,0.001521,25.5404,0.0388,0xd3...ec6f,https://bscscan.com/tx/0x14a0df659a07064dc1109e3e595db22e9676d750ef48b6ad22697f9dc9d4015d
2023-03-22 20:39:11,False,0.4898,0.001521,2352.15,3.57906,0xd3...ec6f,https://bscscan.com/tx/0x96e525ea311131f2755f8528026128f57368f25bb04dfc88f6b5dc466052be4d
2023-03-22 20:39:05,False,0.4898,0.001521,76.4051,0.1162,0xd3...ec6f,https://bscscan.com/tx/0x3bd6c1dd97183c57303942ec80c34a80a0cd6b58549665821620ad6bc272f487
2023-03-22 20:39:02,False,0.4899,0.001522,3537.17,5.3835,0xd3...ec6f,https://bscscan.com/tx/0x3a09332aa0160de44aba0e8759d122a8c033924342f2e5228eee5b2d4d4c826c
2023-03-22 20:38:56,False,0.49,0.001522,2461.15,3.74672,0x00...78d2,https://bscscan.com/tx/0xd9bdf3cb08a9604703b21de103fe4dc3dc8f28deb1592b94fd724a644e708abb
2023-03-22 20:38:56,False,0.4902,0.001522,5174.7,7.88008,0xd3...ec6f,https://bscscan.com/tx/0x8baa5262ae7fdba114073558c263cd1949d97b7dfff8e769b8eb8ced2c87a160
2023-03-22 20:38:53,False,0.4885,0.001523,4039.58,6.15378,0xd3...ec6f,https://bscscan.com/tx/0x6248903039fd2ffae7927fad8d038f7886de48620699c89913696abc08986067
2023-03-22 20:38:50,False,0.4886,0.001523,1134.4,1.72847,0xd3...ec6f,https://bscscan.com/tx/0xa6b940ed01c2a759889770cb2dbf66dc878cfda4f9491aa6cd6587818ef4c6c6
2023-03-22 20:36:35,True,0.4926,0.001531,1885.9,2.88785,0xd3...ec6f,https://bscscan.com/tx/0x12de7149b549c610ee6bd14796cedeae900bd169bd2464de2209db3114cd26f4
2023-03-22 20:36:32,True,0.4925,0.00153,3876.4,5.9345,0xd3...ec6f,https://bscscan.com/tx/0xf7fb23c1a83b17f4b922d1c4e3458dd4fcee596d02dd7b2ea48a010deb6fe7ca
2023-03-22 20:36:26,True,0.4923,0.00153,7766.34,11.8842,0xd3...ec6f,https://bscscan.com/tx/0xbc588750a32fc4a0b12f583ebc5e298320ef8a4f497b4ae83afb196367875e34
2023-03-22 20:36:23,True,0.492,0.001529,3273.21,5.0065,0xd3...ec6f,https://bscscan.com/tx/0x2343e25981b6c363aeaa8e73b372baee50924b5b64791470aacd285af2fe91b7
2023-03-22 20:36:11,True,0.4946,0.001529,605.495,0.9259,0x70...8487,https://bscscan.com/tx/0x70437a80f480251de37b4ebbc2b7c97553c78dfea1bbcfccd48a922c7092ecb5
2023-03-22 20:36:11,True,0.4945,0.001529,3874.01,5.92347,0xd3...ec6f,https://bscscan.com/tx/0xa3aa56abbf0cab30efd5414723f1b87d249b2462c98495255de06d74534485cd
2023-03-22 20:35:56,True,0.4945,0.001528,7746.11,11.8385,0xd3...ec6f,https://bscscan.com/tx/0x4be7a8b9465f092d0578a43b930787077a6f1c9aa96c945cfb625000b7d649cd
2023-03-22 20:35:50,True,0.4947,0.001527,9.73167,0.0148,0xd3...ec6f,https://bscscan.com/tx/0xb7bf420625b02da87c751f8b11de045a995818eacfaf29352c6685717a046266
2023-03-22 20:35:47,True,0.4945,0.001527,7787.77,11.8948,0xd3...ec6f,https://bscscan.com/tx/0xda054dc4d7797e7c43a8eccd210d257f6800fec538725edfa7578ffcd05299ce
2023-03-22 20:34:02,False,0.4918,0.001519,5.0,0.0076,0x4d...bfea,https://bscscan.com/tx/0x97df67fe4503fa67a62872f6eed4bd1971642090117839bd6214697ae0794dcc
2023-03-22 20:33:32,False,0.4919,0.001519,24.464,0.0371,0x4d...bfea,https://bscscan.com/tx/0x7a79ec994c18c1a1ccda6949562ba8c578ae5ad060d3b76198b2b2845786dcd7
2023-03-22 20:33:20,True,0.4947,0.001526,3874.06,5.91436,0xd3...ec6f,https://bscscan.com/tx/0xba88961b0c8fc2a104bf9cca14cee73feb3da132ffc557c002d5697890db9716
2023-03-22 20:33:14,True,0.4945,0.001526,5290.72,8.07414,0xd3...ec6f,https://bscscan.com/tx/0x257e3985991a5e6269317a8f4c84c4ccad70a79c56f67bb945081787043454e6
2023-03-22 20:21:11,True,0.4905,0.001525,607.004,0.9261,0x70...8487,https://bscscan.com/tx/0x9db51e541440a42179443211c2ed800981bbbf9bf6a83352e0ed2ba5bd835334
2023-03-22 20:20:41,True,0.4907,0.001526,40.0732,0.0611,0xd4...fcbf,https://bscscan.com/tx/0xd4efab2d2eb1d8f3ba4d8f5eba25dfec21c2e9ac6228aa5e5c2ce2d9787c0170
2023-03-22 20:20:35,False,0.488,0.001518,100.0,0.1518,0xd7...7bd4,https://bscscan.com/tx/0x76b665acc900bdcd623706f4551d0a406ee5800323cbc7f212d14add9fa4ffb8
2023-03-22 20:19:05,False,0.4904,0.001518,35.7523,0.0542,0xf6...de23,https://bscscan.com/tx/0x3269b35e5422575804530db563f5dd7603e12fe3494972101f0c6d92f6dbf4dc
2023-03-22 20:17:47,False,0.4901,0.001518,15.0,0.0227,0x7f...f30f,https://bscscan.com/tx/0xf59e089294ffc0b27d35efeba357599ffb264420d2fede9cf2146a07afcdcb4b
2023-03-22 20:14:05,False,0.4889,0.001518,2252.48,3.41978,0xd3...ec6f,https://bscscan.com/tx/0x14d4b6fa7b59fe566cc9db00af030403f26c4aaae5c8175d7e6f9557618d0add
2023-03-22 20:12:59,False,0.4891,0.001518,0.6267,9.517e-05,0xd3...ec6f,https://bscscan.com/tx/0x28a4f0b269c6e4daa67933ab754883e1ff41ca413449dd9546cc4ef46893e6e5
2023-03-22 20:12:56,False,0.4891,0.001518,501.434,0.7613,0xd3...ec6f,https://bscscan.com/tx/0x5ef6384045e68ab21afc8579040f7801ee30cb05a60efffd64f2b5d54c125ae1
2023-03-22 20:12:47,False,0.4886,0.001518,400.085,0.6075,0xd3...ec6f,https://bscscan.com/tx/0x91b8e547c23eca40674c4523addeee1d2bad0b2771fef67d4f24521ced240aab
2023-03-22 20:12:44,False,0.4886,0.001518,1185.6,1.80039,0xa0...cc8d,https://bscscan.com/tx/0xe4590e169ce2642f3c13f0f3f63051106f1111574ca8ba7eb11b4d3e752e31a0
2023-03-22 20:12:41,False,0.4887,0.001518,1743.45,2.64783,0xd3...ec6f,https://bscscan.com/tx/0x2522e470e9aa735229c526515acb7cc36c16dc89cf300f2677ab7c63152f999e
2023-03-22 20:12:38,False,0.4888,0.001519,3530.37,5.36279,0xd3...ec6f,https://bscscan.com/tx/0xe57f5b3994486e596a9a0e7bff38939bde105c9b75455b4a6e791919d0e5a81b
2023-03-22 20:12:35,False,0.4875,0.001519,1836.14,2.78977,0xd3...ec6f,https://bscscan.com/tx/0x7d70e0103e4a50bd5d4647321ca9d752294d2e639c65b4522f66f18c62cc1943
2023-03-22 20:11:17,False,0.4879,0.001519,1498.78,2.2775,0xd3...ec6f,https://bscscan.com/tx/0x83f4b48342afbecd8aef8975ba03f2c2982e31d3fffac317b506d4191b7d3666
2023-03-22 20:11:08,False,0.488,0.001519,606.001,0.9209,0xd3...ec6f,https://bscscan.com/tx/0x26cf16e11902726331aec76eeeba5cf945a1ad5e1f16fc4626f9913059d50ad7
2023-03-22 20:11:05,False,0.4878,0.001519,2839.6,4.31594,0xc1...b919,https://bscscan.com/tx/0xc70490e9a9650a2e9175ad638d18a8c2ec8ff3f93f3c6090c4e53d41cbe5d600
2023-03-22 20:10:59,False,0.4879,0.00152,433.0,0.6582,0xf9...5ebf,https://bscscan.com/tx/0x0a2e9b7cf17a0a251b213e7dad1f7e1a8c2c17a55f02137bef2f9d7227a42a3f
2023-03-22 20:10:56,False,0.488,0.00152,6298.66,9.57723,0xd3...ec6f,https://bscscan.com/tx/0x9cd2b44c8b107cc17b2d0868606dfe01667779a765ca11e14f396e37aee597cd
2023-03-22 20:10:53,False,0.4882,0.001521,2067.33,3.14446,0xd3...ec6f,https://bscscan.com/tx/0xe1cb8d015690ca13595bef7f59c1d6e3b1f517f168c08b2734a0180fb843de9f
2023-03-22 20:10:50,False,0.4887,0.001521,2067.63,3.14544,0xd3...ec6f,https://bscscan.com/tx/0x57f6a67a07db2168ee4255a57a584fddd612c27665f09c1fc2075ba4ebbe5c74
2023-03-22 20:10:44,False,0.4888,0.001521,2728.33,4.15134,0xd3...ec6f,https://bscscan.com/tx/0x28bfd21a7825364cafe40f93924d1b913fbbc24d5cb7468dcbff4e32a7934427
2023-03-22 20:10:44,False,0.4889,0.001521,653.6,0.9946,0xe3...d2ff,https://bscscan.com/tx/0x92c4991ab8d093ea593d6dee016ab3633b4462699618584c391f7a8a7d934943
2023-03-22 20:10:44,False,0.4889,0.001521,1781.1,2.71069,0x09...18f7,https://bscscan.com/tx/0xeefef21c5fa379e8831a81827ffb470c186ad214831913a737ebd32e1f13b910
2023-03-22 20:10:35,False,0.4915,0.001522,706.122,1.07477,0xd3...ec6f,https://bscscan.com/tx/0xf6db863d9d1406ae0ef12bfa04a1d279179ce4aa28b50757d3e2860bd5538838
2023-03-22 20:10:08,True,0.494,0.001529,35.7523,0.0546,0xf6...de23,https://bscscan.com/tx/0x38539666d54e7890181794da3fb88ddcb62198747daacea5c0d7ef8602863e37
2023-03-22 20:09:38,False,0.4891,0.001522,452.6,0.6889,0x71...69e3,https://bscscan.com/tx/0x8f4cc767606ce66094a4c23f62a828f061a1d58f02240445ca2a10d679ca54d6
2023-03-22 20:09:32,False,0.4917,0.001522,853.7,1.29952,0x2c...015a,https://bscscan.com/tx/0x24563af1b18f5cbbce8970b4f40fed4aa6d4a141ab431b1d5fb1b8c379d13d12
2023-03-22 20:09:32,False,0.4917,0.001522,579.093,0.8815,0xd3...ec6f,https://bscscan.com/tx/0xae6e0dbbf32e18ee74a78bc63e5d806bd9fe547bffd0e74ebc031c3eb612ea11
2023-03-22 20:09:29,False,0.4918,0.001522,595.223,0.9061,0x67...b7c1,https://bscscan.com/tx/0x4eabfe2cfcba93ec2ed5671ab464cbea94d3db4d9ff3f223303351b4773f6c38
2023-03-22 20:09:26,False,0.4918,0.001522,2204.86,3.35701,0xd3...ec6f,https://bscscan.com/tx/0xdacebf4c4f78482a3ba18ad81d0d11780d95767d4d0cfe0766f6dc22e5c57851
2023-03-22 20:09:23,False,0.4919,0.001522,2010.99,3.06234,0xd3...ec6f,https://bscscan.com/tx/0x293c7ae3dd2aa8f1139d989b2ba0e9334c4a4498eb584aedb8a84d27c36b304b
2023-03-22 20:09:20,False,0.492,0.001523,4031.91,6.14129,0xd3...ec6f,https://bscscan.com/tx/0x0747cbf964694a5983eadc806ce9a7e2ed648a3ddc5c5c2eda45306ee887df53
2023-03-22 20:09:17,False,0.4923,0.001523,649.733,0.9898,0x2c...015a,https://bscscan.com/tx/0x531c2619e9ff61475c915b7b94b78b5b18864c07256bcaab89d207a647b57177
2023-03-22 20:09:11,False,0.4923,0.001523,288.997,0.4402,0xd3...ec6f,https://bscscan.com/tx/0xa8f11972109acc7e9f153c20787ee9230ea8a4581b05ab542b15b9ff827616a3
2023-03-22 20:07:50,True,0.4943,0.001531,60.0,0.0918,0x22...8178,https://bscscan.com/tx/0x4995a9aa963e43382694179c78f1ddb0b80080c8a8a28bac6468b952fce2d68c
2023-03-22 20:07:35,False,0.4918,0.001523,643.656,0.9806,0xd3...ec6f,https://bscscan.com/tx/0xbe0fd303e17deb6660bce85646f3105a63d409209c57c760f9fb7d1560fc7eb4
2023-03-22 20:07:32,False,0.4918,0.001523,404.374,0.6161,0xd3...ec6f,https://bscscan.com/tx/0x36c72260467e605a931e0e9d8ecfd739d4531be18e8c5a653323ce8d27fbf2d4
2023-03-22 20:07:17,False,0.4943,0.001523,334.497,0.5096,0xd3...ec6f,https://bscscan.com/tx/0xa1185d7504c10af7cc3193e9a420537f27495effa2b519689034f8e673c0e27e
2023-03-22 20:07:14,False,0.4944,0.001523,334.336,0.5094,0xd3...ec6f,https://bscscan.com/tx/0xf2b739e80194d3e0fe3cf10b71ef2e187446674a43646ba83edf5f26457263ab
2023-03-22 20:07:11,False,0.4944,0.001523,334.534,0.5097,0xd3...ec6f,https://bscscan.com/tx/0x80852357f8b0a704278cd869b03f150202c5a03b88c30b495cfb720022ec77f2
2023-03-22 20:07:05,False,0.4944,0.001523,1477.88,2.25209,0xd3...ec6f,https://bscscan.com/tx/0x52fec414613f89e38605896b57dc881af3b11661d1dd396f191d33f70ae9a2a5
2023-03-22 20:06:47,False,0.4925,0.001524,4355.84,6.63926,0xd3...ec6f,https://bscscan.com/tx/0xb548e0191717e550f01ebe9802409795092077e381974e6352b7de03455fe876
2023-03-22 20:06:44,False,0.4927,0.001524,4353.3,6.63771,0xc3...157a,https://bscscan.com/tx/0xe5f51a3091394dd6be901092384ec117e3a83234549c66aac9f4fdf1ba3aab25
2023-03-22 20:06:32,False,0.4928,0.001524,10.1107,0.0154,0x49...4327,https://bscscan.com/tx/0x9c3839fa4b412381092beee7494a1828201906c94c67800d9bf3b9420560e221
2023-03-22 20:06:29,False,0.4931,0.001525,3932.02,5.99735,0xd3...ec6f,https://bscscan.com/tx/0x4808b78cfe9612956a8f2933e1da2d51b2ed546d355964e690b2053bcb9494d6
2023-03-22 20:06:23,False,0.4933,0.001525,3178.48,4.84938,0xd3...ec6f,https://bscscan.com/tx/0x5b2f2c23e99b55a0c9962545af3eb22f43efd3874f8ded59b12139770d06c62a
2023-03-22 20:06:20,False,0.4961,0.001525,2.27299,0.0034,0xd3...ec6f,https://bscscan.com/tx/0xf2d14df1d7c22f85ab75b0763f2d4997391a58ff0f18f22ad7d942d6cdf84545
2023-03-22 20:06:20,False,0.4961,0.001526,3180.5,4.85371,0xc3...157a,https://bscscan.com/tx/0xe04c6c819b40d3928e78074af8905693dcb483d9105ad44fab53cee6b3eca988
2023-03-22 20:06:11,True,0.4987,0.001533,599.964,0.9202,0x70...8487,https://bscscan.com/tx/0x145712bfdbda18095017dcb818ced2e3889632f3fb99fa0dcb26439659b1a7f2
2023-03-22 20:06:08,True,0.4989,0.001534,96.8884,0.1486,0xf0...4369,https://bscscan.com/tx/0xb9d20ff645bf707ff53851608d061a8a0b374bdbe8497df2ad3517b9ff003c63
2023-03-22 20:05:44,False,0.4938,0.001526,2521.04,3.84798,0xd3...ec6f,https://bscscan.com/tx/0x8c20d67130845a594aeaa70a376857f96d93307cb8a9ec2aebe268f0c09a7fcb
2023-03-22 20:05:41,False,0.4938,0.001526,449.159,0.6856,0xd3...ec6f,https://bscscan.com/tx/0x64d0f86724712da23493a8e6bc8ffe441c3b5c8b002a4be1dae69891e8775bfd
2023-03-22 20:05:38,False,0.494,0.001526,5763.58,8.80045,0xfc...535e,https://bscscan.com/tx/0xa64ee9ad47da28df9ef8d2a3b13a661cd3e745e47d1eb525407624ec19b238a2
2023-03-22 20:05:38,False,0.4942,0.001527,5746.66,8.77866,0xd3...ec6f,https://bscscan.com/tx/0xe0e8bed4522096a6477eb0250a138e0974f1937e35c101beb6936ac8b01e667d
2023-03-22 20:05:35,False,0.4969,0.001528,2423.87,3.70393,0x00...78d2,https://bscscan.com/tx/0x040e4ffa7282a86fd9ef62b237a0515821c61a62c368c9d177fa36994f88680a
2023-03-22 20:05:29,False,0.4972,0.001529,14653.2,22.407,0x0c...8533,https://bscscan.com/tx/0x759211b1e82a089eb2ae01db6d01a5ff5f6ce4b1de55977e6301f3bf7327a55d
2023-03-22 20:04:23,False,0.4994,0.00153,99.7491,0.1526,0xf1...1962,https://bscscan.com/tx/0x8392aa314e0ca7a9230c9f2f74f25a63b0464e8d1a77bf871bc98799077947ab
2023-03-22 19:58:47,False,0.5018,0.00153,24.04,0.0367,0xc7...0ca7,https://bscscan.com/tx/0x0f0d51bf3c1365e5948d6302529f35895b37138281f7c20c77961b39d682fe3b
2023-03-22 19:56:38,False,0.4998,0.00153,12.6572,0.0193,0x48...76e7,https://bscscan.com/tx/0x1c22836de03a11b021dfd96a4745567a44f4b888defca84c3789e2138d3f5470
2023-03-22 19:56:35,False,0.4998,0.00153,59.8595,0.0915,0x10...777d,https://bscscan.com/tx/0xb21bcd97e4a15fb8d291ba48515be9cc87f1f9d38e9bf28e1f594f11d714a854
2023-03-22 19:53:01,True,0.5041,0.001537,4219.28,6.48712,0xf9...5ebf,https://bscscan.com/tx/0x5ce193d0226b4160d5fa8e28edb1ab3b40f777e208cd02443df6844159455708
2023-03-22 19:52:58,False,0.5015,0.001529,2.55,0.0039,0xc1...5687,https://bscscan.com/tx/0xe287010125678fda91850e9e53582c29092bf06cc9a2d7986ac01d89ae1daca7
2023-03-22 19:52:55,False,0.5015,0.001529,32.9954,0.0504,0x2a...e55a,https://bscscan.com/tx/0x30e393d9221b014068f470f108c87171649354647739a571194a8cd067de949c
2023-03-22 19:52:52,True,0.5039,0.001537,2409.07,3.70297,0xd3...ec6f,https://bscscan.com/tx/0x4491e3501c22ed92243c65d2b77e6034048001c35760deb18609ad3a602c97ad
2023-03-22 19:52:46,False,0.5014,0.001529,2.568,0.0039,0x5a...12b3,https://bscscan.com/tx/0xc4a4e90166a2f0fa5c5be56180fd35acd0c41341ae89def787c7c0bf90be75ac
2023-03-22 19:52:40,True,0.5039,0.001536,4.72552,0.0072,0xd3...ec6f,https://bscscan.com/tx/0x43d91c4a510d7124cf81bf730affcca8b75c4b3ba2c625ace869b2436b918df3
2023-03-22 19:52:37,True,0.5038,0.001536,3780.99,5.81028,0xd3...ec6f,https://bscscan.com/tx/0x3718b6622c16e1bee93eafa2b61715f45b259843149511f7c77fe4b184d7d4bc
2023-03-22 19:52:31,True,0.5062,0.001536,3775.16,5.79957,0xd3...ec6f,https://bscscan.com/tx/0x082f3af1ace4ba666bdd193ce2fe051c3bac9ce2a3ad540b1649f8dcc784ca4f
2023-03-22 19:52:01,True,0.506,0.001535,7968.86,12.2363,0xd3...ec6f,https://bscscan.com/tx/0xf2e8153c4b98b02058eca179219a34e8eb9a6a3bdd703e23d09f1abf8218a8c3
2023-03-22 19:51:55,True,0.5058,0.001534,1399.65,2.14838,0x2f...e155,https://bscscan.com/tx/0x93cb678eda0f06f5b8ecd827a25b77529c2cc1cfb140707fcf03502d5a1a9d7d
2023-03-22 19:51:55,True,0.5054,0.001533,18160.2,27.8529,0xd3...ec6f,https://bscscan.com/tx/0xfc2cd5fc281e5d6d02b77b637568340a0ed79a209b99b3c7ebc2bec472ce99a3
2023-03-22 19:51:43,False,0.5,0.001525,168.162,0.2564,0xfb...d67f,https://bscscan.com/tx/0xa70b4f64158be344ae3edbf9875137548c444ec8da8db6b88debcd29102604f4
2023-03-22 19:51:43,True,0.5025,0.001532,1.00159,0.0015,0xd3...ec6f,https://bscscan.com/tx/0x063559f66394cff7bdcdd29b292ef778c1e069fb173b18d7ae79ffc751737d40
2023-03-22 19:51:40,True,0.5025,0.001532,801.3,1.22807,0xd3...ec6f,https://bscscan.com/tx/0x04514ae5e93e03b97aad03a7c9f968098a3e71d6e45c31c9028446fbc223bccb
2023-03-22 19:51:31,True,0.5047,0.001532,801.3,1.22799,0xd3...ec6f,https://bscscan.com/tx/0xc5faf8f3e2fc85fed0aa7db838c989509d7c09f7dbf00306a04a04f0e9f7fb0f
2023-03-22 19:51:25,True,0.5046,0.001532,801.3,1.22791,0xd3...ec6f,https://bscscan.com/tx/0xfac31442fad2c53b372c6225ed7b5737df04d583fcce8a64bff15bc2d6cebb14
2023-03-22 19:51:22,True,0.5046,0.001532,801.3,1.22783,0xd3...ec6f,https://bscscan.com/tx/0x020f7f4c241fb74bdeaa2b07c8f9ffa0cf4e4947a7072b2cb165ae7ad667dc38
2023-03-22 19:51:10,True,0.5046,0.001532,593.562,0.9094,0x70...8487,https://bscscan.com/tx/0x7deaf2221b4824f6eb34cfae99de2512d4eda990a04c5d08d5e20222ca2c67b0
2023-03-22 19:50:25,True,0.5044,0.001532,767.1,1.17529,0xd3...ec6f,https://bscscan.com/tx/0x27f72bcfc705ec2dd790c15980763be6ed556aeb27650162e758802dc24052bd
2023-03-22 19:49:52,False,0.5018,0.001524,26.458,0.0403,0xdc...c6dd,https://bscscan.com/tx/0x1e43dc676de5356613248c6e56ada0d05ec7fd2f50057d8ea637bee73bd2ad26
2023-03-22 19:48:32,True,0.5041,0.001531,4091.3,6.26718,0xc1...b919,https://bscscan.com/tx/0x93fd03dca7ab6e6a124b394da24d9269d934517ac5bf11d16a42045fb94aa49e
2023-03-22 19:48:29,True,0.5039,0.001531,2278.3,3.48908,0xd3...ec6f,https://bscscan.com/tx/0x6321a5d5bd965a2dbabe91759a7e1ed5a2f8f00cbcfc43757bb894cb26d809e8
2023-03-22 19:48:26,True,0.5039,0.001531,474.4,0.7264,0xd3...ec6f,https://bscscan.com/tx/0xee75c814830e0278ed923b449604c6505a4237064cf0ce2d607383a4142f0a7e
2023-03-22 19:48:20,True,0.5013,0.001531,474.4,0.7264,0xd3...ec6f,https://bscscan.com/tx/0xc3b8c5defbdc75b30ec480eab216e467189338d8c8569019d52af502a8163331
2023-03-22 19:48:17,True,0.5013,0.001531,474.4,0.7263,0xd3...ec6f,https://bscscan.com/tx/0x0eb4b76f11e43987a5df28ca8db22f2ae3b34a725d0b430fab9aaf766e553bad
2023-03-22 19:48:14,True,0.5013,0.001531,474.4,0.7263,0xd3...ec6f,https://bscscan.com/tx/0x648fd2bb808fb51b4c4dbe2741d09a161eb21df0ebb1742b9b33f55b168f3bcd
2023-03-22 19:48:11,True,0.5013,0.001531,474.4,0.7263,0xd3...ec6f,https://bscscan.com/tx/0x5a854219db5dbb26cfafa7175c8c682c4018626f24a85c05c4aa0ec5f83cbdf1
2023-03-22 19:47:55,True,0.5011,0.00153,1770.5,2.71046,0xd3...ec6f,https://bscscan.com/tx/0xa52509c26a6b26c94a6e519e4b41e5a6ac5660bb410f3ef7afc910ad8b94b499
2023-03-22 19:47:30,True,0.5004,0.00153,1249.4,1.91247,0xd3...ec6f,https://bscscan.com/tx/0x928d85fd5f5b21cfa72179e83d99b2d862214f4b88e0376b163957dad0d46b9f
2023-03-22 19:47:24,True,0.5003,0.00153,2101.0,3.2156,0xd3...ec6f,https://bscscan.com/tx/0x159fba2bc8b30b73b3e52eb22542efff96395ea62940194de68b89a7bbdf1484
2023-03-22 19:47:09,True,0.5027,0.00153,1211.0,1.8532,0xd3...ec6f,https://bscscan.com/tx/0xcd8c77e8b57be5cb111e53ddfabf5afaf6b40175c517eed79deef13a775aac15
2023-03-22 19:47:06,True,0.5027,0.00153,734.094,1.1233,0x56...0086,https://bscscan.com/tx/0x170e91ad0054f3265c513e3a0af49c65b3a64e8a24de0d6873c2c573c2d7baea
2023-03-22 19:47:06,True,0.5026,0.00153,1802.28,2.75754,0xda...c952,https://bscscan.com/tx/0xdc518175dbf87493c8ba03c1fcb32f0cf33e614b2fc7fe76cf085275bfc35084
2023-03-22 19:47:00,True,0.5026,0.001529,867.141,1.32661,0xa0...cc8d,https://bscscan.com/tx/0x0606d38c13fdaef247486e7b9c19b6f30eaf0455856f744eff4112ae8a1a805e
2023-03-22 19:47:00,True,0.5025,0.001529,2288.07,3.5,0xda...c952,https://bscscan.com/tx/0x4d4dfd7dccce343ddf68915effd889a2c24c8934745540b593d4fe83e504198c
2023-03-22 19:46:56,True,0.5024,0.001529,1359.7,2.07959,0xd3...ec6f,https://bscscan.com/tx/0x4c2977f5a8fdb152e4fad0894fa378ed05581437fc1cfc3efdd6511d831ff6b7
2023-03-22 19:46:53,True,0.5024,0.001529,1073.3,1.6414,0xaf...847e,https://bscscan.com/tx/0x0adf7b1a08e8b89c28cf7fb65ba2d03c9eab84fabf501c68ecda5fa40105b6bb
2023-03-22 19:46:53,True,0.5023,0.001529,2288.94,3.5,0x0c...8533,https://bscscan.com/tx/0x0c219f94babf43b39e446272e3e12ab83020db02fa54e400702bb400d75a78b6
2023-03-22 19:46:40,True,0.5017,0.001528,2289.36,3.5,0x2f...e155,https://bscscan.com/tx/0x99a8e2bba6526d45b4fdd3eacf68c995e605c728d84e02bed2268aaafa5e87ca
2023-03-22 19:46:37,True,0.5016,0.001528,1053.2,1.60993,0xd3...ec6f,https://bscscan.com/tx/0xfc949e07bd7330e423ebeff399c1c73035900ab7a6d6bf0cf3c5e3cb5407bf08
2023-03-22 19:46:34,True,0.5016,0.001528,1053.2,1.6098,0xd3...ec6f,https://bscscan.com/tx/0xdb0a34cf129d0539d78c789e092d26b6c34bdf1690a581bacd4cb901356a8508
2023-03-22 19:46:31,True,0.5015,0.001528,345.8,0.5285,0xd3...ec6f,https://bscscan.com/tx/0xf3505c51972975179d1fddc01ba948edd0e13b8130abe4ec0863cf156590e731
2023-03-22 19:45:41,False,0.498,0.00152,25.1133,0.0381,0x5b...4150,https://bscscan.com/tx/0xa18cb108a9cd21f5bbb0044b0faac10df32f30ad2ec43b641fd9dfc877dd13fc
2023-03-22 19:45:17,True,0.5003,0.001528,3222.74,4.92493,0xd3...ec6f,https://bscscan.com/tx/0x6f8ff91d85d856ee5afbd9a5a851ffddb2a10eb28279dbbbd8bf2d75e273713b
2023-03-22 19:45:11,True,0.5002,0.001528,199.2,0.3043,0xd3...ec6f,https://bscscan.com/tx/0x7269a516f40acbaf28cb01f9f54a201b5e775e49ada80d4fea3c88bc4c207b32
2023-03-22 19:45:08,True,0.5002,0.001527,2283.92,3.48941,0xd3...ec6f,https://bscscan.com/tx/0x0161b4dc9b82acd43926cd94bf1e9c435924a3e3b77cfc7efe4563747d790de2
2023-03-22 19:45:05,True,0.5001,0.001527,626.6,0.9572,0x56...0086,https://bscscan.com/tx/0xe12fedec7617b8ba4552325e509782cfea3a0092af81127f829b7e03b1ec6da2
2023-03-22 19:45:02,True,0.5001,0.001527,748.463,1.14332,0xa0...cc8d,https://bscscan.com/tx/0x478a567b4e2af7787b15e8205720a20406a43ee614e66ebc3b064716424e0242
2023-03-22 19:45:02,True,0.5001,0.001527,2291.52,3.5,0x2f...e155,https://bscscan.com/tx/0xbc97abc00111014dae9f29b280e2324c4fa4212b6e00589a80cc960c6d504727
2023-03-22 19:44:56,True,0.5,0.001527,579.1,0.8844,0xd3...ec6f,https://bscscan.com/tx/0x8a3182239e26e76f82e4a4dc6d59f155a841e4808bb1b417c768e68bdada1c20
2023-03-22 19:44:53,True,0.5,0.001527,579.1,0.8843,0xd3...ec6f,https://bscscan.com/tx/0x85552cd28155470fb8b071aee0369ca3eddc8fd0b2c1d1b6671e651c74e383f6
2023-03-22 19:44:47,True,0.4996,0.001527,724.7,1.10665,0xd3...ec6f,https://bscscan.com/tx/0x5beae41be54ce38518c010d65bfa5926c3282cef69b085f764c13adfdc984759
2023-03-22 19:44:38,True,0.4996,0.001527,19.9795,0.0305,0x7a...cc4f,https://bscscan.com/tx/0xc697c0a8b3d2b9a8bc3c46ac36916c99778f63f62482d56f20c7652955a6300f
2023-03-22 19:44:29,True,0.4969,0.001526,5762.81,8.79776,0xfc...535e,https://bscscan.com/tx/0x629b0e74852328ac07f99dce5e63e418b7b66e4b052cb4599ada5f21e07527de
2023-03-22 19:44:26,True,0.4968,0.001526,2293.35,3.5,0xda...c952,https://bscscan.com/tx/0xd2165fd790d6db9047aabaefb840d232a91b92baf27fcea2ef53b8a917dbbcc8
2023-03-22 19:40:02,True,0.4985,0.001526,138.119,0.2107,0x7a...cc4f,https://bscscan.com/tx/0xb776f1573a557cd07cbe2b430ca666bd5352f31b8782a7f42e4c06af0c6dd0e7
2023-03-22 19:38:19,False,0.492,0.001518,1592.9,2.41878,0xc3...157a,https://bscscan.com/tx/0x898b43c0e2b76a79f66d3003a96c7613b71d6a54b9ea0cc10e1ae8dc7844e6e2
2023-03-22 19:37:31,False,0.4944,0.001518,2431.98,3.69349,0x00...78d2,https://bscscan.com/tx/0xe40c05229226a70d52635c3281c584cc43e1eaf10fabe3b230a59e4e56f771b7
2023-03-22 19:37:25,True,0.497,0.001526,154.012,0.2351,0x36...a228,https://bscscan.com/tx/0xeaa7761b8bd79f641b3189473c17d7a08f871eecd9e9c28897972c0ac36b5709
2023-03-22 19:37:22,False,0.4945,0.001519,2654.7,4.03251,0x71...69e3,https://bscscan.com/tx/0x6d7db27018b88248247f0dde9b7108539ad928320addfb451ef6481d276ab305
2023-03-22 19:37:19,False,0.495,0.001519,2436.92,3.70245,0x38...5bf8,https://bscscan.com/tx/0x92a06458837cb0d7002046b323646f73e54da3e0b8819e86b37783b81223546e
2023-03-22 19:37:13,False,0.4951,0.001519,2182.09,3.31589,0xd3...ec6f,https://bscscan.com/tx/0x2a5c2d55a94a4a240b0213f84c79f68c68379b04a78c1346e047027b010f4322
2023-03-22 19:37:04,False,0.4928,0.00152,4274.58,6.49731,0xd3...ec6f,https://bscscan.com/tx/0x13a850e022cd17a2de7ed61db9d172af221349a7137157766c496fc1ef8768bc
2023-03-22 19:37:01,False,0.4929,0.00152,1525.99,2.32002,0xd3...ec6f,https://bscscan.com/tx/0x87d0da64959cfa43220f7f99c2616e64a3856df602ef336eef730090bba2be74
2023-03-22 19:36:58,False,0.493,0.00152,287.286,0.4368,0xd3...ec6f,https://bscscan.com/tx/0xd473ffb002256b236f9f6d994c5331710610f8e4ddf9bb1ab3dedf33e4f0cf87
2023-03-22 19:36:25,False,0.4963,0.00152,2701.52,4.10802,0xd3...ec6f,https://bscscan.com/tx/0x53c519d3ea1718a02e93aea8f2499245bf0cfe1e6b49b39be1f39ffc333688a4
2023-03-22 19:36:10,False,0.4966,0.001521,6069.49,9.2327,0xd3...ec6f,https://bscscan.com/tx/0xa4a70d6a44462863b8b5aed1c0bbaf42bf9908f48a07be4ba5567778c76723ad
2023-03-22 19:36:07,False,0.4968,0.001521,3497.66,5.32255,0xd3...ec6f,https://bscscan.com/tx/0x943d7361e908af87f6a7cbe65a73ce6b24f042ca9c7ab0acd779ddcdb679bb7e
2023-03-22 19:36:04,False,0.4973,0.001522,1918.11,2.91951,0xd3...ec6f,https://bscscan.com/tx/0xe95a83484f6cf939458102000d1c604b7347251cf2c462de3ed46ee536e9313c
2023-03-22 19:36:01,False,0.4973,0.001522,1706.81,2.59827,0xd3...ec6f,https://bscscan.com/tx/0x2c54e5eff49b19c09b5c4e6f19fd2cdcd059fea7174617bf29a0d3d74e77a146
2023-03-22 19:35:58,False,0.4974,0.001522,1707.1,2.59907,0xd3...ec6f,https://bscscan.com/tx/0x1aeae727c486c2ba585f94d41591637b8d64cfb38baf27c48c6f818617d14ee4
2023-03-22 19:35:55,False,0.4975,0.001522,2819.01,4.29274,0xd3...ec6f,https://bscscan.com/tx/0xdec07c5f44cf4698d64198ff0fb016346ce529c6e60cd9f1ed52503eb784fd3d
2023-03-22 19:35:49,False,0.4969,0.001523,953.088,1.45156,0xd3...ec6f,https://bscscan.com/tx/0x6e729387caa75135db98233d3810e65d3fc55d235fc07fefb521e17a939607d1
2023-03-22 19:35:46,False,0.4969,0.001523,380.578,0.5796,0xd3...ec6f,https://bscscan.com/tx/0x54895ccfba67c224c53d9402ef25f22b79b813b48b628f4c9568f3ff785614a2
2023-03-22 19:35:16,False,0.5006,0.001523,6532.48,9.95232,0xfc...535e,https://bscscan.com/tx/0x3a8148107d87fdfdb6cddc479010133887806f0cca628164c3b18e523cf0b470
2023-03-22 19:35:13,False,0.5008,0.001524,2351.44,3.58372,0xd3...ec6f,https://bscscan.com/tx/0xf773adc0c8bbb1355ff9f78e6457ea6627882c48282bc10ac4a7c61e1e11c500
2023-03-22 19:35:13,True,0.5033,0.001531,595.182,0.9117,0x70...8487,https://bscscan.com/tx/0xe2b6148911fb6fbd04b19fd7641bbe0baeaf54bf49149c32236acc01f67a5be7
2023-03-22 19:34:25,False,0.4984,0.001524,100.0,0.1524,0xce...cb72,https://bscscan.com/tx/0x3c3742038f4db6f4b440dace9bd2f3c423ca020f09ffe94e6e80feb04e5fa285
2023-03-22 19:31:34,False,0.501,0.001524,1149.6,1.75223,0x56...0086,https://bscscan.com/tx/0x02cc0d73d9d8e21cb8782a09d1b65d1b3312bab2a7a6f07d9c5bae1f3bc90ae9
2023-03-22 19:31:34,False,0.501,0.001524,944.483,1.43971,0xd3...ec6f,https://bscscan.com/tx/0xecf1d7ead8cbab1550751aa5cec6aa47fd7351a381ecbdcfdf4a1c9c1e0e36f5
2023-03-22 19:29:55,False,0.4983,0.001523,7.62182,0.0116,0xab...824d,https://bscscan.com/tx/0x391ea2742701f819f6b2e8955544a5001d840426548e5acedadb7f177c7a7a08
2023-03-22 19:29:31,False,0.4986,0.001524,3920.1,5.97671,0x52...1c7e,https://bscscan.com/tx/0x215720277140e9fc693cb1c18160b371d4b1090296274dad9e9bb1402b0a81c5
2023-03-22 19:28:13,False,0.5016,0.001525,15363.5,23.4418,0xda...c952,https://bscscan.com/tx/0x1b6cc51dcff7239dcb896489ad2d652979c23349344ce928b8e8cb54f47fa0ec
2023-03-22 19:27:40,False,0.502,0.001527,4501.81,6.87436,0xed...4f31,https://bscscan.com/tx/0xaf05a0188888568ffda1309bbb5a8de145ebeba17c73bf601d0f46c2d52a43da
2023-03-22 19:23:19,True,0.5048,0.001534,1495.8,2.29586,0xd3...ec6f,https://bscscan.com/tx/0x54f745ba32d1b8280edcdd8a1c885abcaefea7eb45512d8d8b5765a7047d738a
2023-03-22 19:22:34,True,0.5023,0.001534,1623.4,2.4914,0xd3...ec6f,https://bscscan.com/tx/0xb16cd6990e64ff76d6c2774ea69b0b896668fbe5b1855b60311458b658487bd5
2023-03-22 19:22:31,True,0.5022,0.001534,1621.37,2.48796,0xd3...ec6f,https://bscscan.com/tx/0x62a95ff4e0bc62da5baed791b92c9f947ccc5d57e3e9c2f9dee497422c061135
2023-03-22 19:22:25,True,0.5022,0.001534,2.02912,0.0031,0xd3...ec6f,https://bscscan.com/tx/0xdc2bae11deaac7ce516e8f54c28406a52ebab1f292306383d8c0b358f91b5b3e
2023-03-22 19:22:22,True,0.5021,0.001534,1623.4,2.49075,0xd3...ec6f,https://bscscan.com/tx/0x0c4f77060bccb310eea73d6eedfceb65c75d9c16c7b4c7e00b763bb8f956b8de
2023-03-22 19:21:01,True,0.5046,0.001534,3.10457,0.0047,0xd3...ec6f,https://bscscan.com/tx/0x90cc78427a912d138bd2b25dd3245a27cee9d101939fe03bb68d459adde250de
2023-03-22 19:20:55,True,0.5045,0.001534,2483.9,3.81036,0xd3...ec6f,https://bscscan.com/tx/0x521ebfb93dcc87ecf4b4b9c7c589aa49c47843c7bb98ca2d577f4ebad7cb1543
2023-03-22 19:20:25,True,0.5044,0.001533,2483.9,3.8096,0xd3...ec6f,https://bscscan.com/tx/0x412953306807d45868e8f539617e4bc3f7025767bd63a716bc479928657a99fa
2023-03-22 19:20:10,True,0.5043,0.001533,593.337,0.9099,0x70...8487,https://bscscan.com/tx/0x478f5ac598c463ef5f7f98605236cfed816a06945db0bf3370834d464954e567
2023-03-22 19:20:10,True,0.5043,0.001533,3.69906,0.0056,0xd3...ec6f,https://bscscan.com/tx/0x846e8f664d93c557a1bd45d6321badb4540b820df4ebd60f4b3238f39ab4be60
2023-03-22 19:20:07,True,0.5043,0.001533,2959.6,4.53799,0xd3...ec6f,https://bscscan.com/tx/0x262b59a517e07b2c3bed0bc9796eeb0483ade2f8f7149658269d0ccb5d88091c
2023-03-22 19:19:10,True,0.5017,0.001533,1165.8,1.78724,0x71...69e3,https://bscscan.com/tx/0x2dfffdc57feb21e5acd0ecfcade21034fd73a32ef3123eb7be92f5ea096741f7
2023-03-22 19:18:31,True,0.5042,0.001532,2675.6,4.10121,0xd3...ec6f,https://bscscan.com/tx/0x19ab87a137414f84ab2ce7d6534722d4dab0a6f3309b29ad3b3863fdc91e653d
2023-03-22 19:17:58,False,0.5014,0.001524,158.0,0.2408,0xa3...238b,https://bscscan.com/tx/0xca0340bb02f7819a2820bf2b1521a26996600d0205a8ffa563b944ff53ca688c
2023-03-22 19:11:05,False,0.4996,0.001525,21.7728,0.0332,0x1c...3220,https://bscscan.com/tx/0xa7bdd0cf79c09667056a126d9f83b31f3af42f0080b247ba9569a49bc6ef94ac
2023-03-22 19:10:59,False,0.5022,0.001525,5.0,0.0076,0xb1...8d7b,https://bscscan.com/tx/0xb28c2bce2a88eaceb093b009776ec04da720a25468d3c5a4497b9b147fc57b27
2023-03-22 19:10:44,True,0.5049,0.001532,422.277,0.6472,0x8b...88f6,https://bscscan.com/tx/0x05b825a282b0c58890c24c802a1827159336fe5f6bc9827618191f840786e1ea
2023-03-22 19:10:41,True,0.5049,0.001532,882.845,1.35302,0x3e...a7c8,https://bscscan.com/tx/0xe55deb7229bce096e6d30fb55f229822ffbd53ff46aa137b7101b7cf83102fd3
2023-03-22 19:10:41,True,0.5049,0.001532,782.9,1.19977,0xd3...ec6f,https://bscscan.com/tx/0x2fdc7b3a51d832998040af281e8ebff15e9c84d10189bfdd21b742135dddfe63
2023-03-22 19:10:35,True,0.5048,0.001532,1961.39,3.00544,0x00...78d2,https://bscscan.com/tx/0xd100bbec89f88e1052dead64da49d88a3697a8409cad5563a604d802766e1c2a
2023-03-22 19:10:35,True,0.5048,0.001532,1961.7,3.00544,0xd3...ec6f,https://bscscan.com/tx/0x9704670848bb83010e25fe4e02ad8d46aa0d9aecad7c8589d0e0d681a90eda87
2023-03-22 19:10:32,True,0.5022,0.001531,699.9,1.07217,0xd3...ec6f,https://bscscan.com/tx/0x21b78c6cb2135dd8086956a51511939abcba4b0cc8eb444d757baa85d340dd26
2023-03-22 19:10:29,True,0.5022,0.001531,699.9,1.07211,0xd3...ec6f,https://bscscan.com/tx/0x39f152d1a6a4a249a7e4cb5e6cd02e47da5f11cf6869664b315a1d45b7fdfd0c
2023-03-22 19:10:02,False,0.4994,0.001523,300.0,0.457,0x91...7278,https://bscscan.com/tx/0x96cee5d3cac858359dc4ffeff734753cd1feaa74f37c3bf334de6b2f890e08ea
2023-03-22 19:09:44,False,0.5003,0.001524,32.9625,0.0502,0x16...5216,https://bscscan.com/tx/0x493c7880f66c653545c3ffc1c10719148030743990bf1578d343d830b5484c11
2023-03-22 19:09:38,True,0.5027,0.001531,3264.54,5.0,0x8b...88f6,https://bscscan.com/tx/0x096abac8968dd9191f85b72838f5c8deb1e5e86e40414e02d7cbb2abeae9504a
2023-03-22 19:09:26,True,0.506,0.001531,977.404,1.49675,0x2f...e155,https://bscscan.com/tx/0x7a5e8b79266e9d34ae0477cd0f9b617d61b1942734dcbb45684a5f7bdc042155
2023-03-22 19:09:26,True,0.5059,0.001531,2328.87,3.56584,0x3c...40d8,https://bscscan.com/tx/0x74634d164c0d09039a082aa04cba8e2eb33bb03e8b2e220b8c273a6af488489c
2023-03-22 19:09:23,True,0.5058,0.00153,1538.0,2.35454,0x98...5cc4,https://bscscan.com/tx/0x2513dc93d1a2ab5795568552a6af59b6a824533cf6f8223dbe48ae57102f7156
2023-03-22 19:09:23,True,0.5057,0.00153,3920.1,6.0,0x52...1c7e,https://bscscan.com/tx/0x9317d94f20cfe73f066504fcc71a744b40faa72d78a507c9fa926ebe4f2208f5
2023-03-22 19:09:23,True,0.5056,0.00153,3267.69,5.0,0x2f...e155,https://bscscan.com/tx/0x6a59a7363f08b2e770dfbdaba3f6a42d0e676c08a99fae41534f0c0354311f50
2023-03-22 19:09:17,True,0.5054,0.001529,814.989,1.24684,0x62...1f10,https://bscscan.com/tx/0xfd9fd38872f3e62b4b4b2a64316eaebd5b7a1bf2e96728f9be9d1ba55d7b0984
2023-03-22 19:09:17,True,0.5053,0.001529,3268.76,5.0,0x0c...8533,https://bscscan.com/tx/0xd890bc2f52e57a7daa49943589d581487de3deaddb6c11cf8793c1e887e546ab
2023-03-22 19:07:06,True,0.5055,0.001529,3923.65,6.0,0x0c...8533,https://bscscan.com/tx/0x54d0f6d3dfbcd318a95a4327eff8849cc506eef11f1e4ab6d3ce4b05ba5cff5f
2023-03-22 19:06:59,False,0.5027,0.00152,119.0,0.1809,0xe5...7491,https://bscscan.com/tx/0x511bb8e30c9d56ce436669f7190f9469c26a42bd256bfceae703f6a5de3483eb
2023-03-22 19:06:43,True,0.5053,0.001528,3649.3,5.57883,0xe3...d2ff,https://bscscan.com/tx/0xbb6c05ca1fe495407d014a4d052999568f6bba23d79ac909d6bfa0ce5f6c38f0
2023-03-22 19:06:37,True,0.5052,0.001528,3925.99,6.0,0x2f...e155,https://bscscan.com/tx/0x2736318d60b397f1d7aee93d5e5609f3d9400b0cd0c6aef8aef2e3436c44eb5d
2023-03-22 19:05:35,True,0.5037,0.001527,4998.87,7.63692,0xfc...535e,https://bscscan.com/tx/0x7f98a8f2f4b158eac8b68fb67af346962c8c576d96431c91319390669491f296
2023-03-22 19:05:31,True,0.5035,0.001527,2909.1,4.44291,0xd3...ec6f,https://bscscan.com/tx/0xe7eb51793fe5a9b7d82aa860f45efa108d016e4a9769c11ab54ea91f870176f3
2023-03-22 19:05:10,True,0.5027,0.001527,595.371,0.9091,0x70...8487,https://bscscan.com/tx/0x7da0cbffb7172f68c0a4508a478da572fd55ad01ca356bfc56efeeff704a81ae
2023-03-22 19:04:37,True,0.5024,0.001526,1838.61,2.80735,0x56...0086,https://bscscan.com/tx/0xfa75d90dffc25f72ceb37844bbe39818735a11f769b2fe28933ee2e05a55e4e0
2023-03-22 19:04:37,True,0.5023,0.001526,1276.11,1.94823,0xd3...ec6f,https://bscscan.com/tx/0xaf8a05bb9817df208d0c62e9ad68e7401352cf32c008e54c25a24e61aad72971
2023-03-22 19:04:34,True,0.4997,0.001526,646.5,0.9869,0xc1...b919,https://bscscan.com/tx/0x590ed47e26d5ae712890ff9946c06d12d38b89aeea9e87900287a28b9b2dff14
2023-03-22 19:01:41,True,0.5022,0.001526,189.5,0.2892,0xd3...ec6f,https://bscscan.com/tx/0x74cd739c487c205ae3cd91367009df531cd5ac2363450cf0414a6f6c2dda846b
2023-03-22 19:01:31,True,0.5027,0.001526,2162.3,3.30049,0xaf...847e,https://bscscan.com/tx/0xae8aa775fe843b1c5f6201b8457b23f5ea87c495a62ffe0b920c29ae92d65697
2023-03-22 19:01:28,True,0.5026,0.001526,2809.1,4.2869,0xd3...ec6f,https://bscscan.com/tx/0x72c899c8e91a5cc527215be7f24cbaeaa911db01d9b2811b443365cacdd55934
2023-03-22 19:01:19,True,0.5025,0.001525,397.1,0.6059,0xd3...ec6f,https://bscscan.com/tx/0x549406bdd5a2230cbe6cd25ce58f11d16f12033e892288f56d9e6c27fdb75cd4
2023-03-22 19:00:58,True,0.5019,0.001525,4239.7,6.46808,0xd3...ec6f,https://bscscan.com/tx/0xabf7a76d1ed12b3dd86c376afe872e944dae8505e4ca35d42f4f2835d4341728
2023-03-22 18:59:52,False,0.4979,0.001517,60.0,0.091,0x67...3305,https://bscscan.com/tx/0xa39fa43e9467d7bb34aa648c92bccc1aa6cee19c7d02757bc9b3cd6b34e401ff
2023-03-22 18:54:13,True,0.4997,0.001525,103.531,0.1579,0xe0...696d,https://bscscan.com/tx/0x1bbe1c15648502f5d0d84a1969c82bffb8b4564441763a5a119f8ed038f7549c
2023-03-22 18:52:52,False,0.4974,0.001518,8900.0,13.5125,0x83...6678,https://bscscan.com/tx/0x49416b0d8c111ccf385cd0676056c573a7e76c83246905a68d36a6e92b7a7b0a
2023-03-22 18:52:52,False,0.4977,0.001519,5868.75,8.91553,0x18...c8fa,https://bscscan.com/tx/0x10211d29d42d74179bb1852f58bcf2a6d5e150ec2a7955ac5d0d7b18ab78ad63
2023-03-22 18:50:31,False,0.4953,0.001519,2416.41,3.6721,0x00...78d2,https://bscscan.com/tx/0x41d8043d395ab7a5e474e37ce76aa8601d7bf5ea8aac88950ac9122e6de1b2c5
2023-03-22 18:50:25,False,0.4954,0.001519,2421.42,3.68044,0x05...7eea,https://bscscan.com/tx/0x6e2e0e97213d991f06b1787380539fc5d6239414bc3d0adf0bc4c4ad6465262c
2023-03-22 18:50:22,False,0.4955,0.00152,2255.92,3.42952,0x00...78d2,https://bscscan.com/tx/0xfd8678a6a2af98187072979f8744a5cf12ee62b853bdbfd58962e68377137c29
2023-03-22 18:49:10,True,0.5005,0.001528,598.342,0.9142,0x70...8487,https://bscscan.com/tx/0x05bd1fdd79aa652ad5da583cac8ea66224c23f57d46d8d1484eb84b0f83fce26
2023-03-22 18:48:58,False,0.4956,0.00152,2421.42,3.68164,0x00...78d2,https://bscscan.com/tx/0xb31439c6b9e4bb7f9ef4416477c0ff07b9c174445b8a6a6c18c7f6e0e530737d
2023-03-22 18:48:55,False,0.4956,0.00152,2416.55,3.67494,0x00...78d2,https://bscscan.com/tx/0x7b9fbc6a426254bd903465cc342154e2e9665d554e5f89336aa877eca958cf61
2023-03-22 18:38:02,False,0.4959,0.00152,18.77,0.0285,0xc8...334f,https://bscscan.com/tx/0x827b827939ecf7fc6c9f51b15a83c8e976ccdd0b644b3d780d1ccf7e4e86cf38
2023-03-22 18:37:11,False,0.4977,0.00152,23.0,0.0349,0x02...f2c0,https://bscscan.com/tx/0xdec9c56296fdd60dbbf5e5e9000ba4946dbce607130d20308f8b118930ef78e6
2023-03-22 18:36:44,False,0.4978,0.001521,2416.55,3.67566,0x00...78d2,https://bscscan.com/tx/0x1d205a07db0577bfa22dff37584fbf9333093d884b41d5789118cf9f0fedbf43
2023-03-22 18:36:32,False,0.4979,0.001521,2416.55,3.67637,0x00...78d2,https://bscscan.com/tx/0xfec82491e00aafec03f2d1372624ac0247b0c9dd61d5dd92de3b92cf01177c40
2023-03-22 18:34:47,False,0.4967,0.001521,1624.8,2.47226,0x00...78d2,https://bscscan.com/tx/0x9fe129063392d46558f33af7605ae8f6afbf1896890b770fad79a4489fd6def1
2023-03-22 18:34:41,False,0.4968,0.001521,2423.87,3.6887,0x00...78d2,https://bscscan.com/tx/0x19c259e49920d1431ecea3bd87461fba076e5e37e5583946aaa7d022f24050f0
2023-03-22 18:33:53,False,0.4969,0.001522,1671.16,2.54363,0x9e...8f82,https://bscscan.com/tx/0x79e25d49965dbe7d182bb7eeda8ce9c9d32c459a374af4d8fcba1cb1610c0160
2023-03-22 18:33:41,False,0.4944,0.001522,19.1465,0.0291,0x05...8daa,https://bscscan.com/tx/0x703a6cea44b7473ee5a725796b50c148cbf70bab5184052f3a9b5ae3b90488d5
2023-03-22 18:33:11,True,0.4995,0.001529,599.359,0.9168,0x70...8487,https://bscscan.com/tx/0xc0c08414dc979a4ef12856312fa0c670e319dab5621609ac06d411f1637383e4
2023-03-22 18:30:41,False,0.4969,0.001522,95.214,0.1449,0x3c...cfd2,https://bscscan.com/tx/0xdd3b1690796850516bc9ea35b90c1b0ecd06b455a43c656030331094c7304dfe
2023-03-22 18:27:37,False,0.4968,0.001522,5.6,0.0085,0x2e...8a8c,https://bscscan.com/tx/0x40f52f384c2a6bc4a53951d0fc291ca75a24d004888b4683f698ba4be77bca2c
2023-03-22 18:26:19,True,0.4968,0.001529,5.0,0.0076,0xc5...ed3f,https://bscscan.com/tx/0x09e84d37d852c8e1bf817be55a4b143f27720e3286dd3b49fffedcd6d53ef4a2
2023-03-22 18:19:19,False,0.4975,0.001522,6693.7,10.1913,0x83...6678,https://bscscan.com/tx/0xe697484b05278ead9f2636d989827a942ab9ab591c4bf6c296478415a3aea0f7
2023-03-22 18:19:16,False,0.4978,0.001523,6183.0,9.41859,0xd8...bcda,https://bscscan.com/tx/0xaf7429b87e0efbfd9ab6d77c16f9beab559c7fb42a454de1e9e092b3a8ecee5e
2023-03-22 18:19:16,False,0.498,0.001523,3290.61,5.01449,0xb0...a41e,https://bscscan.com/tx/0x48156fbeb40bebf15420b01a396bcbe4e300d828bb6b2a89c5f5986cbace795e
2023-03-22 18:17:13,True,0.4991,0.001531,597.117,0.9146,0x70...8487,https://bscscan.com/tx/0xfe5c26c7c721b199eed9380f0d4027fbce4fa1e662d1a141581347825250b6e7
2023-03-22 18:16:16,False,0.4967,0.001524,73.6561,0.1122,0x0e...2f4c,https://bscscan.com/tx/0x152fdd85b09bff0ddef6aeedfd1b1a10d5dad969cee47d575c09d97ade8da831
2023-03-22 18:08:43,False,0.5002,0.001524,1901.88,2.89873,0xac...bf93,https://bscscan.com/tx/0x2526d84531c1e93604fcd90cfe4b098727cd88f6ec97d8af0dd5fb54b44f85cb
2023-03-22 18:08:43,False,0.5003,0.001524,2135.4,3.25516,0x00...78d2,https://bscscan.com/tx/0x8a4a6e9692a2337894a56e1f0ff0581e9db14d3264aa21b677695f92679817cb
2023-03-22 18:07:16,False,0.4978,0.001524,1536.8,2.34301,0x00...78d2,https://bscscan.com/tx/0xa1278a5a9a9a5554a82a1e643be163b362f79fd5760a554786bb62ddb72b0008
2023-03-22 18:04:55,False,0.5003,0.001524,501.0,0.7638,0x77...9bd5,https://bscscan.com/tx/0x0375871f56fa5cf6b6341021115441c5e07ed384aef006d4151f2425277444f9
2023-03-22 18:03:40,False,0.5004,0.001524,1171.2,1.78588,0x00...78d2,https://bscscan.com/tx/0xe3b34963953aea33f957581d0beaf14d0a5a0c0c554da0f6e927d194c022b1ba
2023-03-22 18:02:52,True,0.5004,0.001532,126.196,0.1934,0x48...2bea,https://bscscan.com/tx/0x840691481c89582351e5ab3741a7d772aba288d64b21b75a617147fa9cfda2f9
2023-03-22 18:02:10,True,0.5004,0.001532,596.642,0.9143,0x70...8487,https://bscscan.com/tx/0x518a39c2a9bd7a2200d79175ff8600a3c080f0cd12e98fc38e71d811b45de1a4
2023-03-22 18:00:16,True,0.5029,0.001532,0.0285,4.367e-06,0x8b...6566,https://bscscan.com/tx/0x7671e42071d2bf08ac605f6b555faef995a884bf7673b51d00424754e16c620f
2023-03-22 18:00:04,False,0.4979,0.001524,751.3,1.14563,0x00...78d2,https://bscscan.com/tx/0x8a3bd6b40f8bd7613530c220a27e9be0b260bbbf143d05a508e36df3d714c219
2023-03-22 17:59:34,False,0.4979,0.001525,1335.1,2.03601,0x00...78d2,https://bscscan.com/tx/0xb9d8f1fa227d8c66ee14ce35ca2356af43d9c1f7942f64b53b8b720a654063e9
2023-03-22 17:58:46,True,0.5003,0.001532,1569.81,2.40592,0xf2...eb09,https://bscscan.com/tx/0xd8ac413b89e0dfc1daffa1bc17660c4cc0627b61685a2b47814ec223b40c4fa9
2023-03-22 17:56:43,False,0.4977,0.001524,329.97,0.5031,0x13...d973,https://bscscan.com/tx/0x651e56677aa05a7df2d535a5110259e8e0538b1a1149b4a0547738de94499049
2023-03-22 17:55:55,False,0.5003,0.001524,26.8299,0.0409,0xde...68d8,https://bscscan.com/tx/0xd28cd3ada47186e229bbce1e674a4122527f3e64914b46378a84c1fb744f4751
2023-03-22 17:53:43,True,0.5025,0.001532,177.816,0.2725,0x16...ccd1,https://bscscan.com/tx/0xe27e7c4b83f12bc102720b3d3824eb1ca5132709289044da8b6ae734dc42cc90
2023-03-22 17:51:07,False,0.4973,0.001524,86.3215,0.1316,0xca...cb5d,https://bscscan.com/tx/0x5f22f4810f8475e357c25f656f43bebccffa14e03c5783c16c53549608c8aa7c
2023-03-22 17:49:31,False,0.4998,0.001524,2.0,0.003,0xa5...652c,https://bscscan.com/tx/0xbfd64cacc8bc68225fa700c9e1aaa4349209d3affe7fc071fcf4f0114507278e
2023-03-22 17:49:13,True,0.5023,0.001532,41.1432,0.063,0xca...cb5d,https://bscscan.com/tx/0xd9ad5d3e78bd4b1dd678fd4b0003f98ec0a54a963dfeea182a65fb8cca897339
2023-03-22 17:48:40,False,0.4998,0.001524,397.111,0.6055,0x69...aaba,https://bscscan.com/tx/0x0a5ede159775b90542680433a6a70340b6d79d54639c4d212d1e4157011d53f5
2023-03-22 17:47:19,True,0.5022,0.001532,596.674,0.9144,0x70...8487,https://bscscan.com/tx/0x46232039d6553bf526102213cf58fb469688566f97d20a57362ca21005fa5c88
2023-03-22 17:43:22,False,0.4973,0.001524,21.088,0.0321,0xdf...a0d5,https://bscscan.com/tx/0x07f728a67695dc0734b464e9fd4d7254c1884c5251816ff8d1a3cc6a5cdda1c5
2023-03-22 17:42:13,False,0.4997,0.001524,120.0,0.1829,0xf8...9200,https://bscscan.com/tx/0x44c2e3d16b943eb380bc1a1c35217be0ea21a7d295b8fa47e38393e55fddb00d
2023-03-22 17:38:25,False,0.4997,0.001524,6.55783,0.01,0xa7...0fbb,https://bscscan.com/tx/0x188c270f60df9a1f52c78c91cad2209cca2dcf6e04b4b9ee551545c8ba47da6c
2023-03-22 17:35:19,False,0.4971,0.001524,8.43289,0.0128,0x02...f2c0,https://bscscan.com/tx/0x945bc490143acaccbea010552dfcea26f6a77d6f20acfce42178ede1bef4df32
2023-03-22 17:34:31,False,0.4971,0.001524,8.39247,0.0128,0x02...f2c0,https://bscscan.com/tx/0xb6aa1d24f0daf4912d7e81c17d2ccd714dcaa8a45cfd685b10d06cfa6e16e7c9
2023-03-22 17:33:43,False,0.4996,0.001524,6.74643,0.0102,0x02...f2c0,https://bscscan.com/tx/0xb289dd6a13de0a62715ca81e3728bfba3abea39ac8b878a915de613ae4f379ba
2023-03-22 17:32:10,True,0.4995,0.001532,596.532,0.9141,0x70...8487,https://bscscan.com/tx/0x549279e2e71535fa02dc353cea68be27e9d3bc36614b0df68f531610ccb48439
2023-03-22 17:24:45,False,0.4991,0.001524,733.825,1.11899,0xd3...ec6f,https://bscscan.com/tx/0x0a5983a74f9844ce64749617e7980c39b1b123e64df760ea83867901cf2af1eb
2023-03-22 17:24:42,False,0.4991,0.001525,861.013,1.31302,0xd3...ec6f,https://bscscan.com/tx/0x621f93e9e5709c5e9172097db5b0656f85bf3a34825d0abb3e2a9fe3c0afc229
2023-03-22 17:24:39,False,0.4991,0.001525,860.954,1.31302,0xd3...ec6f,https://bscscan.com/tx/0x67f085006648450d7d87a60689bfb15f26a9d2545397a58ae2f902c7c3ebf3f9
2023-03-22 17:24:36,False,0.4967,0.001525,860.923,1.31306,0xd3...ec6f,https://bscscan.com/tx/0x6f48ec3914feb180bbec870672c738d0aaf1c13074291ddd71974ff8a53ffa85
2023-03-22 17:23:58,False,0.499,0.001525,861.098,1.31342,0xd3...ec6f,https://bscscan.com/tx/0x61803b3cb4c85e36770ba1786317aa60c7906d2dc90a272e3e30b4c57b5c0fbc
2023-03-22 17:23:49,False,0.4991,0.001525,1428.97,2.17978,0xd3...ec6f,https://bscscan.com/tx/0xf91865fedec4d2cf66a96f2f9d584e55fd290aa95c1e2a33eb31e8612c1fa6e7
2023-03-22 17:23:43,False,0.4992,0.001525,1.78655,0.0027,0xd3...ec6f,https://bscscan.com/tx/0xbd490577964182e93409f0a3c322d87ece729d45131021626ebb81159c6c5eaf
2023-03-22 17:23:40,False,0.4992,0.001525,1429.24,2.18045,0xd3...ec6f,https://bscscan.com/tx/0x01d7107990504baac05ecb512c4246559009e4e58c3cabb186cc9e2d5bd4c689
2023-03-22 17:19:43,False,0.4994,0.001525,1550.0,2.36496,0x87...331e,https://bscscan.com/tx/0x5dca0a2188ee029873a9eecd9f914dd2dd5a0b8b01bb9d40b1508236f72032db
2023-03-22 17:18:58,False,0.4995,0.001526,1429.34,2.18111,0xd3...ec6f,https://bscscan.com/tx/0x6062c069f10657294bfc4bd5b8797f182b33b217bf69eef68fefa8024c636e2d
2023-03-22 17:16:55,False,0.4976,0.001526,3605.26,5.50258,0xd3...ec6f,https://bscscan.com/tx/0x40b2e1b604c12fe44b02a53e5017083e72f4d755531ae6a71457ce433c5bc7c3
2023-03-22 17:16:10,True,0.503,0.001534,595.234,0.9131,0x70...8487,https://bscscan.com/tx/0x39f56244d2caf7ed4b0a63d91f2ac3285e2cb842d952c01b82d3ba1cc80bf693
2023-03-22 17:16:01,False,0.498,0.001526,813.043,1.24108,0xd3...ec6f,https://bscscan.com/tx/0x2863da66897c0a3aa2366f690ff2bd38ed69beea4eba65b93ed4309e469207ec
2023-03-22 17:15:49,False,0.4981,0.001526,436.836,0.6668,0xd3...ec6f,https://bscscan.com/tx/0xdee37ea1196ef00a2905e6f22f8c1c7b820b3f34a3905311968a18126d494a24
2023-03-22 17:15:43,True,0.5008,0.001535,122.696,0.1883,0xd5...437d,https://bscscan.com/tx/0x260860efef6bdfc814619fd218412ad9474fc471789a6664c06a9d57fc995521
2023-03-22 17:15:34,False,0.4981,0.001526,3080.14,4.70257,0xd3...ec6f,https://bscscan.com/tx/0xb5d5ab03cc631e89e9e3a19085c6baa984072c69dd48f76ce47654a8770ff863
2023-03-22 17:15:31,False,0.5007,0.001527,2504.46,3.82451,0xd3...ec6f,https://bscscan.com/tx/0xb6239136b4fa03ef119923d7a7852bb812512faabf6baf641d1af288dfb1e02b
2023-03-22 17:15:28,False,0.5008,0.001527,3217.72,4.91484,0xd3...ec6f,https://bscscan.com/tx/0xfd1569cff1b07f045d1e68fa34043df5e2794187564bb458422b4141d790119c
2023-03-22 17:15:22,False,0.501,0.001527,3036.97,4.63992,0xd3...ec6f,https://bscscan.com/tx/0x9982a2e4cda7a7b775705e4ae30550e5c8227da25a325d684ab158c7486d7aac
2023-03-22 17:15:13,False,0.5011,0.001528,4206.72,6.42894,0xd3...ec6f,https://bscscan.com/tx/0x742dca22fa08c6089bd52ae7b55227b70caeabfcf6141e6547a0f34954f9e43a
2023-03-22 17:11:52,False,0.4992,0.001527,29.0016,0.0443,0x09...d63b,https://bscscan.com/tx/0x3acd4fa5d331949500b32f2280b32d337786a770650386d20f9cc6b04655510d
2023-03-22 17:05:59,False,0.5019,0.001528,700.96,1.07146,0x0d...2955,https://bscscan.com/tx/0x5ad55390406f4e413a98a2329f07f1f3058786a67d250fe3702b2b5a5687ed06
2023-03-22 17:04:03,False,0.4992,0.001528,2867.94,4.38444,0xd3...ec6f,https://bscscan.com/tx/0x64536cf8e28488f1eabad062b341a0ceba225bce79d6339298c9f7ec632c4ce9
2023-03-22 17:03:42,False,0.5019,0.001529,2868.15,4.38578,0xd3...ec6f,https://bscscan.com/tx/0xd18e860207a7c9851b51f37127503f32c0001c83b5975d0cadcdbb8904ae2625
2023-03-22 17:03:39,False,0.502,0.001529,5535.94,8.468,0xd3...ec6f,https://bscscan.com/tx/0x9c6dfc464ef38c1326e443b183c02795d9c62583493ed12bf646ee51c9bead91
2023-03-22 17:02:57,False,0.5021,0.00153,1.38419,0.0021,0x6f...c51b,https://bscscan.com/tx/0x4cc93cd099cc21bdc1822a13058e7ec68112b545bf4f8234518b41be266d9777
2023-03-22 17:00:12,True,0.5045,0.001537,593.324,0.9123,0x70...8487,https://bscscan.com/tx/0x644a14db9b58d4dc1b9d7134fd10dfd78c0b6c6aeb702b7d19591fe2e5639a89
2023-03-22 16:54:21,False,0.5022,0.001529,20.833,0.0318,0x8a...833a,https://bscscan.com/tx/0x5bc9d11816632235db9e2347b6e6797850125c10e8c4c0c55eb5d2a60148b84f
2023-03-22 16:54:00,False,0.4997,0.001529,5.46966,0.0083,0xbe...792c,https://bscscan.com/tx/0x82b4d47e44648f5372b66974105681402f348e0d27bae9358c05d6e2ffaa1de9
2023-03-22 16:51:21,False,0.4997,0.00153,3221.55,4.92932,0xd3...ec6f,https://bscscan.com/tx/0x52658eaf374da265bc74d4bc837cbf8501070ab4e10a281fe4ef69f4ba87019d
2023-03-22 16:51:12,False,0.5023,0.00153,2589.02,3.9624,0xd3...ec6f,https://bscscan.com/tx/0xf6075ac3b43f4b3755aaca0eef498f85dc4956316ca03621ad8c4ae4fd005acd
2023-03-22 16:50:57,False,0.4996,0.00153,199.233,0.3049,0xd3...ec6f,https://bscscan.com/tx/0xa250100748faf27639b90fedd00e0d73ca52ab2f84140b624e8d4b998b0d2481
2023-03-22 16:50:51,False,0.4996,0.00153,835.2,1.27844,0xd3...ec6f,https://bscscan.com/tx/0x5e3b16185916011bf38ce005ecd27b897ab2a07ce73bd6fd066b6f0818ee379e
2023-03-22 16:50:42,False,0.5021,0.00153,1745.0,2.67135,0x00...78d2,https://bscscan.com/tx/0x0e88f361d97ce4f36fc5feef99978fceaca7f16b930c9e114cdcc1772f5f6ee2
2023-03-22 16:50:42,False,0.5022,0.001531,1705.01,2.61048,0xd3...ec6f,https://bscscan.com/tx/0x7da96832b765b002c50d6429e85219c5ae997eb1bb58338f9ac259e38bb2e52d
2023-03-22 16:50:33,False,0.5022,0.001531,2216.12,3.39356,0xd3...ec6f,https://bscscan.com/tx/0xeb175d86e91453e0102f48488e916bb1b7d1102f6ee2d6575cee54512e6514f2
2023-03-22 16:49:15,False,0.5006,0.001531,6.12867,0.0093,0xcc...510e,https://bscscan.com/tx/0x5cf3598d72a1f9588cc2ce29a59142f143a9ab4ffa5a4c9857d12e036c925773
2023-03-22 16:48:15,False,0.5043,0.001531,100.0,0.1531,0x6a...cc86,https://bscscan.com/tx/0xcea1ccdde39ca10cee27ff9516c02959b2ae9c09c00a6f7207a5e0c4e9ed0b79
2023-03-22 16:44:12,True,0.5047,0.001539,590.154,0.9083,0x70...8487,https://bscscan.com/tx/0xe019d57afb2619c59245400ad533a103c24170e5c2bb8b379730aad82e67c582
2023-03-22 16:44:06,False,0.5023,0.001531,4551.24,6.97097,0x0c...8533,https://bscscan.com/tx/0x3e83a186d9675c66db873b2c8dd7cde12d12220067fcfff28d24f42fab612b73
2023-03-22 16:43:27,False,0.5048,0.001531,8.51757,0.013,0x61...e77a,https://bscscan.com/tx/0x0d0fd79a4c7e619981f20fdf7dca47278e53fe0db57e2cf96a34dcabf35b8e54
2023-03-22 16:39:51,False,0.5048,0.001532,1804.18,2.7641,0x3c...f985,https://bscscan.com/tx/0x9867bf66ca11e8fa01814ad12ed256fcd2c68662ec1e9da6154ddc1e3615afcc
2023-03-22 16:38:30,False,0.5023,0.001532,21.5099,0.0329,0x17...55d9,https://bscscan.com/tx/0x7665cb30e8191213d1f0d699aee118860e8d6d7f91f5c01798dba187824bd8a7
2023-03-22 16:38:18,False,0.5023,0.001532,853.457,1.30768,0x8b...88f6,https://bscscan.com/tx/0xc0bda01e8577f3090a721804554e7902cfddb7d5247f6c4922cd605eaa8646a5
2023-03-22 16:36:30,True,0.5075,0.001539,2272.99,3.5,0x0c...8533,https://bscscan.com/tx/0x30b524cfd9d2f2bbd299b2c55ccd9719f1b4ac18cb5e22737133bb39e52e4a56
2023-03-22 16:36:21,True,0.5074,0.001539,1759.6,2.70903,0xd3...ec6f,https://bscscan.com/tx/0xfbf0d88143529fda842cef10f64047463a36d61c18ed7500d1b3bad957178f20
2023-03-22 16:35:09,True,0.5074,0.001539,809.2,1.24569,0xd3...ec6f,https://bscscan.com/tx/0xbbfd6dd588bbf40a16bfd433e6b679905088653e88bd347dea4758cbe10bbd21
2023-03-22 16:35:06,True,0.5074,0.001539,809.2,1.24561,0xd3...ec6f,https://bscscan.com/tx/0x2dd591861ee8f7f8cff4597bce9d27a5929d5099d512a1559fb26b2abbfe2365
2023-03-22 16:35:03,True,0.5074,0.001539,809.2,1.24553,0xd3...ec6f,https://bscscan.com/tx/0x53d94e66b4d7b9fdb1d3beb4a71d5a313491acef383c0cd5f47821f8f17ea98d
2023-03-22 16:34:36,True,0.5048,0.001539,1402.0,2.15779,0xd3...ec6f,https://bscscan.com/tx/0x7705d9f76123f29bc51640d70d5eb14434f2fb62645b55a9e30190d78672ccb7
2023-03-22 16:34:15,True,0.5048,0.001538,809.2,1.24531,0xd3...ec6f,https://bscscan.com/tx/0x31f1097ce08a42527b96ea62cf04f50931eae65658145a6bf6cf1582ba97f410
2023-03-22 16:34:12,True,0.5047,0.001538,600.3,0.9237,0xd3...ec6f,https://bscscan.com/tx/0xae06ee95fcfb882363be2cca741b53f3b7fc6acdd50268c757066761305b02b5
2023-03-22 16:34:03,True,0.5047,0.001538,496.3,0.7637,0xd3...ec6f,https://bscscan.com/tx/0x7071766b5a46aad280754e6d8f61fbdd716509653611fa1e2b6014dd864a005a
2023-03-22 16:34:00,True,0.5047,0.001538,496.3,0.7636,0xd3...ec6f,https://bscscan.com/tx/0x8f53c9306118c53501c93343fe67fb3a2f5c881098721aae3ebf0ee19b9adc6f
2023-03-22 16:33:57,True,0.5047,0.001538,496.3,0.7636,0xd3...ec6f,https://bscscan.com/tx/0x03853256f14105999dbbf8e32bf20eda4deed008e103e9ca1d023618adf57cf8
2023-03-22 16:33:36,True,0.5072,0.001538,1089.1,1.67565,0xd3...ec6f,https://bscscan.com/tx/0x3476c0b87cd11b10a314256304006f5a869cf51cbe465ceeedd8adf0f7aaa6f9
2023-03-22 16:32:42,True,0.5073,0.001538,1072.4,1.64982,0xd3...ec6f,https://bscscan.com/tx/0xb731cc4cd04a054e1ac9968f839906dd923f2f817b0db1ebfb7ed6501eee032f
2023-03-22 16:32:39,True,0.5073,0.001538,1.34044,0.002,0xd3...ec6f,https://bscscan.com/tx/0x72b18879c87a7fda7310be197ef7189228f2e0a5de8dc2b35db9a63cd618ab61
2023-03-22 16:32:36,True,0.5072,0.001538,1072.4,1.64967,0xd3...ec6f,https://bscscan.com/tx/0xb4bb9e2badade32e8a6fc66664718932c91d25df71625698e1bc272bcecc33cf
2023-03-22 16:32:12,True,0.5047,0.001538,479.172,0.737,0x8b...88f6,https://bscscan.com/tx/0x8ab98cece688e4d2ab27ce4e439d77ce054f3aef06e89e7662795fb1314cdb17
2023-03-22 16:31:36,True,0.5044,0.001538,358.7,0.5517,0xd3...ec6f,https://bscscan.com/tx/0x30db1d4e9cbbc4bcd42c4500dbd6a209f0ff9ee5771bb60c7e6d562a9d6898db
2023-03-22 16:31:33,True,0.5044,0.001538,402.5,0.619,0xd3...ec6f,https://bscscan.com/tx/0x718ed8f8b3f8a85794faf370d86fbe795eed24f7a59062973c1dd28f4a7fcc08
2023-03-22 16:31:12,True,0.5047,0.001538,1.68974,0.0026,0xd3...ec6f,https://bscscan.com/tx/0x261a3b179bc46a5b6bf88d20578f9b183747df6c25833dbefbfa6270ca5b155b
2023-03-22 16:31:09,True,0.5047,0.001538,437.757,0.6732,0xd3...ec6f,https://bscscan.com/tx/0x32dab0997274742f92a55f8d3b70ff2a4189d84f5ec5d12535714834c77d5553
2023-03-22 16:31:06,True,0.5047,0.001538,1.14399,0.0017,0xd3...ec6f,https://bscscan.com/tx/0x05002510cf76d240a0a4085683497b5b9914a8b271dfa5fef98566b5cb62dee2
2023-03-22 16:31:00,True,0.5072,0.001538,438.304,0.6741,0xd3...ec6f,https://bscscan.com/tx/0xadc96947b79a3e75a8d09b39dc3e03700ad61b903dba0ef895ede3238f127c5b
2023-03-22 16:30:57,True,0.5072,0.001538,0.5968,9.179e-05,0xd3...ec6f,https://bscscan.com/tx/0xff7764f7785fe545e9e7d1c53cd347cd0c5dd9271c8db66a9ec553b4eaa75c35
2023-03-22 16:30:54,True,0.5072,0.001537,477.5,0.7343,0xd3...ec6f,https://bscscan.com/tx/0x12c25880dc0732ea77fab5b294e9d39d0bad20a13bb40a0466539ff73bb906b0
2023-03-22 16:30:51,True,0.5072,0.001537,1.19224,0.0018,0xd3...ec6f,https://bscscan.com/tx/0x0611ab9d5882ad37a50dae1853a4bb8cc9b2884e377a8fd79f8de8fe794defba
2023-03-22 16:30:48,True,0.5072,0.001537,476.904,0.7334,0xd3...ec6f,https://bscscan.com/tx/0x1fb04f8453f4aca2c2d85de0f66a1f01df3d5e441fafb4720248a381e774c35c
2023-03-22 16:30:45,True,0.5071,0.001537,0.5968,9.178e-05,0xd3...ec6f,https://bscscan.com/tx/0xf68e6d69e947f6e58667c0d9927a833b92705c7bbd233eaeaeb0f1078f90b32f
2023-03-22 16:30:42,True,0.5071,0.001537,477.5,0.7343,0xd3...ec6f,https://bscscan.com/tx/0x9aada6b4197f7936eed55b8a73f932333554b2ab59d6fe6a9b10b86fbc4a0950
2023-03-22 16:30:36,True,0.5071,0.001537,499.8,0.7685,0xd3...ec6f,https://bscscan.com/tx/0xd9be3112ba0cad6b483e652c0c4582bf42a354296f4c48f894eb2802682726e3
2023-03-22 16:30:33,True,0.5071,0.001537,499.8,0.7685,0xd3...ec6f,https://bscscan.com/tx/0xcdf62edd0a1c10cfe79c01a2beae044f13626b2dd8ceae90cf85ef7c0ebcefc9
2023-03-22 16:30:30,True,0.5069,0.001537,499.8,0.7685,0xd3...ec6f,https://bscscan.com/tx/0xe5b6eaea25cd1b37e58413b2d7d3091e684b73aa8e05b94fd855f24d45ad18c3
2023-03-22 16:30:27,True,0.5069,0.001537,571.1,0.8781,0xd3...ec6f,https://bscscan.com/tx/0x0be15b22f622c1976a957d1a2128fc0eafcec29463fb729c2f1a41d5e6fd6457
2023-03-22 16:30:21,True,0.5069,0.001537,499.8,0.7684,0xd3...ec6f,https://bscscan.com/tx/0x951abac1f723b40e8eb116494747ffc7fd3e80b138413f947df8a20cb4939973
2023-03-22 16:30:18,True,0.5068,0.001537,125.983,0.1936,0xd3...ec6f,https://bscscan.com/tx/0x5f0b3705cc08dd8910f801afa5d7b296ca10c704e2a49684f7241bd08efbad46
2023-03-22 16:30:18,True,0.5068,0.001537,374.285,0.5754,0x8b...88f6,https://bscscan.com/tx/0x8f6477217efe1385908bf5ca5584e26c243fa616be9a9f60fdb5101fccff8dd3
2023-03-22 16:28:30,True,0.5043,0.001537,10.27,0.0157,0x18...5aa3,https://bscscan.com/tx/0xf454b3ff8e230151a661241d1b453c9f9c06471ca243bc8d5d1215cfca46ca08
2023-03-22 16:28:12,True,0.5043,0.001537,590.402,0.9076,0x70...8487,https://bscscan.com/tx/0x04331d53e9dff1b9934f5c37c70561b2d9a0498a89ea80cf3f6d300234cc3ec7
2023-03-22 16:27:18,True,0.5042,0.001537,3779.21,5.80906,0xd3...ec6f,https://bscscan.com/tx/0xdc87b7c7c6e05800fbf7b1a070288c34826e1e08b91ffa0a9bbd2092b017b969
2023-03-22 16:27:06,True,0.5068,0.001536,3804.4,5.84601,0xd3...ec6f,https://bscscan.com/tx/0x926b40bd102d8bffc6e9814882ffc9c5e52d70cf4d68ec797c2aece02c14b084
2023-03-22 16:24:00,True,0.504,0.001536,2278.25,3.5,0xda...c952,https://bscscan.com/tx/0x2d66f12c67c01130048f2f4891b991d77b2842c2056290f3a28575a0e3d2df7b
2023-03-22 16:21:54,True,0.5064,0.001536,2378.34,3.65308,0xd3...ec6f,https://bscscan.com/tx/0xdaece4a9ecff11dfb9a3370fad7a65e01e66b97fab9bbdd9f50982f384d2445b
2023-03-22 16:21:15,True,0.5064,0.001535,2.03512,0.0031,0xd3...ec6f,https://bscscan.com/tx/0x78bf00cdab9071eec54c8c300fb32aead3486bb4f9710dbf9c82f74678c16ad3
2023-03-22 16:21:12,True,0.5064,0.001535,1628.2,2.50048,0xd3...ec6f,https://bscscan.com/tx/0xe9ddeaa1ce056100dc47ee106108cf0ad6ea27035ff56d637748fe3f31f92f90
2023-03-22 16:19:36,True,0.5038,0.001535,0.9169,0.0014,0xd3...ec6f,https://bscscan.com/tx/0xc0048a29fc5815575296a76682994b0fcae42c1084055b58d7711f5b706e5528
2023-03-22 16:19:33,True,0.5038,0.001535,733.6,1.12651,0xd3...ec6f,https://bscscan.com/tx/0x35784eedbcdbc9892375dede8203f530332b5c1691d35bc50fd54a5844210144
2023-03-22 16:18:42,True,0.5063,0.001535,503.0,0.7723,0xd3...ec6f,https://bscscan.com/tx/0x96e7245287fb962fb2aae13648186a4a66d445d0574273d826117266752e36dd
2023-03-22 16:18:36,True,0.5063,0.001535,503.0,0.7723,0xd3...ec6f,https://bscscan.com/tx/0x93a2a54cda51a912d3747bd24be9c8d89030042358c713522635c457782cc3f2
2023-03-22 16:18:33,True,0.5063,0.001535,503.0,0.7723,0xd3...ec6f,https://bscscan.com/tx/0xa83cec26889c1368d9b08ca4cfcb8b318394042d442de84f7bf734d367693983
2023-03-22 16:17:06,True,0.5036,0.001535,4.07297,0.0062,0xd3...ec6f,https://bscscan.com/tx/0x25a7401e466004263f59af44a3647664f8ef018f28e65452b13a62f945f43bf8
2023-03-22 16:17:03,True,0.5035,0.001535,3258.8,5.00276,0xd3...ec6f,https://bscscan.com/tx/0xd1d4ca3db590d9b1d137a02c9a433175ecce47d5f557b6b649131c9db5da8d8e
2023-03-22 16:16:54,True,0.5059,0.001534,2855.66,4.38281,0xd3...ec6f,https://bscscan.com/tx/0x555cd0952af4c01226280480f62c5d9aa954c791fd77a66678f968bac1f063b2
2023-03-22 16:16:51,True,0.5058,0.001534,3258.8,5.00031,0xd3...ec6f,https://bscscan.com/tx/0xfd1baba7328f64096ee873f7c3cc7ff52ffdee2e5713f3ecf11932bf96513df0
2023-03-22 16:16:48,True,0.5057,0.001534,3384.6,5.19196,0xd3...ec6f,https://bscscan.com/tx/0x851ee2e9c97aa12023b4693a29d9f57f719de33ad017c677463d9e1580891090
2023-03-22 16:16:33,True,0.503,0.001533,918.2,1.40827,0xd3...ec6f,https://bscscan.com/tx/0x1fbb7030afa3cb7f8c8bd40fff55bdd344b2510a6fea6df9b237226907c33408
2023-03-22 16:16:30,True,0.503,0.001533,918.2,1.40817,0xd3...ec6f,https://bscscan.com/tx/0x238c0ae949cdaea0fdcc9662e51b8a98f20d3cf7f2c6ff2a493d55cfb65e186d
2023-03-22 16:16:24,True,0.5027,0.001533,1216.6,1.86564,0xd3...ec6f,https://bscscan.com/tx/0xa8019c3018b6814e739e2413d07d0d4e0deabfd006627e35151b82299938baad
2023-03-22 16:14:36,True,0.5054,0.001533,78.1096,0.1197,0x2c...c9c5,https://bscscan.com/tx/0x5620170041d3c143b75cfa2105553a82157ab345ce4f75ff6f5263b7e0e27585
2023-03-22 16:13:18,True,0.5032,0.001533,592.935,0.9091,0x70...8487,https://bscscan.com/tx/0x2de34cd26f0c3bb3b37c92df0f4609d1c9a334b8606fd7962ee208dc9c5b4bab
2023-03-22 16:12:36,True,0.5057,0.001533,137.274,0.2104,0x01...82cc,https://bscscan.com/tx/0x8d3522ced52671ce209fa85bb4950a14611f2a02b990152f0b3f780ba72cf94f
2023-03-22 16:11:00,True,0.5056,0.001533,1265.55,1.94038,0xd3...ec6f,https://bscscan.com/tx/0xd0e758f25ad42d554ceec631a756d71ecc3c29c9673808fe6ea0e1bf0360b4c1
2023-03-22 16:10:45,True,0.503,0.001533,1364.8,2.09234,0xd3...ec6f,https://bscscan.com/tx/0x4ce053c4dca495a1ca6d626a775ab57b9f30b5f068943c0913fd6be67a859f95
2023-03-22 16:10:36,True,0.503,0.001532,1364.8,2.09211,0xd3...ec6f,https://bscscan.com/tx/0xd45566bcd9233095d95989e8fbef13bef44f6160890506f453f7500ac8ac2dcb
2023-03-22 16:04:06,False,0.502,0.001525,22.0819,0.0336,0xa7...efed,https://bscscan.com/tx/0x22a41dc2997f8b1736c4f7b8996e24c21b402a358db6fbb2c1b3fc4524fe2f6e
2023-03-22 16:01:51,False,0.502,0.001525,200.301,0.3055,0xcb...345f,https://bscscan.com/tx/0xc7185c9dac5ad5653389394cc34c75808127b4f893138accd7b6d3ff32dffb4c
2023-03-22 15:59:03,True,0.5016,0.001532,1923.43,2.9481,0x13...315f,https://bscscan.com/tx/0xc902a46b574e040118fcbd7da9fbea82e94ca8c8d83ebe6f755cc62cdee1a2c6
2023-03-22 15:58:12,True,0.5041,0.001532,594.232,0.9107,0x70...8487,https://bscscan.com/tx/0x47e566bbe9259fd6a0fdca0e32e862ab7aed7c5dabc8ed6e979eae136a3d3fbd
2023-03-22 15:57:30,False,0.5016,0.001524,77.8492,0.1187,0xa6...cafd,https://bscscan.com/tx/0x72681e4c7b90ad36cf6e50e8385854498a502a7a49ec700ef08759379769a9f7
2023-03-22 15:47:00,False,0.503,0.001524,100.0,0.1524,0x72...d3a7,https://bscscan.com/tx/0x47ffa5f817ae2c1911e2327f711e692675439f6e1590592edb6d7bd708f1e45b
2023-03-22 15:45:44,False,0.5018,0.001525,1898.5,2.89526,0x16...4027,https://bscscan.com/tx/0xcfbd47b9cecf104323b58b3246da29b886b7cd7636b823ac339872e700ea4c1c
2023-03-22 15:43:16,True,0.5019,0.001532,594.508,0.9112,0x70...8487,https://bscscan.com/tx/0xb41ab990f55d25cb25d31631a2ea5eeda6cd9e85c3c3aaf208abcacb28498fd9
2023-03-22 15:42:58,False,0.502,0.001525,1787.0,2.72549,0x00...78d2,https://bscscan.com/tx/0x9c9d7c7e0ada33d4bfa5481116294e1d0ee49ce4446c3a537d8441c32fcf6bee
2023-03-22 15:42:22,False,0.4996,0.001525,6179.3,9.42752,0xd8...bcda,https://bscscan.com/tx/0xaaa62a4f6baf4a47888a3745300e29cc34c6139c80170a99a4bdb0b81b9e1a3a
2023-03-22 15:42:22,False,0.4998,0.001526,977.538,1.49182,0x16...65bf,https://bscscan.com/tx/0x7783e4ec7f7e40fb67bcd95265203da573e43c16a60ec34c5f0f3c3bd2be5027
2023-03-22 15:42:22,False,0.4999,0.001526,2420.3,3.69412,0x83...6678,https://bscscan.com/tx/0x1faee552e08aee795d3a0b5e825efd0bbb635f86c672ef2d90e3bff4e18f4aa3
2023-03-22 15:42:22,False,0.4999,0.001526,2397.24,3.65962,0x00...78d2,https://bscscan.com/tx/0x124fd18e4cbc987363713a4bb5e8489b3c8c6e49532675e200426d709be10f49
2023-03-22 15:42:01,True,0.505,0.001534,35.6305,0.0546,0x5d...3f72,https://bscscan.com/tx/0xb63f79785c6bc84815e1a568d4e38a88e7887cd2d64c1cc7b10c95d575311ba2
2023-03-22 15:29:43,False,0.5018,0.001526,20.0,0.0305,0x74...6ad9,https://bscscan.com/tx/0x58289dad645d3a1c31111cc667211ff9451d8eb49d7a15f68b6959ca9792b997
2023-03-22 15:29:10,False,0.5018,0.001526,66.959,0.1022,0xc5...29a5,https://bscscan.com/tx/0x285d38ec83df4962e0e9b021e2372dc2766e7f4b0c37ec47779c737214e79f39
2023-03-22 15:28:58,False,0.4993,0.001526,22.0,0.0335,0xda...7899,https://bscscan.com/tx/0x225aad8584c3dd3fa2b9627f8ab4f00f877b55c9e725b766dffa05de6eb16aff
2023-03-22 15:28:07,False,0.5017,0.001526,30.6,0.0467,0x74...6ad9,https://bscscan.com/tx/0x5ba227a093e032e214ebb772b217d92dff13f99a7e0bf8c458904a7edf79e96b
2023-03-22 15:27:49,False,0.4992,0.001526,26.6,0.0406,0xa1...55c3,https://bscscan.com/tx/0xcdd400b88996faa66243148317cb83d08281bd0c46142c5e78d6ad3ed7238b7b
2023-03-22 15:27:10,True,0.5017,0.001534,593.898,0.9112,0x70...8487,https://bscscan.com/tx/0xbf8f6ee8e3bc972ee4a3f0024857458e93b9d41452d0d91cf281b3b5715b94f9
2023-03-22 15:18:31,False,0.5008,0.001526,1867.9,2.85191,0x00...78d2,https://bscscan.com/tx/0xad25f482ceb9288ad70cde8a79006ccdf354c1dce7dd67a2329001b8183a89f3
2023-03-22 15:17:58,False,0.5013,0.001527,14434.9,22.0536,0xb0...a41e,https://bscscan.com/tx/0x3bc2af3ea943f3752f00a4d700d2c5538bb22d667a1b17cca4218aa6cfcb4094
2023-03-22 15:17:37,False,0.502,0.001529,8900.0,13.6101,0x83...6678,https://bscscan.com/tx/0x217221640b025ab702a20934b1587bd6bf7f5ec2bf219ee532458c82399b3966
2023-03-22 15:17:10,False,0.5021,0.00153,14430.5,22.0881,0xb0...baef,https://bscscan.com/tx/0xd27976c51fb207dc88bd8ec15184d5be9bac41ddecf9fe75773617770540871d
2023-03-22 15:17:04,False,0.5001,0.001531,6179.4,9.46635,0xd8...bcda,https://bscscan.com/tx/0xb2f5d2696d6df49633dbe4719b279ed73c5e3a5f6b9827c97a52e3960f24612f
2023-03-22 15:17:04,False,0.5004,0.001532,8900.0,13.6423,0x83...6678,https://bscscan.com/tx/0x04221a0bb33e3c366fd1b776ac88659bdbffd70e32ae39907956a7effed3186b
2023-03-22 15:17:04,False,0.5007,0.001533,2388.42,3.66274,0x00...78d2,https://bscscan.com/tx/0x47d1cc8268f9700e31d4414c1ef92f7f179b975f17a616bcfc04c3df14ef6160
2023-03-22 15:13:46,True,0.5058,0.001541,91.2841,0.1407,0x16...a3cf,https://bscscan.com/tx/0xc0f5218007cdffafda4ac091734be28a53537ec1b744f2a5237386d5b45a79ca
2023-03-22 15:12:51,True,0.5033,0.001541,545.63,0.841,0xcb...f7ed,https://bscscan.com/tx/0x97474ecc9f3b34d185445127e6981c4131d7ebcaea89c823c909ed8f3c3f04be
2023-03-22 15:12:27,False,0.5032,0.001533,1348.0,2.06742,0x00...78d2,https://bscscan.com/tx/0x7118c2b1565bfb49b34b063b7038689f9570df3b3c4aeea6930328f0ac5934cf
2023-03-22 15:12:18,False,0.5033,0.001533,1670.9,2.56295,0x3c...40d8,https://bscscan.com/tx/0xfe558471fc0db70d6021b9a352bf370b9660b3cb91b161fd6364e6e4a81cb644
2023-03-22 15:12:12,True,0.5058,0.001541,591.313,0.9115,0x70...8487,https://bscscan.com/tx/0xe001df34f68a2ec269ac5d6bb2f223829c843a730670a9b1ba3ff75a921f9a42
2023-03-22 15:11:42,True,0.5057,0.001541,20.0,0.0308,0x15...5dcb,https://bscscan.com/tx/0x9fd7de772aa1d53eb77819d0c8c78cfe09495421d36be7a1b15082df82f158fb
2023-03-22 15:10:15,False,0.5037,0.001534,1166.66,1.78963,0x00...78d2,https://bscscan.com/tx/0xf2b45a80127b65696f48e95419ec16e36d233768d3422047c485da574abb3d97
2023-03-22 15:10:09,False,0.5038,0.001534,2392.45,3.67049,0x00...78d2,https://bscscan.com/tx/0xb30434949291ae6b048ffcd42c00b9f00239b17c9be8fe84ac1aa0eb3eb0b869
2023-03-22 15:08:57,False,0.5013,0.001534,100.0,0.1534,0x50...7ea9,https://bscscan.com/tx/0xa6ff5a7ce7f4f1881c781cf39fe055946153f0b80645bf5978a9eb67a2cfe46a
2023-03-22 15:08:06,False,0.5037,0.001534,489.616,0.7512,0xd3...ec6f,https://bscscan.com/tx/0x0a2d2fe0bf2fffeb73af04d0e66e0b5654f57dc0fc579ce8c7d3eb4050b8f928
2023-03-22 15:07:21,False,0.5012,0.001534,10.0,0.0153,0xa1...0531,https://bscscan.com/tx/0x35e002a93511f9d6b74f951e8ac1ddb25b171365e107a1f893b7e504c1c9ae15
2023-03-22 15:06:33,False,0.5037,0.001534,15.7018,0.024,0xd7...4e98,https://bscscan.com/tx/0xe3f4a9222e1502d1d59d04a4a90c8b2396c9894cc022902099039dfdcf8b80c3
2023-03-22 15:06:21,False,0.5013,0.001534,2175.61,3.33858,0xd3...ec6f,https://bscscan.com/tx/0x23018dbf0f1d7edb96aa8fc2e75af6b996f6716c0f93daf2e770e47a1c5ed624
2023-03-22 15:06:18,False,0.5013,0.001534,2.16303,0.0033,0xd3...ec6f,https://bscscan.com/tx/0x1a59cdb84160d1f5f78f03dc4b6966800c9b4e07b9af7383145d01f2961f4d09
2023-03-22 15:06:15,False,0.5014,0.001534,2333.63,3.58172,0xd3...ec6f,https://bscscan.com/tx/0x393c81234b3ad0a01d4c6b76bd179954467a380050a36f5e9cec2cf5c01467c9
2023-03-22 15:06:12,True,0.5039,0.001542,551.003,0.85,0x46...0a36,https://bscscan.com/tx/0xb74a39abfa14d35ab7f08ebb2584116ce707588f5a869a29b2b14a65a11d1b6d
2023-03-22 15:05:03,False,0.504,0.001535,2139.63,3.28441,0xd3...ec6f,https://bscscan.com/tx/0xcd85fdccb0327d976c558ff062d69fd1a76bd4bdfe25e81881ef26ffab045694
2023-03-22 15:04:42,False,0.5016,0.001535,2586.86,3.97168,0xd3...ec6f,https://bscscan.com/tx/0x2572152afa25181020430637f707afbfec31e8ff766a00b32599741e31f66045
2023-03-22 15:04:39,False,0.5017,0.001535,2736.83,4.20283,0xd3...ec6f,https://bscscan.com/tx/0x945dec4c671af3b226680df7ae0589b9feb1c370b2d2e3e207fea12cf016b167
2023-03-22 15:04:09,False,0.504,0.001535,1967.21,3.02153,0xd3...ec6f,https://bscscan.com/tx/0x1e2bf529f23ee224c9c9bf7b42abf2d494ce4e0e1c6c6a67df4d0c2c41073494
2023-03-22 15:04:09,False,0.504,0.001536,7.0,0.0107,0xd7...4e98,https://bscscan.com/tx/0xe045164761fa31b601e016970e4e5732312ddb1f1fe92dae847326dd4b2db595
2023-03-22 15:04:06,False,0.5041,0.001536,1973.89,3.03227,0xd3...ec6f,https://bscscan.com/tx/0x5b3ecdf75f375f5acb35e7a852709abba6834727611905abe78229376a28642d
2023-03-22 15:04:03,False,0.5016,0.001536,1684.65,2.58832,0xd3...ec6f,https://bscscan.com/tx/0x26bcdb190d3ac95227cf544763f2d668984ef7f0afdff2955fb1dbb3c71e5b4e
2023-03-22 15:04:00,False,0.5016,0.001536,1684.42,2.58832,0xd3...ec6f,https://bscscan.com/tx/0x96d63d2cf3a9f501926fb5302bc8be7dc309f0edbf5ebbad9e4bd449bb0ae1e6
2023-03-22 15:03:57,False,0.5017,0.001536,2478.7,3.80946,0xd3...ec6f,https://bscscan.com/tx/0x60ebe233ce9b842eba0bea02e2f6fd4459c04f9b79ba3084cc54a2ebc5138f9b
2023-03-22 15:03:54,False,0.5018,0.001537,1684.37,2.58911,0xd3...ec6f,https://bscscan.com/tx/0x974f1dcd8d1159469fa14bd5c78e6dd7b0c1eed7ced04987f420c7876d5c4a52
2023-03-22 15:03:51,False,0.5019,0.001537,1607.01,2.47052,0xd3...ec6f,https://bscscan.com/tx/0x81dc758f208b1c968d7b388342da98606c3871002268aa94e9d790686aca5ba1
2023-03-22 15:03:48,False,0.5044,0.001537,1606.81,2.47052,0xd3...ec6f,https://bscscan.com/tx/0x8b17c8aeafa53c9b20ce0718e912d16152dfe0c308a4bc598cc492dce281cb4b
2023-03-22 15:03:45,False,0.5045,0.001537,2002.44,3.07927,0xd3...ec6f,https://bscscan.com/tx/0x7c3a7c9eca29846f77378f4ce46ee3f1fc601a189b704e39a17788a70932a8f6
2023-03-22 15:03:42,False,0.5046,0.001538,2002.12,3.07927,0xd3...ec6f,https://bscscan.com/tx/0xa87aa86c0dde60f78e27fb0d2bbe16a65037b6cf2160416c8bfa14bb67a15646
2023-03-22 15:03:39,False,0.5047,0.001538,1328.97,2.04424,0xd3...ec6f,https://bscscan.com/tx/0x17794b95f6f746dfa644a54ea1d47d562775c3679ac7a0f1d4ada134f47cd342
2023-03-22 15:03:36,False,0.5047,0.001538,1328.83,2.04424,0xd3...ec6f,https://bscscan.com/tx/0xea215aba388c80e3b411c9863da96dedd043ad1adf7216b4fc0f74f25006bf28
2023-03-22 15:03:33,False,0.5048,0.001538,2000.27,3.07758,0xd3...ec6f,https://bscscan.com/tx/0x6400e0bb0ab285c2940da8e87a251ca6ed326ce880fff38fbff9b7fe143cc694
2023-03-22 15:03:30,False,0.5049,0.001538,2661.27,4.09534,0xd3...ec6f,https://bscscan.com/tx/0x7dce63d866145859a0a132470407922ab227a854543108b7802b8dbc72df0d53
2023-03-22 15:03:27,False,0.505,0.001539,1086.0,1.67146,0x00...78d2,https://bscscan.com/tx/0x87ecd452ce6742870bdedf1226e2d7a94e7836ee78659a3adb7e6897a83073fd
2023-03-22 15:03:18,False,0.5026,0.001539,3005.27,4.62617,0xd3...ec6f,https://bscscan.com/tx/0xe817743f8baae1ab533f23e0bf736d44d6206d60ddd1625e6f6bd08fb2de6a90
2023-03-22 15:03:15,False,0.5027,0.001539,2357.21,3.62936,0xd3...ec6f,https://bscscan.com/tx/0x541d6aa6c52f8ad9012653702f2f79ce541c271820135f09c4c892472c5b71f9
2023-03-22 15:00:18,True,0.5049,0.001547,383.816,0.5939,0x1d...12a8,https://bscscan.com/tx/0x26dd8f6697fe72f551702c567a4df6bc594b935244f284c3a6d8fd46814b20fc
2023-03-22 14:56:18,True,0.5072,0.001547,591.379,0.9151,0x70...8487,https://bscscan.com/tx/0x9ba44e6f0b42d155211ffb8d9e00a3240859eada8fa9b8357d03967d6cdd5a73
2023-03-22 14:50:03,False,0.5021,0.001539,231.617,0.3566,0xf0...383d,https://bscscan.com/tx/0x7f2356eb5bb8f64840cf6d2937fd2dc4cc2e0eaa40b629230055caaf5642fc6f
2023-03-22 14:49:33,True,0.5043,0.001547,98.6338,0.1526,0x1a...0c99,https://bscscan.com/tx/0xc942a18c1a3a42483c48353878469cb9427bd69634cc52188cb463fac0afaecf
2023-03-22 14:49:12,False,0.5043,0.001539,665.541,1.02478,0xd3...ec6f,https://bscscan.com/tx/0x987ce9cb0bd4b93331b6d635ab72cbd87e7a7a78c452dfa36ed900f7185a89e7
2023-03-22 14:48:09,False,0.5044,0.001539,10.32,0.0158,0x6e...f03f,https://bscscan.com/tx/0xd1cd3a425b3d60fbb9aa3bad761bc64151a488c7a1e3818352bc059955ef16d3
2023-03-22 14:47:51,True,0.5069,0.001547,542.034,0.8388,0x90...43d9,https://bscscan.com/tx/0xec9490743d54f25882ca560a4a491d53edfc0cc3322185f11eadce4d2b959eec
2023-03-22 14:46:57,False,0.502,0.001539,477.343,0.735,0x4a...8d9c,https://bscscan.com/tx/0x771be88c349ffc5a8fadbfd7b99716976b0bbf0ee7faa2cceba2c47cfd05b582
2023-03-22 14:46:45,False,0.5045,0.001539,11.0,0.0169,0x3c...cfd2,https://bscscan.com/tx/0xd66c9567b10bc2b0829cde62b716f846ace436f4166731e1d0e5897f35c72afa
2023-03-22 14:46:12,False,0.502,0.001539,11.3554,0.0174,0x5d...d98a,https://bscscan.com/tx/0x29da7fb45263d4aafca17a5f3aba57740084c174564103531b0396671e7f6855
2023-03-22 14:46:00,False,0.502,0.001539,65.7366,0.1012,0xaa...4e39,https://bscscan.com/tx/0xdcdc5c80a161954cd237c10247ec9668f9acb81c670e4d159ba51933ac8cd28f
2023-03-22 14:44:33,False,0.5021,0.001539,5.0,0.0077,0xe7...8bc2,https://bscscan.com/tx/0xd89aaeca26e64a5a6f110d3174cf3418d36577326d236f1c75b0b5eecbbb5e00
2023-03-22 14:43:42,False,0.5021,0.001539,9.75639,0.015,0x2f...365b,https://bscscan.com/tx/0x954a2c3b0d7df13a72ae0a52e4a82382b5cb21613b5aa62ae84b1b5d6ca710b2
2023-03-22 14:42:18,True,0.5046,0.001547,21.8979,0.0338,0xd6...8e83,https://bscscan.com/tx/0x4334f1bfc3495886677f51405b6764ef12ccaf06a5c647d5d7bcf851cb2ec7d8
2023-03-22 14:41:12,True,0.5068,0.001547,591.699,0.9156,0x70...8487,https://bscscan.com/tx/0xe4b82c9d7a90137758c580e05bbe1203541a4baf48579d6057efbbc8bd3cf452
2023-03-22 14:36:42,False,0.5039,0.001539,97.0,0.1493,0xce...cb72,https://bscscan.com/tx/0xd54ec69e513deb18d9d0359449cc2d354253ba0f2bd6821298de13201aeade0b
2023-03-22 14:36:24,False,0.5039,0.001539,149.932,0.2308,0x6b...4a1a,https://bscscan.com/tx/0xfa70cb72f6191386de18c35f9d53e0f2680d6efc40f8f4b54545b12fe82f42dc
2023-03-22 14:34:33,True,0.5038,0.001547,586.342,0.9073,0x35...aca7,https://bscscan.com/tx/0x180a49235a47a36366b938a9c5683a2bc3ec8a3fbb0e71e432063dec20587227
2023-03-22 14:32:30,True,0.5038,0.001547,57.4525,0.0889,0x48...72e7,https://bscscan.com/tx/0x39791c82a354d97386ef3a37ab64d90e522713fd2bee527ad487144ada48de91
2023-03-22 14:27:42,False,0.5009,0.001539,300.0,0.4619,0x1a...33f0,https://bscscan.com/tx/0x085c0f4db725a0ee098bcf3acfc073fea69c7ffa3fb107ba423aa220c1df37e4
2023-03-22 14:27:33,False,0.501,0.00154,4710.72,7.25459,0xd3...ec6f,https://bscscan.com/tx/0xc8fe540f438e295c39f1e869d22a035dabefce6c1be4e1a1495ab52c4e74e36b
2023-03-22 14:27:09,False,0.5011,0.00154,5.0,0.0077,0x6c...b92e,https://bscscan.com/tx/0x5da82dd87ea6ded85639e7603f3a9bbac69157eea88f896592747d94699c1699
2023-03-22 14:26:09,True,0.5036,0.001548,592.237,0.9167,0x70...8487,https://bscscan.com/tx/0x958045a69028a269743c16e99bdd967174925ad2815b3cd258ac3f653a616b1c
2023-03-22 14:25:33,True,0.5061,0.001547,527.161,0.816,0x06...605c,https://bscscan.com/tx/0x1123c29669b1a9fa333578d9942f0527a47a951bba80321490baaa7fd23ded67
2023-03-22 14:25:03,True,0.506,0.001547,92.5379,0.1432,0x07...59c7,https://bscscan.com/tx/0xa069cd89bd96cd436160df446f889cffcb4257fc14852a7bab09e00226a44fb3
2023-03-22 14:23:12,False,0.5031,0.00154,1168.77,1.80018,0x17...272e,https://bscscan.com/tx/0x33d52198ff545bdeda0b4dd308b6d4daad802786e4f0a55c6a8df3498eb42a16
2023-03-22 14:21:15,True,0.5059,0.001548,252.0,0.3901,0x15...ebab,https://bscscan.com/tx/0x23908a0f4722c8a0dbc2cc7d8a753f3a45e33a253ba92f60d0628ca5856d7680
2023-03-22 14:20:00,False,0.5032,0.00154,1156.5,1.78141,0x00...78d2,https://bscscan.com/tx/0x4821d24f03c88aa62b1f9aa7688600836689038a516f42d75588cf84d7e2aef5
2023-03-22 14:16:48,False,0.5032,0.00154,877.389,1.35159,0xd3...ec6f,https://bscscan.com/tx/0x0cb5f699e7de2274cbbf51629b9b97167e532b5349eeec24ed1a4211f02aa224
2023-03-22 14:16:42,False,0.5029,0.00154,877.325,1.35159,0xd3...ec6f,https://bscscan.com/tx/0xb739b8944bfe2c9db3296e26ed9c13cf7e381ab58d13bd2dacde77d1d57ae319
2023-03-22 14:15:33,False,0.503,0.00154,1581.56,2.43677,0xd3...ec6f,https://bscscan.com/tx/0x3b2837a44f3381598900f9536c2326a4ddf748069884a11f053f43cff5f0f3fa
2023-03-22 14:15:30,False,0.5031,0.001541,2580.41,3.97642,0xd3...ec6f,https://bscscan.com/tx/0x69c472be1f7241a73c1fbfc0c91db52843939ace8ad029cb2ae4d8810381858a
2023-03-22 14:13:57,False,0.5031,0.001541,2580.65,3.97764,0xd3...ec6f,https://bscscan.com/tx/0xeabc74aebe369676b0947b3388860184aeccd34d0a68f8480ea14d8f9a8fcec5
2023-03-22 14:10:12,True,0.5053,0.001549,592.129,0.9173,0x70...8487,https://bscscan.com/tx/0x80e45701047703385d9184993b70b1de9f04c9ab8f9c7b86fabd0f4b158d26d8
2023-03-22 14:07:06,True,0.5052,0.001549,635.847,0.985,0x11...69bd,https://bscscan.com/tx/0x2e52b5ac8b4abbbe0b622bcfd2f390e4b7303fd40de814caef18692dd28e96ae
2023-03-22 14:04:06,False,0.5028,0.001541,4.72762,0.0072,0xe1...ce1c,https://bscscan.com/tx/0x025b29d9993c326da4a10577d571309c1f73199eeee1d01267612dca84875cc7
2023-03-22 14:01:18,False,0.5018,0.001541,34.3227,0.0529,0x1c...3220,https://bscscan.com/tx/0x221aea37cd5fa1cdf6e35456da815890e874ec87a66fbe7c6ee9ecd34d1f078e
2023-03-22 13:54:33,True,0.5045,0.001549,435.672,0.6748,0x55...8243,https://bscscan.com/tx/0x6d3c29e03078554a1898a2002c3a140bf45aaa0d37a0cce8d21e038f721fff80
2023-03-22 13:54:12,True,0.507,0.001549,591.476,0.9161,0x70...8487,https://bscscan.com/tx/0x9590e738f826b3cf0cdaf6139637746ef273e6357a8a37020c7702294c77507d
2023-03-22 13:49:54,False,0.5039,0.001541,40.6042,0.0625,0xd3...2e46,https://bscscan.com/tx/0x91eb706988563a13b59a77cabe5bc1412de2d122f05e716b96a6588988c25011
2023-03-22 13:49:12,False,0.504,0.001541,41.6358,0.0641,0x80...e52b,https://bscscan.com/tx/0x85d5e7d6236b0e778370c8fba6cf2f15ea11ac1a9254eda14a6f3c62da24b009
2023-03-22 13:46:29,False,0.5042,0.001541,569.0,0.8769,0x17...272e,https://bscscan.com/tx/0xfdf0188057849ac3a981bc2ba6d7e396cce072471e91247efa2fe5a0bc8a01b9
2023-03-22 13:43:58,False,0.5045,0.001541,3406.17,5.25064,0xd3...ec6f,https://bscscan.com/tx/0xb302b161070032f23c09ad6712b5221ff8bb53620ea52efdd265ad9442af3306
2023-03-22 13:43:42,False,0.5046,0.001541,106.431,0.164,0x9f...1098,https://bscscan.com/tx/0x9e3626789ed564b57c0f8dacd5d19be1406758cb11ecbc23aa601347a2fdab35
2023-03-22 13:39:03,False,0.5046,0.001541,1458.11,2.24816,0xd3...ec6f,https://bscscan.com/tx/0x80129823b49fc7a980eae09b2775393fd9335bc89a21aa59faef3f2e1d6e7cf4
2023-03-22 13:39:00,False,0.5047,0.001542,6772.28,10.4453,0x2f...e155,https://bscscan.com/tx/0x714b7d93dc90012c623af61bb3abe3b4245a358bfdb2ee8a2ee34360a828ec80
2023-03-22 13:38:27,True,0.5077,0.001551,70.2877,0.109,0x04...e119,https://bscscan.com/tx/0x1309a61b0a51041cab3f4e7231f8bcdd58b19ad0259c7db29d36e40db6aec5fa
2023-03-22 13:38:18,True,0.5049,0.00155,590.086,0.9149,0x70...8487,https://bscscan.com/tx/0xcd42f19273534a111c901ea9639e0cffd34a6b3ee1edc8d47ca6eb5304526255
2023-03-22 13:32:32,False,0.5027,0.001542,3393.65,5.23613,0xf2...bfcf,https://bscscan.com/tx/0x893ecc94e6400ff25670d04dabe905ca7c02d54cc299b5194f103fcf1ac1814b
2023-03-22 13:32:02,True,0.5055,0.001551,95.8255,0.1486,0x04...e119,https://bscscan.com/tx/0x8612a6b4994e38f87e1e3d409eac67b538e1d51f2a9373dd69f4999dbc8dd8be
2023-03-22 13:29:11,False,0.5026,0.001543,100.0,0.1543,0xbb...162f,https://bscscan.com/tx/0x3da240235526c29eb6769644b2c17262eb5dced510d0c1debcf1f488eab6acf5
2023-03-22 13:26:05,False,0.505,0.001543,30.0,0.0462,0xd4...d5df,https://bscscan.com/tx/0x90d19662d868b5baa08c022007b1b30da3c45b9e022e1f514f0c15393503b1c0
2023-03-22 13:23:17,True,0.5053,0.001551,63.8834,0.0991,0x3a...7ad4,https://bscscan.com/tx/0x370df6d693afbebf70ce94d2e97fcfa88f5cb1e3cb6884b62285bf092e580d14
2023-03-22 13:22:47,False,0.5046,0.001542,200.121,0.3086,0x87...1d5e,https://bscscan.com/tx/0x6e5c1607988ea50ef4f3f92a928728557c848ca9284ba35e10674145eae523e1
2023-03-22 13:22:11,True,0.5048,0.00155,590.414,0.9156,0x70...8487,https://bscscan.com/tx/0x3a47966793d617f27dde44fc02039e0ed9ee58b4afc270004ac5a6fbdfac2b09
2023-03-22 13:15:47,False,0.5032,0.001543,24.1254,0.0372,0x3d...3d57,https://bscscan.com/tx/0x3b22c81aa366f24b56f39d3b41b91a1d6084c547b5100ec1c073dc775f7fd3dd
2023-03-22 13:15:32,False,0.503,0.001544,16916.3,26.1214,0xf2...bfcf,https://bscscan.com/tx/0xd172f8e28823faaba0d5093217a595499026d57ff6ea041ca93895bdc747bddd
2023-03-22 13:15:32,False,0.5034,0.001545,3081.82,4.76274,0x52...1c7e,https://bscscan.com/tx/0xef948f9d7063911746759d5a1c7d6ccf090f582c72460760ad3864221f505a6d
2023-03-22 13:15:23,True,0.5034,0.001553,47.3556,0.0735,0xd4...d5df,https://bscscan.com/tx/0x5315877cf0c36aa73034a5aa2f3e379b38f8ba66256078018e84bccc185fc198
2023-03-22 13:14:41,False,0.5034,0.001545,392.05,0.6059,0xed...4f31,https://bscscan.com/tx/0x26b7331164ed1df817ee7309840326059a5e48b852fdba3e315d5b8bff3f3124
2023-03-22 13:14:32,False,0.5008,0.001545,1244.67,1.92395,0x8b...88f6,https://bscscan.com/tx/0x52cf32ed6377f75cd75d17f1d7529e2204e1a0f02f09b2a1cb5f54b918802e5d
2023-03-22 13:11:07,False,0.5021,0.001546,6214.04,9.60831,0xda...c952,https://bscscan.com/tx/0xb6a09f79f833df922130f604fbc0a8fe4234befbe07947d3aa2eea4630a64e3b
2023-03-22 13:11:07,False,0.5024,0.001547,8521.65,13.1844,0x52...1c7e,https://bscscan.com/tx/0xe4233ca4d7175e32964703acc4fbee084cc0a70744be7635f5086bd07ace9417
2023-03-22 13:11:07,False,0.5026,0.001547,2881.04,4.45954,0x8b...88f6,https://bscscan.com/tx/0x6cef6db85fbc42601a8d05e3d4b06992b555949d542d98ce9ab5853c4d0b7c11
2023-03-22 13:11:04,False,0.5002,0.001548,79.1986,0.1226,0x80...e660,https://bscscan.com/tx/0x58956c3e2a2711e3da545d84825e6c365135bead0254e405b7217459f49655f7
2023-03-22 13:10:04,True,0.5028,0.001555,1071.82,1.66752,0x00...78d2,https://bscscan.com/tx/0x150d7503df4435783808c468a0361ff99a2fd6cc7cd57cb6973d0c4d0f60c32d
2023-03-22 13:10:04,True,0.5026,0.001555,4496.21,6.99354,0x8b...88f6,https://bscscan.com/tx/0xbedc0c77b321d3ea87db65278b9f266839b58a807929f0f0815cab22d147f39a
2023-03-22 13:10:04,True,0.5025,0.001554,3215.57,5.0,0xda...c952,https://bscscan.com/tx/0xbf6f50337a7092f406546d20a8072d566b67a41b92926d2e4347b3a0896c4463
2023-03-22 13:09:57,True,0.5023,0.001554,3216.43,5.0,0x0c...8533,https://bscscan.com/tx/0xffcf25de4e32d1198f6efdfaea5a996fb61c8c18390bc75f1a72ef6cbf4aafa1
2023-03-22 13:09:07,False,0.5022,0.001547,6337.53,9.80388,0x2f...e155,https://bscscan.com/tx/0x29fffac5b4c1895019444e6df904d71efcab69b6edfd2c9ee52fd81d0155a2a9
2023-03-22 13:09:07,False,0.5024,0.001547,1148.84,1.77775,0x62...1f10,https://bscscan.com/tx/0x6b303d348424c7dd363937f21a7fc71a2f5bc6762fc79349123386d13aa74d93
2023-03-22 13:09:07,False,0.5026,0.001548,7718.39,11.9481,0x03...9fa1,https://bscscan.com/tx/0x0afc35caebdbf6b8bcd58b1e3dd7ee365f30f65774bcd68b080f521c4064c4e9
2023-03-22 13:09:07,False,0.5028,0.001548,1660.98,2.57219,0x11...a5bc,https://bscscan.com/tx/0xb543736ed6ef4de120a965ea3b55b94750e53255f0a6bb6ffb2b33f707b50fc8
2023-03-22 13:08:58,False,0.502,0.001548,4.0,0.0061,0xff...1c5b,https://bscscan.com/tx/0x304a436d217c14b02b4ed07f0ecad3312b545ef24d28e9a1b3caa1056b544af2
2023-03-22 13:07:32,False,0.499,0.001548,997.0,1.54412,0x2e...f744,https://bscscan.com/tx/0xa5239826c05120f5214525eae94ca3a9f01178700b43f6e60540a93ee4d8df0b
2023-03-22 13:06:10,True,0.5017,0.001556,593.874,0.9244,0x70...8487,https://bscscan.com/tx/0xafd6b955926d374549e444da7e20cf944b1e37d691bfece6c41f89151594eb9e
2023-03-22 13:05:43,True,0.5017,0.001556,2378.96,3.70255,0x00...78d2,https://bscscan.com/tx/0x739531fd8a241d1cef676dcc74499d25dc69720026fb309044a379457c5699e3
2023-03-22 13:05:37,True,0.5016,0.001556,2378.96,3.70183,0x00...78d2,https://bscscan.com/tx/0x1f37e1399f9e698eb69aa8ca603e41e88a39c1edb64710802e402e5110e32acc
2023-03-22 13:05:34,True,0.5015,0.001555,3213.97,5.0,0x5a...6651,https://bscscan.com/tx/0x4852d7b57f0284384f87951a9d908eb0b03cdc1a95fecc650199cb18542c5993
2023-03-22 13:05:19,True,0.5039,0.001555,2250.29,3.5,0xf2...bfcf,https://bscscan.com/tx/0x30ee3b5024802a2d2d219b70c3787960157b429efba1584ffc3fe2e34243303b
2023-03-22 13:05:13,True,0.5038,0.001555,296.524,0.4611,0x3f...573a,https://bscscan.com/tx/0x696e75a892b0d5e6f738bdf12b5d1b74472ab7cd69e3a02899697055e7d1b0b3
2023-03-22 13:05:07,True,0.5038,0.001555,2250.76,3.5,0x8d...1b76,https://bscscan.com/tx/0x9e86db80665dbb04ae34751ad21d4a4047f6b00d5e10f5ddcad11cd467bcee41
2023-03-22 13:04:55,True,0.5037,0.001554,2251.18,3.5,0xf2...bfcf,https://bscscan.com/tx/0xca38063df8a880f2fab1e6dc8c84182513b43f0dc04c12c3793d5f1f7c4e240d
2023-03-22 13:04:55,True,0.5036,0.001554,2251.6,3.5,0x03...9fa1,https://bscscan.com/tx/0x19a5660234fe07cb25019e0f7464eb09de0028fd58afb9ca238b7b7415a89080
2023-03-22 13:04:55,True,0.5035,0.001554,393.2,0.6111,0xd0...cb98,https://bscscan.com/tx/0x9ed5deeb87e3b21fee08840952ddfa18ffe62c0900e026c9e5a56d5da2de6202
2023-03-22 13:04:52,True,0.5035,0.001554,1660.98,2.58141,0x11...a5bc,https://bscscan.com/tx/0x6adda4c6e6fbdfda8cb36f9f137bb2bcf54987ebca861025f930698f7eacf3e9
2023-03-22 13:04:49,True,0.5034,0.001553,2252.4,3.5,0x3f...573a,https://bscscan.com/tx/0xdf185243081a2c57345be631f0881ffdc33355854ea8fc21e945efa728348188
2023-03-22 13:04:49,True,0.5033,0.001553,2252.82,3.5,0x27...b6f2,https://bscscan.com/tx/0xdf2ff6bad1a0cd7435f456225e36d4a307394a09b6e913b2e8f48709eef92a67
2023-03-22 13:04:46,True,0.5033,0.001553,2253.24,3.5,0x8d...1b76,https://bscscan.com/tx/0xb65c1212aa102279397fc55d78bcab6ce45ddea28e4e61121e32dddb71499d2b
2023-03-22 13:04:37,True,0.5032,0.001553,2253.66,3.5,0x3f...573a,https://bscscan.com/tx/0x08f9121d5a760238614e383551bde9cdd7281cb102dc8f383dd854783f56d898
2023-03-22 13:04:13,True,0.5005,0.001552,2254.08,3.5,0xf2...bfcf,https://bscscan.com/tx/0x790354d654a42a26edb054103bdd2e130b92537f491aca722b486feea89500e8
2023-03-22 13:03:52,True,0.5034,0.001552,2254.5,3.5,0x3f...573a,https://bscscan.com/tx/0x5ca6dc97d73187f0278bb3c20a5cf6f3a5331a8c7e424a49c64eb9826072f0df
2023-03-22 13:02:22,True,0.5033,0.001552,1179.0,1.83008,0x09...18f7,https://bscscan.com/tx/0x68c364fd2270cbb45358195fb2f27d05bc42d905e849752c3dcae9814a6bcce7
2023-03-22 13:02:04,True,0.5035,0.001552,1170.39,1.81653,0x8b...88f6,https://bscscan.com/tx/0x3e23481e3511f0513fac4eccd5478b3db37fc682b67a622da3aa3cce7f0a3b4e
2023-03-22 13:01:40,True,0.5033,0.001552,594.274,0.9222,0x0c...8533,https://bscscan.com/tx/0xc48688aa544bc10519a4672cdda4eccd06edfadafebd5ca0a61218c8dc236765
2023-03-22 13:00:40,True,0.5038,0.001551,443.978,0.689,0xda...6e1f,https://bscscan.com/tx/0x3ae8e0857f75fc5cd71e058c7c05b26d88d19a5f432d7b07916a2f8b3f26c203
2023-03-22 13:00:31,True,0.5014,0.001551,1718.5,2.66671,0x05...7eea,https://bscscan.com/tx/0x7cf09c34169d80caf938024416be097fff40bdb68004ed41379d2fa24b849743
2023-03-22 12:59:46,False,0.5016,0.001544,1200.0,1.85278,0xdc...7772,https://bscscan.com/tx/0x53d145c9cb6699157f5caa6a7c2899b20269318d055335d498e6bfec88064b6e
2023-03-22 12:56:36,True,0.5023,0.001551,2255.65,3.5,0x0c...8533,https://bscscan.com/tx/0x99fa7838c448662846a30403ee1c098d00534cc56340263cf751c67c631b293b
2023-03-22 12:56:33,False,0.4998,0.001543,15.0,0.0231,0x99...3441,https://bscscan.com/tx/0x335ab90efb7b8b615075d7fe37169b35ec9d9368cfe6ddd0763a1066883a2bfc
2023-03-22 12:56:11,False,0.5,0.001543,10.0299,0.0154,0x6f...ed3a,https://bscscan.com/tx/0x165405e12969a9cd9fcc60c872f166b44d79dc6b09eddfcd4d2eed19621ed38c
2023-03-22 12:52:15,False,0.5022,0.001543,250.334,0.3864,0xbb...e853,https://bscscan.com/tx/0x183a16ae303b29bc4fb643bd132fc06890d0dd77fa541c2689f228576cefbe64
2023-03-22 12:51:35,False,0.4995,0.001543,30.2107,0.0466,0x1b...41f9,https://bscscan.com/tx/0xe0ceef0bc9ff93008ebdc2a8af2dfafbc9f8c6756e2a2db5d0d006c4938f53db
2023-03-22 12:51:11,True,0.503,0.001551,592.224,0.9188,0x70...8487,https://bscscan.com/tx/0x35d8b757a156ad3dcd6327ac6171e766de9681ad70f055a6afe0f92d97fd749e
2023-03-22 12:48:56,True,0.5028,0.001551,1162.74,1.80388,0xda...6e1f,https://bscscan.com/tx/0x3a304d970a877d58fe57dc01f5c5b58a7de19136e75544f346afab5e09b7114b
2023-03-22 12:48:47,True,0.5053,0.001551,3223.47,5.0,0xda...6e1f,https://bscscan.com/tx/0x56124d3c75ba0a72a87318079317ed18312d1614c6af4039b1b7ba140547785d
2023-03-22 12:48:11,True,0.5026,0.00155,2256.94,3.5,0x52...1c7e,https://bscscan.com/tx/0x195788d4da3021e698ad9467f64505371a95bdcb07f1b686dbc570de8e50e3fd
2023-03-22 12:48:05,True,0.505,0.00155,1004.15,1.55701,0xda...c952,https://bscscan.com/tx/0xd4e1f8ff735e2f0fe56a3a05ed0da807a6464dcfe1ce141c8e3a94d76483da42
2023-03-22 12:47:53,True,0.5049,0.00155,2257.54,3.5,0xda...6e1f,https://bscscan.com/tx/0x4a30d9f2c102741788aa65e9e7f2fc6ee1e5cab8ec80b90239f88ddd1b56df4c
2023-03-22 12:47:53,True,0.5048,0.00155,2257.96,3.5,0x2f...e155,https://bscscan.com/tx/0xd1bba55365626fbbb5020c5d1c2105aa1185ef20f13bdee9fdf43458673b9a27
2023-03-22 12:47:44,True,0.5047,0.001549,2258.39,3.5,0xf2...bfcf,https://bscscan.com/tx/0x335edaa804eb2fc56fcb20dde90ec2376d58e4d9de4eddf7dc56a335b16b0ae2
2023-03-22 12:47:44,True,0.5046,0.001549,2258.81,3.5,0x52...1c7e,https://bscscan.com/tx/0xda974f93b9be790035bc57b78d6fb64545ef018a14f8844190756e658b90d05e
2023-03-22 12:47:44,True,0.5045,0.001549,2259.23,3.5,0xda...c952,https://bscscan.com/tx/0x40a32e9449e2d8a7d265ae78919b44d9f0f7186458f1301770ef22055bb7b681
2023-03-22 12:47:44,True,0.5044,0.001548,2388.43,3.69945,0x00...78d2,https://bscscan.com/tx/0x07736a3ec1da0bf75f4605085a2965172c04c69db002689785f4fe7108adb462
2023-03-22 12:47:38,False,0.5019,0.001541,18.0897,0.0278,0xf5...f0cb,https://bscscan.com/tx/0x502148bd667bddb7adb2fecd4867bc1b3b3a4f8af4859efce9386cfec937a539
2023-03-22 12:46:32,False,0.5019,0.001541,35.9751,0.0554,0x02...f2c0,https://bscscan.com/tx/0x9221133b2fdc198dfa8ef4136782a7692a70fd3d81a13e9f312fdf68f336907f
2023-03-22 12:45:11,True,0.5018,0.001548,2260.08,3.5,0xda...c952,https://bscscan.com/tx/0x39263f618b3a9697605588b7ab559d4093d56ea55a261fc8fed2f3d348d11011
2023-03-22 12:44:50,True,0.5046,0.001548,2260.51,3.5,0x2f...e155,https://bscscan.com/tx/0xaaba9fe30f1447fc0cf4a9266e25811607962b2a021128092c4a017b016aeecc
2023-03-22 12:40:50,False,0.5035,0.00154,15.0,0.0231,0xeb...492d,https://bscscan.com/tx/0xe3c16ddc96a2d8fcb9a9fb3f7fe925a5e2c25456eb64424366a5a7f1a1c01018
2023-03-22 12:36:41,False,0.5036,0.00154,25.2531,0.0389,0x02...f2c0,https://bscscan.com/tx/0xe84ceca67bcfeb238d240c53251e1f9d0c5777960a56931c223435db042ee1b0
2023-03-22 12:36:11,True,0.5063,0.001548,590.609,0.9143,0x70...8487,https://bscscan.com/tx/0x329a5a76c6955d969bb15d372cdfc041d3425ffcfe6772c816a48733aadc352f
2023-03-22 12:33:23,False,0.5019,0.001541,9537.01,14.6964,0x8d...1b76,https://bscscan.com/tx/0x8e9cda50cd7556b36cc054fafc6c592486013e9c9ba292f8dbfcac11f62da541
2023-03-22 12:32:53,False,0.5021,0.001541,99.4143,0.1532,0x02...f2c0,https://bscscan.com/tx/0xcf9ba955b0f149dff8624aff63bf6a34eff14eceb4ac9772d87ae8c9c1435e37
2023-03-22 12:32:02,False,0.5048,0.001542,10403.0,16.0442,0x8d...1b76,https://bscscan.com/tx/0x0868dfd6e6fc25cfc2d1ada080de80bbc9844e1f16a98c9edaf8360074905c16
2023-03-22 12:32:02,False,0.5052,0.001543,7142.25,11.0232,0x52...1c7e,https://bscscan.com/tx/0x66e2c6048cebd75d8d5231f23d66a82aa1edabd901056ce35e750da0ed58bd55
2023-03-22 12:31:05,False,0.5052,0.001543,99.2614,0.1532,0x02...f2c0,https://bscscan.com/tx/0x312d69254c00e82122686252a7a4aa0fce9c9aeb7500264bc16e597b293f94c7
2023-03-22 12:29:59,False,0.5051,0.001543,271.349,0.4189,0x9b...f3fd,https://bscscan.com/tx/0xf6a0930e83b63ee0051b598cc47949c45f72858118fb6ab3a68036fd419d4fa2
2023-03-22 12:28:23,False,0.5026,0.001543,30.0,0.0463,0x95...23bf,https://bscscan.com/tx/0xca2a034b0841b62933d65e67b6d57b150c691890e4a2d6f2096769d7946820ef
2023-03-22 12:27:41,False,0.505,0.001543,137.06,0.2116,0x8b...88f6,https://bscscan.com/tx/0xb9967819ef15680a135eff82ebd5464082e116d6ceb03a079b045d8868602937
2023-03-22 12:27:35,False,0.5051,0.001543,192.519,0.2972,0x3f...573a,https://bscscan.com/tx/0xe5c9fad4594ca1705d6d1f552e182e5982f626145b383928a193422a2110c7fa
2023-03-22 12:27:35,False,0.5054,0.001544,16014.0,24.7407,0x2f...e155,https://bscscan.com/tx/0xf26de91152ab1ff1ff7be9b1e1721986a26e7fa174aabd1d8c76cd573f91f563
2023-03-22 12:27:35,False,0.5058,0.001546,4873.28,7.53542,0x03...9fa1,https://bscscan.com/tx/0x094bd8b43baafd49640a48200725f23a4e896064bb154956b8a3184dac1ee50b
2023-03-22 12:27:32,False,0.506,0.001546,1333.15,2.06194,0xed...4f31,https://bscscan.com/tx/0xd8476b83c62274539fbfe399db8ddbb483766810c4aa6e0423534c4d1bca950f
2023-03-22 12:27:20,False,0.506,0.001546,1190.0,1.84073,0x6b...b64e,https://bscscan.com/tx/0x611a0e7f6e35f15679536017b51f6b469bf88fbd17a9e38058bf91b973396737
2023-03-22 12:27:14,False,0.5061,0.001547,2011.67,3.11212,0x11...a5bc,https://bscscan.com/tx/0x8e777ef2fe774c018d1ee274867d34bfbd974c1985b65887abd360aca4bbb732
2023-03-22 12:24:20,False,0.5058,0.001546,8.0,0.0123,0xd9...3b75,https://bscscan.com/tx/0xb9664dd65119ca1e28178c369ab27214a2fb8d6b14f5052d05589667f777da4a
2023-03-22 12:23:22,False,0.5035,0.001547,12.6193,0.0195,0x73...77f8,https://bscscan.com/tx/0xbc669650e2244beeb4596060b134e8a4a5bc64f7e7be4e9c3681df3338ae82f8
2023-03-22 12:23:04,False,0.5034,0.001547,12.6193,0.0195,0x73...77f8,https://bscscan.com/tx/0x347e9cc196d87cb3fb0575ef3680a96188450d28b0e2226a9e29c8975f9974fd
2023-03-22 12:20:53,False,0.5063,0.001547,82.8915,0.1282,0xb2...6c8d,https://bscscan.com/tx/0x3a372f381bf6d2d81bf5298f1e20b8b46e5f6193416d42ec1ae16db419077780
2023-03-22 12:20:29,False,0.5061,0.001547,18.0,0.0278,0xc5...a1bc,https://bscscan.com/tx/0xab768fe4593222eeecc225cf739f7f9f56200389eac48b026f3577be0db480c4
2023-03-22 12:20:14,True,0.5061,0.001554,588.308,0.9147,0x70...8487,https://bscscan.com/tx/0x45fbe90560674f93015442e8558f1ed1b538bfdfc40a96a8143020eae5ca3960
2023-03-22 12:18:17,False,0.5059,0.001547,151.662,0.2346,0x5d...5423,https://bscscan.com/tx/0x08d0d426e1daad68dde6fbf6cb34ae62dc6fb047d94de40cfeb6f05292649918
2023-03-22 12:17:11,True,0.508,0.001554,918.605,1.42827,0xed...4f31,https://bscscan.com/tx/0x2e3b4263d33dee14a30258da1464dc7e1e5c9610a0014ad645e12deb9ca9cd62
2023-03-22 12:16:53,True,0.5054,0.001554,551.602,0.8575,0xed...4f31,https://bscscan.com/tx/0x4291659c8ce2315c3468439d33ac73f643f9288dec461c0e7bb5dbfb749cb728
2023-03-22 12:06:50,False,0.5074,0.001546,29.1482,0.045,0x16...20aa,https://bscscan.com/tx/0xf8b689476fd14f45691615ccc472edc6f8332ab2c14eea9c9f210655c6d83faf
2023-03-22 12:05:02,False,0.5075,0.001546,25.0,0.0386,0x5e...1886,https://bscscan.com/tx/0x551d86bc967b3bc308e9e9cea42872e8c6754279e2cd10a0e0b5fa91aea4a8c0
