datetime,buy_order,price_USD,price_native,amount_token,total_native,maker,etherscan_url
2023-03-27 21:18:24,False,0.455,0.001477,10350.0,15.289,0x01...5dc2,https://bscscan.com/tx/0x5c4745526f3d79a579fa63fbf96487ffaf3036af714986bee2e5a6dbcbb686df
2023-03-27 21:12:12,True,0.4573,0.001485,655.448,0.9734,0x70...8487,https://bscscan.com/tx/0xee4dcecb6083671710530d06bf1ebb30f66c0b50aa9cf71e074f668ecda03f5f
2023-03-27 21:11:03,False,0.4551,0.001477,502.623,0.7427,0x0c...4fe7,https://bscscan.com/tx/0x92e9b381d0afa12d8041386d0f90234ef2d03f7872861d3a868ffbdd3dd93769
2023-03-27 21:08:15,False,0.4527,0.001477,262.322,0.3876,0x2e...f345,https://bscscan.com/tx/0x123e8f6986363e7965ae809bc33517f30a26a74bc78bfdd266aa9703ed34be6a
2023-03-27 21:07:48,True,0.4572,0.001485,2629.12,3.90445,0x00...78d2,https://bscscan.com/tx/0x65829ed9c66280ccc52f47438e8af734fab5ee487d57612c5c0109ba2eb35c26
2023-03-27 21:07:30,False,0.4527,0.001477,330.953,0.4889,0xbb...b852,https://bscscan.com/tx/0xd629c3ff9ffb8137e5657fc827e0b8350ba556521f8ad136e23f79dc967eafae
2023-03-27 21:04:39,True,0.4579,0.001484,1815.5,2.69576,0x00...78d2,https://bscscan.com/tx/0x08c6906a9e78e556cb8e53d285c6c7431137e912387922adf89fb9f56afe8aa7
2023-03-27 20:59:17,False,0.4555,0.001477,17.6485,0.026,0xc0...2cbe,https://bscscan.com/tx/0x628926653ecaf39da9459cbc3705ddb6c019f59d0c5fc36847fea7cfa43a5edc
2023-03-27 20:57:44,True,0.4579,0.001484,216.516,0.3214,0x6c...5530,https://bscscan.com/tx/0xa650a73c040a0360f7dd744d7a44a9334dc43cd5a701f0e2c220c71d262c6f5f
2023-03-27 20:56:29,True,0.458,0.001484,109.075,0.1619,0x33...8082,https://bscscan.com/tx/0xa666c33c8b6d347b60c3b3bbc9e6a03509f12b9e414a2d9df27fd2b5a32024bb
2023-03-27 20:56:20,True,0.4578,0.001484,654.476,0.9716,0x70...8487,https://bscscan.com/tx/0xafb61376477e3b6b1c57bff80d395a87025f7fe3e842ca4b1c1adeaa9d4a5992
2023-03-27 20:54:41,True,0.4576,0.001484,2170.94,3.22279,0x91...2463,https://bscscan.com/tx/0xdf8db51fc785c8392941af6624b22a6213b3ad2ebec4c54c12de77ccf6fc506a
2023-03-27 20:53:38,False,0.4553,0.001477,20.0,0.0295,0xff...a96e,https://bscscan.com/tx/0x362b6dbcba8d1e6d63f0b45154cc11c5ca8820e9e2cf4ccabfb09785a0b30603
2023-03-27 20:51:26,False,0.4554,0.001477,8.92767,0.0131,0x75...0bbd,https://bscscan.com/tx/0x351044038d1074087ad3325d4700b4371f5dd6bb03c2391b195e19e956a79759
2023-03-27 20:50:50,True,0.4577,0.001484,70.9476,0.1053,0x5d...dc5d,https://bscscan.com/tx/0xecbe7903550b51661876c63625ec809e40f9db8ca8e53c9307ce410d509272df
2023-03-27 20:42:26,False,0.4554,0.001477,99.1755,0.1464,0xf2...0b57,https://bscscan.com/tx/0x861f39aed04f2b6094a203f15145f792c071392ee02e4407dbb112c781ee0a6c
2023-03-27 20:41:11,True,0.4577,0.001484,654.615,0.9716,0x70...8487,https://bscscan.com/tx/0xcd76217324185c5eac4bf10efb4d8844548ed582a3cce4367e4dcb44e11943fa
2023-03-27 20:39:35,True,0.4554,0.001484,2372.2,3.52075,0x05...7eea,https://bscscan.com/tx/0x4d3ed5a2c537990c9c138440c057ffb36e09a72c25dd21db5ef4038c32e7b4bc
2023-03-27 20:39:05,True,0.4553,0.001483,2023.4,3.00255,0x00...78d2,https://bscscan.com/tx/0x704efdea89af18aad6166760da8c3f9f99d018da2e81736c7532ae659a4522b6
2023-03-27 20:37:47,True,0.4554,0.001483,2065.7,3.06482,0x00...78d2,https://bscscan.com/tx/0x35ebe75611bd501b13cde447995b67802341ffbe57dc790dc7632ab9e284bd3a
2023-03-27 20:37:08,False,0.4531,0.001476,35.0,0.0516,0xbe...bf1d,https://bscscan.com/tx/0x350044166c204062abad0815f8e6354f79c1178cace652e4fd4ca5e864855c66
2023-03-27 20:36:05,True,0.4577,0.001483,2629.12,3.90005,0x59...4241,https://bscscan.com/tx/0x52db838265ef9574e0373ba4906f5081f0efeb14170def876cca2f9bcc43dfdd
2023-03-27 20:35:38,True,0.4576,0.001483,1200.0,1.77981,0x33...8082,https://bscscan.com/tx/0x4e97e2f7a890b46531c76deb78cf32a5646d9d7cdaf941c5934bf834d1e7467c
2023-03-27 20:34:59,False,0.4555,0.001475,1290.16,1.90399,0x2e...f345,https://bscscan.com/tx/0x3d4ca7f252f9a74d6e2ec3445870d2a459b2081414ae10ef69afe74626dd5fd9
2023-03-27 20:34:38,True,0.4555,0.001483,895.8,1.32866,0x00...78d2,https://bscscan.com/tx/0x3f7ff9dc7d3f3a923cba03683d05de98f708e8b8f0d3c4311f4a6a10388c01c1
2023-03-27 20:34:32,True,0.4577,0.001483,1114.6,1.65305,0x00...78d2,https://bscscan.com/tx/0x80240dbb7f0e8b5f620e68e57f59d8b75787554b71e1f5c1e6916bc06dbd4d28
2023-03-27 20:34:26,True,0.4577,0.001483,948.3,1.4063,0x00...78d2,https://bscscan.com/tx/0xa8d2862cbc5f1a641d78b696d1b9ed1298265351a0d8184a7888acdddfd44ca8
2023-03-27 20:33:17,True,0.4562,0.001482,940.0,1.39388,0x05...7eea,https://bscscan.com/tx/0x15ef7c6917ba69207eea1b8a48791e5681d358351204a1f56f5f8cc3b50999e3
2023-03-27 20:32:41,True,0.4565,0.001482,350.0,0.5189,0x04...7bd8,https://bscscan.com/tx/0x18e38825cd5062b5dc575fc2bd04452380ca23484cd3305766a74344e2397558
2023-03-27 20:30:17,True,0.459,0.001482,2616.8,3.87969,0x05...7eea,https://bscscan.com/tx/0x9149a27c678a9375d87a7dfc9005ecfb2007bce800dd67057662b8899ed4a917
2023-03-27 20:29:05,True,0.4569,0.001482,1487.3,2.20472,0x00...78d2,https://bscscan.com/tx/0x6b8f45ce0b6c9ea306bada258e9cede41fb85fdef5bec513cfd9974e5c30b4f3
2023-03-27 20:27:26,True,0.4593,0.001482,2614.8,3.87546,0x00...78d2,https://bscscan.com/tx/0x3b85532a2086e2e580eefda86e704ad74ae359fecd9298bd1982e17adc3ef769
2023-03-27 20:27:20,True,0.457,0.001481,516.595,0.7655,0x91...79fe,https://bscscan.com/tx/0x45fa8ecf52b4de57c2fb9dd3b5f9db0458eb7aa518c72e789a85a215d2db4546
2023-03-27 20:26:11,True,0.4569,0.001481,652.612,0.967,0x70...8487,https://bscscan.com/tx/0xf7ee7173c2c17d3fe1fde492b80c15a1f5fb11d805fa08f13d2f967bed1337bb
2023-03-27 20:21:53,False,0.457,0.001474,25.8211,0.038,0xf2...0b57,https://bscscan.com/tx/0x20ca5b596742b3bf7c914edb8ceb441efe9f41af3f083098fbd4356a07135ecd
2023-03-27 20:21:20,False,0.4547,0.001474,6.47816,0.0095,0xb4...6d63,https://bscscan.com/tx/0x5fb48495170e5f8551621fcb37b73bbc1476dd4c33997a6ff47b1f6cf4964963
2023-03-27 20:19:17,True,0.4587,0.001481,351.656,0.521,0x40...bf97,https://bscscan.com/tx/0x0f3e0beadecae6262d57d360780b95d5902f6cd28f1faddf9931ab230344f52c
2023-03-27 20:19:11,False,0.4564,0.001474,200.0,0.2948,0x82...3d9b,https://bscscan.com/tx/0x4b37c21e7b22d985e0bccfa557a84dc1d92b07a6d5673af95a8e650c6328273c
2023-03-27 20:15:47,True,0.4576,0.001481,892.0,1.32174,0x00...78d2,https://bscscan.com/tx/0x6f5a32838acba3656be8ab5cdbe9977311e07c418277208541b60d428bcf614a
2023-03-27 20:14:08,True,0.4549,0.001481,434.936,0.6444,0x3b...62eb,https://bscscan.com/tx/0x2f97d41cd92f7040c7b53c47402234bfa8a1a7989af5a7c5e080068a6b19099a
2023-03-27 20:12:41,True,0.4547,0.001481,2362.43,3.5,0x91...79fe,https://bscscan.com/tx/0xede54c45804893340184bf151152e6570dc045a313b1340f684b0c8c5bc098ef
2023-03-27 20:12:41,True,0.4546,0.001481,2622.52,3.88458,0x00...78d2,https://bscscan.com/tx/0x67cfc9b14eaebd7823e3388f7f28255c50010b84c487700cfbdf4df60a92c979
2023-03-27 20:12:17,False,0.4523,0.001473,2500.18,3.68485,0x46...1bd9,https://bscscan.com/tx/0xb9b1ca1d15fea4c43fdd7e4e231630507294deeebe560743ab086ecd3b4389d5
2023-03-27 20:10:11,True,0.4568,0.001481,656.056,0.9718,0x70...8487,https://bscscan.com/tx/0x8acfa9a1eef626ace82776d13c6d6a2e5d05990fa4930aec03d00d1f60941c0f
2023-03-27 20:07:53,False,0.4542,0.001473,112.84,0.1663,0xf7...3f4a,https://bscscan.com/tx/0xbf11218d2be5fa5fb8f701f7ae52cd3d04b336a8910e938e0dd0a806ecddd5ce
2023-03-27 20:06:32,False,0.4542,0.001473,79.4139,0.117,0x82...3d9b,https://bscscan.com/tx/0x5ec81f910504f2541377c90f3c735e86082e68525e396f468539b72ec110740d
2023-03-27 20:06:14,False,0.4519,0.001473,50.0,0.0737,0x82...3d9b,https://bscscan.com/tx/0xbfb0162ab3ae5ae476b91b0ac904c0c0eb0b4e9b103c578d85bbb6600142d481
2023-03-27 20:05:05,True,0.4564,0.001481,2634.04,3.90146,0x00...78d2,https://bscscan.com/tx/0x98537b4bc127374c3229cdb143f0fa834f91cbd1f1e9259f616b382445d45369
2023-03-27 20:05:02,True,0.4563,0.00148,1842.1,2.72798,0x00...78d2,https://bscscan.com/tx/0x6bd2e1587f1321e95b66d9c131d6557523a0a4f00a31024e5a7f410c6f9187a0
2023-03-27 20:00:47,True,0.4562,0.00148,2634.9,3.90135,0x00...78d2,https://bscscan.com/tx/0x8ba288503f1e0fc63e62864414eb27f8945ad9af521fca6b6f577aa3fb3d3cf9
2023-03-27 19:59:51,True,0.454,0.00148,984.5,1.45749,0x05...7eea,https://bscscan.com/tx/0x9d493437391d77f17c3a3578401b67b6c2eb223dd19b3d8136579cc564d645a4
2023-03-27 19:59:47,True,0.4566,0.00148,2001.4,2.9626,0x00...78d2,https://bscscan.com/tx/0x0dcb04747ac00d8d1528d8baaaae2b7b862dfd7a116c820bbb793bf9cdadec3e
2023-03-27 19:59:44,True,0.4566,0.00148,967.6,1.43213,0x16...4027,https://bscscan.com/tx/0x0de9dd487753028bb48c2b9694cd4f4819a58fb3eb61c01deae4ae08a4e18387
2023-03-27 19:58:08,True,0.4569,0.001479,2628.27,3.88951,0x00...78d2,https://bscscan.com/tx/0x050852ebe41dca7110d77cdc046928508884601bd0f73e234e27ece331f79d88
2023-03-27 19:55:56,True,0.4571,0.001479,2365.53,3.5,0x3f...573a,https://bscscan.com/tx/0x634089c4d99b80dc895c878464d713829c3854451b5a5ba4321d03c6afb7e175
2023-03-27 19:55:11,True,0.4548,0.001479,655.747,0.9701,0x70...8487,https://bscscan.com/tx/0xf044f7a21427e6c3ce10e8d5ef63fdae46ada0550222e9ea9146500c4658a6fe
2023-03-27 19:51:53,True,0.457,0.001479,833.4,1.23287,0x00...78d2,https://bscscan.com/tx/0xa22f2bc43d1e384bacf4f3be4aead4cf17041f7366d56c350a17d048122f2a92
2023-03-27 19:51:14,True,0.4555,0.001479,803.1,1.18797,0x05...7eea,https://bscscan.com/tx/0x6b8696494c5138567663713bfdd7fd184b427b2664c247d59790b452aeac5351
2023-03-27 19:49:02,False,0.4557,0.001471,109.985,0.1618,0x25...7fef,https://bscscan.com/tx/0x2d297af0bf1e18f34594e6ff488ae97d9d3b5e90cecbc7e612276554224d68a5
2023-03-27 19:47:53,True,0.458,0.001479,18.9293,0.028,0xea...c5fc,https://bscscan.com/tx/0x8bf0448e001e9f0ab898ea7560943ec1e237a19eadf9d18f6cfc822528aeb3bd
2023-03-27 19:44:14,True,0.4585,0.001479,868.734,1.28498,0x8d...1b76,https://bscscan.com/tx/0x82a1c4a0969bf541f72df49d4ad2ecd47140856964ec85eac72f587002f67100
2023-03-27 19:44:05,True,0.4592,0.001479,2366.54,3.5,0x3f...573a,https://bscscan.com/tx/0x211bee2dc5e9898d69d4c528a6da88683b9fd4c202381b95bc1c3b26bbe0a3d1
2023-03-27 19:44:05,True,0.4591,0.001478,2619.66,3.87358,0x18...a4ab,https://bscscan.com/tx/0x4b7031550468a31b56d8fe2d99854788bf4983aa4a234d7b32f61d3c0cbd9193
2023-03-27 19:43:50,True,0.4592,0.001478,2367.48,3.5,0x8d...1b76,https://bscscan.com/tx/0xfa5fbebd95eb96641a0fa65fc4b3adc833ca2fbf84ee4cbed9e753aca63c62cb
2023-03-27 19:43:38,True,0.4591,0.001478,2367.92,3.5,0x3f...573a,https://bscscan.com/tx/0xed2473fc47b8af5fb52c434844fc4c81589a6619a9cf27b85ffa0b2e882139d0
2023-03-27 19:43:29,True,0.459,0.001477,936.3,1.38376,0x00...78d2,https://bscscan.com/tx/0x93fbe3c04f7c4b2f69e35b4b8a361fce47bdcc291c8b87b66e02f21f7052c07d
2023-03-27 19:43:23,True,0.459,0.001477,2368.54,3.5,0xf2...bfcf,https://bscscan.com/tx/0xd94c12dae532e066109629f073ca05eab646f5da88122500ceee64f145e2d92c
2023-03-27 19:43:20,True,0.4589,0.001477,26.1709,0.0386,0x8c...e58b,https://bscscan.com/tx/0xa402ab97f9bde68cb8a9f777adc4707089ba9a8a76c66f8663598709d03ec7eb
2023-03-27 19:42:41,True,0.4588,0.001477,300.0,0.4432,0x1f...4049,https://bscscan.com/tx/0x01e91a0bbc455a1b754072cec578ad99974835c2c99164b382f977b1d5a1ea42
2023-03-27 19:42:08,False,0.4542,0.00147,11.9399,0.0175,0xfa...7e8b,https://bscscan.com/tx/0xf4dc20016a6e796cd3c3bb5fa4d3202ec6fed830a61c17454b75ac7017cc1d13
2023-03-27 19:41:47,False,0.4566,0.00147,74.8219,0.11,0xb2...6c8d,https://bscscan.com/tx/0x7aa95a0b29df51ed9f7c6272801aeec304085617cc164fda58e6c2d6abd3c7cf
2023-03-27 19:39:17,True,0.4593,0.001477,2369.02,3.5,0x8d...1b76,https://bscscan.com/tx/0x5205b06fed1f620dbaf8879dd8c732b5fc1b6c17dd9bc65e4fcbd57663eeac5e
2023-03-27 19:39:17,True,0.4592,0.001477,2616.8,3.86531,0x05...7eea,https://bscscan.com/tx/0x9c623ad7c68288a52f6df372da20ab649c77a34c0588ad9127400a552eeadaa9
2023-03-27 19:39:11,True,0.4571,0.001476,546.893,0.8077,0xda...6e1f,https://bscscan.com/tx/0x440df072a7f45a321535cc4b646c641bd1e0a652a5a140bec080ace8ada1f835
2023-03-27 19:39:11,True,0.457,0.001476,652.346,0.9634,0x70...8487,https://bscscan.com/tx/0x4aa187b4148dc31d7c0ac3e89efe5ffafa6e957e42ec7bbd5b9d46cc062cef08
2023-03-27 19:39:02,True,0.457,0.001476,2370.18,3.5,0x91...79fe,https://bscscan.com/tx/0x8962d60935e8f59ee9d6357c70a8c3ff67fc7c9d16b98d6d46b7e88ac5aa0eac
2023-03-27 19:38:41,True,0.4595,0.001477,87.2297,0.1288,0x07...9154,https://bscscan.com/tx/0xefca40223ea3ea6c7a0570275addfb182a90751ca11c0fbca2cfe3a5a0efef02
2023-03-27 19:38:05,True,0.4592,0.001476,2370.64,3.5,0x91...79fe,https://bscscan.com/tx/0x4051c4e3e9da44f409841d5c3658cdd272ddac184a3eda4c8aad1d8deb7dcd7a
2023-03-27 19:37:47,True,0.4569,0.001476,2371.08,3.5,0x52...1c7e,https://bscscan.com/tx/0x871f11e917c11c93d0f81acbcd5b85ca48121432c59ba609e2e165a373768f05
2023-03-27 19:37:47,True,0.4568,0.001475,2371.53,3.5,0xf2...bfcf,https://bscscan.com/tx/0x4297bc472b36a7e093788b7910478e148e1b38cf1a7545e444f584c203f7c7dd
2023-03-27 19:37:41,True,0.4594,0.001475,2371.97,3.5,0x8d...1b76,https://bscscan.com/tx/0xf1ccbfd7d10bfa7999f91751322c7d301a3dc1857401426c604e62a826602da7
2023-03-27 19:37:35,True,0.4593,0.001475,2372.41,3.5,0x3f...573a,https://bscscan.com/tx/0xef84bfcf33a05d7c541736e3b861f6f1c688df9916fda9df6c45e9d019dbef2e
2023-03-27 19:37:23,True,0.4592,0.001475,2372.86,3.5,0xf2...bfcf,https://bscscan.com/tx/0x65911b4517f57462583080fe7b2e392835fd18bd59acdaa1b6bb4c92b67d694f
2023-03-27 19:36:59,True,0.4568,0.001474,2373.3,3.5,0x8d...1b76,https://bscscan.com/tx/0x473ee4c484c1bbee07f4b60ccc2d95f01b936cfc84f0dfd45631168392e57028
2023-03-27 19:32:20,True,0.4569,0.001474,101.723,0.15,0xb9...aab3,https://bscscan.com/tx/0x078de592e1c24fa43012a57a1afba890b4baf589bf591a91036d44645ef9130c
2023-03-27 19:32:11,False,0.4569,0.001467,114.289,0.1676,0x9a...b48c,https://bscscan.com/tx/0x0d459e181724c9fefa5396877ce57250c2a19534a55aec5a343b50bfa4e80166
2023-03-27 19:31:26,True,0.4592,0.001474,66.147,0.0975,0xe4...8b29,https://bscscan.com/tx/0x851c41bce5b874f3bf04f7c99e3eaf762db6e89d0f95dd73ce29fe7e5af15562
2023-03-27 19:30:32,False,0.4546,0.001467,49.0,0.0718,0xbb...4e9e,https://bscscan.com/tx/0x3031bcc62b5525eb49623ebe5670077b5d67f1ead9dc10715959b7cfa90f1e0f
2023-03-27 19:28:32,True,0.4596,0.001474,1140.0,1.68097,0xed...4f31,https://bscscan.com/tx/0xbba4671d794b1607906ddd94189775a8d8c818b331090417a0911b3d1e79ec34
2023-03-27 19:28:02,True,0.4574,0.001474,2373.96,3.5,0xed...4f31,https://bscscan.com/tx/0x70bc69383e7d97c4a5fa2a1d295bc98e1303ab1ccebdeb452330635e05b0fce0
2023-03-27 19:27:29,True,0.4574,0.001474,2374.41,3.5,0x62...1f10,https://bscscan.com/tx/0xf39c52fb236e9bff70106f73f18449713b213345a1b29a76290fdc9e5aef11f5
2023-03-27 19:26:41,True,0.458,0.001473,2374.85,3.5,0xed...4f31,https://bscscan.com/tx/0xc19222f61966a92d38c9c7aa21559fb8d96ba560d17347120fdee520ca2ce8d3
2023-03-27 19:25:29,False,0.456,0.001466,87.2851,0.1279,0x80...02dc,https://bscscan.com/tx/0x41001f3f8122276816f5314b09e5c1477cfbbd18a16cef267fcfe15be2349935
2023-03-27 19:23:32,False,0.4557,0.001465,5.0,0.0073,0x5e...1cfc,https://bscscan.com/tx/0x43589603f4d3f9abfd7bbc0656ce7d97c47b3349c9b90652a4f97774e1ae12c2
2023-03-27 19:23:11,True,0.4605,0.001473,650.792,0.959,0x70...8487,https://bscscan.com/tx/0xf29721ccc0a6420dc2432e5f47bf7bfeabedea6c1e856acf98cd173ea7fab7bc
2023-03-27 19:21:56,False,0.4559,0.001466,18.6,0.0272,0xa1...55c3,https://bscscan.com/tx/0xe09fbded6d941dc0a8aec11fbc9febbfccee3907ed8a7bc3fe45b787ed40a358
2023-03-27 19:21:38,True,0.4605,0.001473,2375.4,3.5,0xed...4f31,https://bscscan.com/tx/0x4e912f3e588b756bf43a986f3a58c2df955e55f55a251f3b859eb1b5a7b6b50c
2023-03-27 19:21:29,True,0.4604,0.001473,2375.84,3.5,0x62...1f10,https://bscscan.com/tx/0xed17a3c511255843a1409bb17dc3efe51313997dcc9d99fcbbe06d8edbd69ee4
2023-03-27 19:20:53,True,0.4604,0.001472,1300.23,1.91517,0x0e...c0e4,https://bscscan.com/tx/0xeef399bd60d3611b4ecac03f1df34b5dd691862309750f864acf1430cc9fd9ff
2023-03-27 19:20:35,True,0.4604,0.001472,1522.6,2.24246,0x00...78d2,https://bscscan.com/tx/0xea3c4fd632cc1ddcb9cb88ec45d5a89fe991fa303345f0205591b40bcbc871fd
2023-03-27 19:20:26,True,0.458,0.001472,1295.0,1.90704,0x00...78d2,https://bscscan.com/tx/0x9c66d46eee7ec60ff63a9db1eaa2cf9872cfd8f4126b7287d59bbe489c96047c
2023-03-27 19:17:32,True,0.4603,0.001472,3626.22,5.33901,0xc6...8a3d,https://bscscan.com/tx/0x1fda14214829e07962a3890463e01693f1836b5957ce2e1231ff60eecae0c2eb
2023-03-27 19:17:17,False,0.4556,0.001464,20.52,0.03,0xd9...07b3,https://bscscan.com/tx/0x78df921c21f77a6868acc9d08082c234149c1a0ade5cb7c4fe28cf58bbd26351
2023-03-27 19:11:20,True,0.4586,0.001472,245.621,0.3615,0x41...c353,https://bscscan.com/tx/0x95e49bb62a670fb7cbdc4dbb6c2d2984eff66e1e8589feb5667954121dcc5679
2023-03-27 19:10:56,False,0.4583,0.001464,78.2465,0.1145,0x88...b865,https://bscscan.com/tx/0xd1ac5505ad997d4b631a5e5dde6739a6ef0199ce2dd65f14be842c9e8f91ed84
2023-03-27 19:10:08,True,0.4607,0.001472,20.0,0.0294,0x15...5dcb,https://bscscan.com/tx/0x87292ab6a834c7d83cb5634b053558eeb7ca0002c4dc97000a29d7317f1e82b1
2023-03-27 19:07:11,True,0.4613,0.001472,649.819,0.9565,0x70...8487,https://bscscan.com/tx/0x8810c3b2d59f8144a7ba028e338fc4d37301686cac09125eedf9ab6d0dac4a29
2023-03-27 19:06:06,False,0.4587,0.001464,100.0,0.1464,0x07...9154,https://bscscan.com/tx/0x07c7e73896e1e18584507329f3a07eb3f7774dbf3802ba1368d5c2cba72addc2
2023-03-27 19:02:17,False,0.4556,0.001464,116.0,0.1699,0xe5...92e7,https://bscscan.com/tx/0x2bc1549b9a5a30db2e4f8755c0d7d247ae275575947aef26b5e0df47a6987411
2023-03-27 19:00:20,True,0.4603,0.001472,0.0282,4.163e-06,0x8b...6566,https://bscscan.com/tx/0x161c4f09154a357cb9790b9aa1dfe59669e072a59fa543cb6829c3579aba54e1
2023-03-27 18:57:12,False,0.458,0.001464,115.0,0.1684,0x62...42e7,https://bscscan.com/tx/0x897bd45e0b0fe0b82154aa0133345deacd23f1e37de7945435845720b82217da
2023-03-27 18:51:36,True,0.4606,0.001472,21.3809,0.0314,0x58...08ee,https://bscscan.com/tx/0x4f9b45b1f65a5c6fdafd4a6c8561325df228b07e4a122502578ca11b2a925989
2023-03-27 18:51:12,True,0.4604,0.001472,651.149,0.9585,0x70...8487,https://bscscan.com/tx/0x305fad53e7092d0bb8d9865c5c9c03c1ed3df3999ee87dcc8a6837db7fb7be76
2023-03-27 18:48:30,False,0.4559,0.001465,13571.8,19.8884,0x2c...325c,https://bscscan.com/tx/0x675d8cc0c96230b8fed942ce0f764c115862b09f8f96cd1b27f8616e7bbcaa16
2023-03-27 18:48:24,False,0.4562,0.001466,1.11,0.0016,0x60...81e6,https://bscscan.com/tx/0x067114c4598d22b120b22b897e3c2588116572a820e554afd98d8ae252ce9a8b
2023-03-27 18:47:57,True,0.4584,0.001473,61.0,0.0898,0x40...446f,https://bscscan.com/tx/0x2900b4e30c5d8eae14a93563a5e1cfa44e909c94e523c250472bc373b18a7583
2023-03-27 18:47:24,False,0.4556,0.001465,22.0,0.0322,0x58...08ee,https://bscscan.com/tx/0x4e8b8d5651add808491fbf5873d0147f7a8974a4deb92f3b2797bc639c819e2b
2023-03-27 18:41:03,False,0.4583,0.001466,13.4843,0.0197,0x9c...28a2,https://bscscan.com/tx/0x844f040054685d7ef38b53f9cb3f754e9c70fafed869f06e6e773d906e411668
2023-03-27 18:41:00,False,0.4581,0.001465,30.0,0.0439,0x07...9154,https://bscscan.com/tx/0x9b452106c692c4a7bb538d0419917e3ae468ba99345bec7a1b73ae9e569f971a
2023-03-27 18:38:45,False,0.4578,0.001466,40.1878,0.0589,0xc0...3cd5,https://bscscan.com/tx/0xf58120200b2b8beac347809757fb617d804aae164aed3f363ed2b003a787efec
2023-03-27 18:35:12,True,0.4602,0.001473,648.129,0.955,0x70...8487,https://bscscan.com/tx/0xeb60ffa37e03f05e4b267150f09be0ead9d86f8779e9985f9669dabe46535b91
2023-03-27 18:31:24,False,0.4581,0.001466,2.18254,0.0032,0x4c...1998,https://bscscan.com/tx/0x82f8a717a13a2230f2ed6ea78c4fc04b2219f536ddea387048d3be95d941f1ed
2023-03-27 18:30:54,False,0.4582,0.001466,8408.44,12.332,0x62...1f10,https://bscscan.com/tx/0x4a9be3081c4adac5d259a3af3de6a27b2b52d6cdf3afbff7965af3a4550f178a
2023-03-27 18:30:45,False,0.4577,0.001467,8902.22,13.0651,0xf2...bfcf,https://bscscan.com/tx/0x11427d35b16f31cb8f92195858473a1da99c82954cc5d9410cf05d3ab5752974
2023-03-27 18:26:30,False,0.4601,0.001468,106.913,0.1569,0xd2...d344,https://bscscan.com/tx/0xf715142dcb990360eb379f2f6a3b27b5a4d8d0120b418f822441c312953a6241
2023-03-27 18:25:21,True,0.4626,0.001475,1058.83,1.56226,0x62...1f10,https://bscscan.com/tx/0x4a01d1bbf2cd1c377f5359bdec1c370882f26f98f6c744c12d7145d50492d376
2023-03-27 18:25:15,True,0.4626,0.001475,2372.48,3.5,0x62...1f10,https://bscscan.com/tx/0x24229973c0731107ded8c55a5170e73604ebe2a327ad7ba1c48b9b3ec20e59d8
2023-03-27 18:25:12,True,0.4625,0.001475,2372.92,3.5,0x8d...1b76,https://bscscan.com/tx/0x7080e8c7cacde4d38e3fc19eaa1e96c7ffc99104a23a8eb5d36b22fa15d099ea
2023-03-27 18:25:09,True,0.4624,0.001474,260.538,0.3842,0x91...79fe,https://bscscan.com/tx/0xb933906e3a6e3f758ca006a132716a15ebd4ddc2b9674c7a2ce2318ec9c2bbcb
2023-03-27 18:25:09,True,0.4624,0.001474,2373.41,3.5,0xed...4f31,https://bscscan.com/tx/0xc5882591d6269e9e734123ddae0077a8b31ef653a89d08880c948bafdcc1f742
2023-03-27 18:24:57,True,0.4626,0.001474,2373.86,3.5,0xed...4f31,https://bscscan.com/tx/0x9a3c8e6a0cbd9805e3728745b26806e215430b2b91fcb659dafef94e6fe00b6c
2023-03-27 18:24:57,True,0.4625,0.001474,1266.6,1.8672,0x00...78d2,https://bscscan.com/tx/0x95bce8c2504d2a01a0b990ea5321c28646d76452e21da103fd9f105a82561a5a
2023-03-27 18:22:15,True,0.4607,0.001474,2374.54,3.5,0x2f...e155,https://bscscan.com/tx/0x210d3ba67ebb6d3ca75e93d34a6327897976c09c64a1e8e989bfc6c2be22635d
2023-03-27 18:22:15,True,0.4606,0.001473,2374.98,3.5,0x62...1f10,https://bscscan.com/tx/0x058c8cb144bb7af3844b6cd36002ab24ed3193b02c04a491e81c03df17950dcf
2023-03-27 18:22:09,True,0.4605,0.001473,2375.43,3.5,0x0c...8533,https://bscscan.com/tx/0x499af19e76686bde07d994045f397cd2116ccfb5fc98874a2c92100f30a9880d
2023-03-27 18:22:09,True,0.4604,0.001473,2375.87,3.5,0x62...1f10,https://bscscan.com/tx/0x18bd561ca94c9f7fc0ff0bd5db934af3114d1338c1ab7085e3eb1d7167d00f60
2023-03-27 18:22:03,True,0.4626,0.001472,2376.32,3.5,0xed...4f31,https://bscscan.com/tx/0x0fa3c3c69e825051b62674f28c32035478f1f0460a7bf55307a63509dccf90c8
2023-03-27 18:22:03,True,0.4625,0.001472,2376.76,3.5,0x2f...e155,https://bscscan.com/tx/0x32354f45bcb1852744583eae72c0031eb24ed257619f57ccf4042bd44212d9d9
2023-03-27 18:21:51,True,0.4608,0.001472,2377.21,3.5,0xed...4f31,https://bscscan.com/tx/0x127472762d9883ccda68f6c1f5ecfd3fd2abca525e81c5a9854ba618af30bf99
2023-03-27 18:21:51,True,0.4607,0.001472,3396.79,5.0,0x0c...8533,https://bscscan.com/tx/0xbd186de239195385880c5899548cd87d708ab3c61176d0800f88222de32296a6
2023-03-27 18:21:51,True,0.4606,0.001471,2378.29,3.5,0xda...6e1f,https://bscscan.com/tx/0x8dbd36d988cefe3789529332dcfcd981fbee8b2b31b4ad4a50234a2c1f397a68
2023-03-27 18:21:42,True,0.4605,0.001471,3398.33,5.0,0xda...c952,https://bscscan.com/tx/0x776b6358596b0678ed5b3a02959dff3463b6fc777333b6bac7e7b62d933cc378
2023-03-27 18:21:42,True,0.4604,0.001471,2379.37,3.5,0x62...1f10,https://bscscan.com/tx/0x16b439af5697e6c991c1bd5c4cb39cc46265ec7851321ce4e846c9ee72dc3702
2023-03-27 18:20:51,True,0.4628,0.00147,2379.82,3.5,0xed...4f31,https://bscscan.com/tx/0xa1cab55d95161aaba5e377e2bab4cc24ad129d6a769ff02da68e9b0acb9284d3
2023-03-27 18:20:51,True,0.4627,0.00147,2380.27,3.5,0x0c...8533,https://bscscan.com/tx/0x1d1d1fb197d0a2de4e5a7a35428077fe84b6672aa5a7c5ad8958a6ff3dd8e226
2023-03-27 18:20:28,True,0.4605,0.00147,2599.8,3.82206,0x09...18f7,https://bscscan.com/tx/0x4606d443367379b49b7b983cbffd17099befc6cb6c9b8f29c43cf642ad947a15
2023-03-27 18:19:11,True,0.4631,0.001469,648.022,0.9525,0x70...8487,https://bscscan.com/tx/0x5eff859f49babe078cdcb75d0708ca5270384aa76e1dec90ccda5f851d231183
2023-03-27 18:18:15,False,0.4603,0.001461,207.557,0.3034,0x1b...0db3,https://bscscan.com/tx/0x800b3853696ea93c0f1758dcf5c876e8a28712acedd2ec9927ce237a377971de
2023-03-27 18:17:56,False,0.4581,0.001462,5.69549,0.0083,0x27...42d4,https://bscscan.com/tx/0xe3ad1bf7d676220b08d4ee7738a23148ebe857f8a893b22f24ed79bb0b66d498
2023-03-27 18:11:04,True,0.4616,0.001469,148.541,0.2183,0xc5...29a5,https://bscscan.com/tx/0x0368788454981e16cad22bfb8fb515dd558186e2564eb9b5ab9a33e3ea6cfea0
2023-03-27 18:08:37,False,0.4616,0.001462,136.744,0.2,0xd2...d344,https://bscscan.com/tx/0x14a6e2cbf74f7b59479b088ef71bcb4ed8842b0fcb47dff8ba72abc82cb5138a
2023-03-27 18:05:28,True,0.4628,0.001469,1.0,0.0014,0x01...6d5e,https://bscscan.com/tx/0x50629a470a71cf90aed07f5e85f93b9ce648f958ffcad5f227ed2d6ba26bf4ff
2023-03-27 18:04:19,True,0.4618,0.001469,648.081,0.9526,0x70...8487,https://bscscan.com/tx/0xc0269cc20553a1b8f57c9ae0a1b6df6d9f05e3ab1dfc3b6218960ae2fa9b3559
2023-03-27 18:01:22,True,0.4623,0.001469,5.0,0.0073,0x01...6d5e,https://bscscan.com/tx/0x58aee125428176a419f025ac811140c27daede92f7eb17b6f8ad0f6e81d218e6
2023-03-27 17:55:04,False,0.4609,0.001462,121.586,0.1778,0xec...8620,https://bscscan.com/tx/0x8e0013733bdc48451a27ce55bee80b723db13eb19f7a9f8ef7958e1c66731236
2023-03-27 17:53:10,False,0.4584,0.001462,5398.55,7.89722,0xed...4f31,https://bscscan.com/tx/0xcac39e85df78c7687ca50cdd2e78c97909492f846cef3f864748f9b5409ddeb5
2023-03-27 17:51:58,False,0.4584,0.001463,11666.8,17.0781,0xed...4f31,https://bscscan.com/tx/0xee19bf1ad9dca4b44950e73f873ba629025b23238d3c0d3f36bfb084b78eb177
2023-03-27 17:51:52,True,0.4609,0.001471,47.5595,0.07,0x42...859c,https://bscscan.com/tx/0xbb85eb055e375a46264ee4633c7dacf705e4dd76110a5e12adb75e973e3964ad
2023-03-27 17:48:13,True,0.463,0.001471,647.142,0.9524,0x70...8487,https://bscscan.com/tx/0xc0ac7d26b5fef268f13ab0c0fa955872e2c30977a8af35b725386847e5ab35bf
2023-03-27 17:47:31,False,0.4585,0.001464,14.0,0.0205,0x02...10db,https://bscscan.com/tx/0xe00e40602712ddc9e820a112849f02bdab785889c3b957f91bd75edcab3815c5
2023-03-27 17:44:52,False,0.4607,0.001465,9926.16,14.5417,0x62...1f10,https://bscscan.com/tx/0xb23065079de60bfa3b81cf013d23984a4f903d103246efa3747784f7213f3763
2023-03-27 17:42:22,False,0.4606,0.001465,214.057,0.3137,0x04...a4a0,https://bscscan.com/tx/0x3013400b1f14ba77f29dbc177231e4d2b12a953569f50617a7d5a9ea4a135f8f
2023-03-27 17:39:04,True,0.4621,0.001472,2540.4,3.74148,0x00...78d2,https://bscscan.com/tx/0x59a1205d0f5d60037b2c2bc3038093f55f9432805152ed5c0448c881e4ade492
2023-03-27 17:32:11,True,0.4666,0.001472,642.055,0.9454,0x70...8487,https://bscscan.com/tx/0x91bb68a154d171c63f0ec4d85f6ef5bb915e486534fc522f16f7378ff859f039
2023-03-27 17:25:59,True,0.465,0.001472,1124.56,1.65592,0xed...4f31,https://bscscan.com/tx/0x441b5760bb8da0ed5a3cf69c32937dfa115a048b93c37e9324985d80c0c82590
2023-03-27 17:25:59,True,0.4649,0.001472,6298.9,9.27245,0xda...6e1f,https://bscscan.com/tx/0x01c983a7569db712e0cc7c5fc4d659f7cefdec88e9fc311e9ea366caa0ebf6ad
2023-03-27 17:25:59,True,0.4647,0.001471,6796.65,10.0,0xf2...bfcf,https://bscscan.com/tx/0xd9c61bdc85e98d7fb76f8f6a722732e429eb4efde204de105d2f963b68e736a8
2023-03-27 17:25:59,True,0.4644,0.00147,6800.29,10.0,0xda...c952,https://bscscan.com/tx/0x614748c94b8ad641c1b20cb1c4b979a04df3f5014848a417d3535936db9ddfca
2023-03-27 17:25:59,True,0.4642,0.00147,2577.46,3.78883,0x00...78d2,https://bscscan.com/tx/0xf9e1b60822679a44b0b59d892f1f7695df208f7901186f2bfa2155e92c573b27
2023-03-27 17:25:20,False,0.4642,0.001462,78.071,0.1141,0x99...2fc5,https://bscscan.com/tx/0x406ee6b9df82cc19b9243c403e9cd31b49f543b8f622815af1e8accdc8020544
2023-03-27 17:24:59,False,0.4616,0.001462,6153.47,8.99714,0xb9...12c6,https://bscscan.com/tx/0xf77c9f831eed2a2ee1c225c710c404f95f02b83a67507fc101576068ce2e829b
2023-03-27 17:24:32,True,0.4642,0.00147,6801.98,10.0,0xed...4f31,https://bscscan.com/tx/0x4c3747e6a7f9ce9be004640b8908333ff253782cccdbbe59683e262c40e292fe
2023-03-27 17:24:32,True,0.464,0.001469,4369.51,6.42105,0x98...5cc4,https://bscscan.com/tx/0x2223ad306d10d810ebac93f300fd3314b9cb1d29401eb0fb95b4fec824b3bb41
2023-03-27 17:24:32,True,0.4639,0.001469,880.2,1.2932,0x7a...c707,https://bscscan.com/tx/0xe7d8e0145c4c6e30b129c4220a3b3b02f69f1a84ed29994629de4a238657572e
2023-03-27 17:24:26,True,0.4636,0.001468,13627.7,20.0105,0xfc...535e,https://bscscan.com/tx/0x197bb26ba93400ddb7c2ae95f2884452cd82713e50e86ef531062b05583f6da1
2023-03-27 17:24:26,True,0.4633,0.001467,2588.58,3.79857,0x00...78d2,https://bscscan.com/tx/0xdd7ddc02f8a04b7ab954f58dad803d53084145552a9ef43343a35a3347b918eb
2023-03-27 17:24:26,True,0.4632,0.001467,4052.68,5.94548,0xd3...ec6f,https://bscscan.com/tx/0xa991d399ac42d697efa9125f1c8af75394c98b8db638c4673833d276425027f7
2023-03-27 17:24:14,False,0.4613,0.00146,27590.0,40.2909,0xb9...12c6,https://bscscan.com/tx/0x765b32995dbaf5fd2463f654253be16ad8ac55d6aedec56d2c07429d8da964ac
2023-03-27 17:24:11,False,0.4625,0.001463,22175.5,32.4634,0x61...3b36,https://bscscan.com/tx/0x5b8fe10841134b4e5627910375f153028c94f5a02a04091f85b0a4a3d72522c5
2023-03-27 17:24:11,False,0.4626,0.001464,269.37,0.3944,0x80...25cb,https://bscscan.com/tx/0x666c90c1dfac2bf2b205b29aa2013c4686b84627de277e7759c1d5b8f3c9ec2b
2023-03-27 17:23:38,False,0.463,0.001465,7453.36,10.9242,0x11...a5bc,https://bscscan.com/tx/0x89b40f2646eefe550ad259d9c44b29b5c2f6c5cf3575f2e00e4a8fe02f39f715
2023-03-27 17:23:38,False,0.4634,0.001466,11270.7,16.5313,0xfc...535e,https://bscscan.com/tx/0x33435bd0a610098dd8b4612706319d9579899f1690786eb0674dc902b4980212
2023-03-27 17:23:35,False,0.4634,0.001467,3450.0,5.06321,0x83...6678,https://bscscan.com/tx/0xcf4dbc55d86069a52e5acf9e760f49817ae6b31ba294a35714e0a26148b73f3a
2023-03-27 17:23:35,False,0.4636,0.001468,4074.05,5.98084,0x5a...6651,https://bscscan.com/tx/0xd2c8fee69ae5d2a80b8b9f1c5ea9eb869ddc25d1324e9b68ea88013393ff883a
2023-03-27 17:23:35,False,0.4637,0.001468,5533.51,8.12644,0xed...4f31,https://bscscan.com/tx/0x5d37fca884c9f8b24815905f716dd3f33a936b5153d2fc68befdda6f1fbae4aa
2023-03-27 17:23:35,False,0.4641,0.001469,14241.0,20.9304,0x3f...573a,https://bscscan.com/tx/0x6128f0460041db791b1f9222d2d344245de3951efeebfce745a8f1282d32809d
2023-03-27 17:23:35,False,0.4647,0.001471,16585.2,24.4054,0xda...c952,https://bscscan.com/tx/0xca008c258dcd26db48005547ecd4131e7ff6d3d5377b1577fd989ebc94af83a2
2023-03-27 17:23:35,False,0.4651,0.001473,8272.31,12.1848,0x52...1c7e,https://bscscan.com/tx/0x4cb2c2e817dae7a7b9a0dfc8d852efe799128a6737683f4d6651d06eb61268bc
2023-03-27 17:23:35,False,0.4653,0.001473,651.831,0.9604,0xa8...2f72,https://bscscan.com/tx/0xc1f60e308c9930f1ca1d07ff5701abbe0351fbf07eefe99cf63ac24c9efaec1a
2023-03-27 17:23:35,False,0.4654,0.001473,6233.4,9.18727,0xd8...bcda,https://bscscan.com/tx/0x6127c2805df7013317dbaba9bef339e14e7fb0141a80dfd2d3d3da536e050529
2023-03-27 17:23:35,False,0.4656,0.001474,3545.2,5.2272,0x3b...290a,https://bscscan.com/tx/0xfab34bb01d1c8be0f44d8ce38ef0c16a0b6c747ffd52145a29c1342d172d1aa3
2023-03-27 17:23:35,False,0.4659,0.001475,13754.9,20.2946,0x97...d57d,https://bscscan.com/tx/0x6468cbc2c3674a5cb24417d4f3a31c9a893376775f4328fe4a497d3a567260f4
2023-03-27 17:23:35,False,0.4662,0.001476,3647.39,5.38524,0xd3...ec6f,https://bscscan.com/tx/0xbc97efc1371f3119ef0da2e037bff99418c89faebc243d23535d1e538788662d
2023-03-27 17:23:32,False,0.4666,0.001477,16795.5,24.818,0x11...a5bc,https://bscscan.com/tx/0x5e2d88e0b0604967c53ea34cb377bb7e68fdf6ae68ec353bc6928b8d8cbbbed8
2023-03-27 17:23:23,True,0.4693,0.001486,349.924,0.52,0xc9...5d93,https://bscscan.com/tx/0xd2014772964ddf294060e2259aeeed47922f90ec0128e18c1bac19c5461ef135
2023-03-27 17:23:11,False,0.4696,0.001479,6643.8,9.82608,0x27...b6f2,https://bscscan.com/tx/0xe3724ca2e7d95a5dc7def57bce596101e0ae02b7a268ad3a45cc2a9eb4d9a5d7
2023-03-27 17:23:11,False,0.47,0.00148,13212.3,19.5561,0x11...a5bc,https://bscscan.com/tx/0xdab630cc7b11523d90cfc2e358c0f968a9a25c21c74be0a7b6e48e7926f3875f
2023-03-27 17:23:11,False,0.4703,0.001481,6681.69,9.89766,0xfc...535e,https://bscscan.com/tx/0xbfd9b5930066cfa7dc12909f34e755df101bc4670c0f341551c158d76c07bb91
2023-03-27 17:22:53,True,0.4726,0.001489,566.8,0.844,0xca...34d7,https://bscscan.com/tx/0x30b24a1c47f3b109d766dd76c4a5fd8ada1fdd30e4237bcb191d3c3371fc7491
2023-03-27 17:22:47,True,0.4702,0.001488,2350.68,3.5,0xda...c952,https://bscscan.com/tx/0x418c5da7d1e715d00330050c428a89a2b8289d02a6a31341eec92c0b1d27cc2e
2023-03-27 17:22:47,True,0.4701,0.001488,2351.12,3.5,0x8d...1b76,https://bscscan.com/tx/0x10b60f9fe3f9159067cf82b44ad8149b34b53f3d7f7d47bb9fc8ced419e78e1d
2023-03-27 17:22:41,False,0.4677,0.001481,25.2471,0.0373,0x52...8d7e,https://bscscan.com/tx/0xe486799189e0ee00752ad9f28838a793423bdb936fbf9643f9c803aabff339d8
2023-03-27 17:22:41,True,0.4701,0.001488,1248.12,1.85776,0x03...9fa1,https://bscscan.com/tx/0x5611597206be6659f746b4b687adc359b554874e593addada2b58223b7a43d38
2023-03-27 17:22:41,True,0.47,0.001488,2351.78,3.5,0x3f...573a,https://bscscan.com/tx/0xda75f7554434f00463de1031b51808c55d7c27b06deed9e3e844efd2fc0815b3
2023-03-27 17:22:41,True,0.4699,0.001488,2352.22,3.5,0x0c...8533,https://bscscan.com/tx/0xbae4154338ca55551f1ae6bd101576faea7f56798ff6ccc389431d5d9bc6922b
2023-03-27 17:22:41,True,0.4699,0.001487,282.717,0.4206,0x00...bd17,https://bscscan.com/tx/0x411a8cfeac6ec837433dd6891b2153edb34d68272b25ead2ae90793a1de30b0d
2023-03-27 17:22:38,True,0.4699,0.001487,156.0,0.232,0xbe...b214,https://bscscan.com/tx/0x625f14a09b7aeff0d6c3b9b42b768fcd21f47e144b4f104794b2cd8817c6ba74
2023-03-27 17:22:38,True,0.4698,0.001487,2352.74,3.5,0x5a...6651,https://bscscan.com/tx/0xe7aec5b362f25fecda75c4a6a6995a1020cfc248f091f7276dbb51e05c3e7642
2023-03-27 17:22:38,True,0.4697,0.001487,2353.18,3.5,0x2f...e155,https://bscscan.com/tx/0x15c981099f43c651afa9ba23e36e00c47b96c8f826927df1939eb5463d28bfb7
2023-03-27 17:22:38,True,0.4693,0.001486,21293.1,31.6406,0x11...a5bc,https://bscscan.com/tx/0x60c4f3664043ab99b545d89624bc60f8316f90d8010e6a36d46beebc4de6a5da
2023-03-27 17:22:38,True,0.4688,0.001484,5389.43,8.0,0xb0...ff7c,https://bscscan.com/tx/0x1d4df11d2ba71b797561217871a7cb958de9ca416a65f737969a9163834b84a5
2023-03-27 17:22:35,True,0.4687,0.001484,343.58,0.5098,0xac...02c7,https://bscscan.com/tx/0x33a43b09f4311cb9f3eadae2c3318ed0b17fb2bbd0377f9efdfbfe2a461ed204
2023-03-27 17:22:35,True,0.4686,0.001483,4237.2,6.28708,0xef...51dd,https://bscscan.com/tx/0x3eb780f54220b6c5c029137a452e21c4d69c9c457d7c798abb8cc7a057bacbe0
2023-03-27 17:22:35,True,0.4685,0.001483,2359.45,3.5,0xf2...bfcf,https://bscscan.com/tx/0x6dad580206ff982665ef12d464a58ca83e49d81ab7417f60ef03e9930ab04efb
2023-03-27 17:22:35,True,0.4684,0.001483,2359.89,3.5,0x5a...6651,https://bscscan.com/tx/0x8013f70adb51e67392e44d0d30a4ca93a57eaa00378e39de57ec2bfa1b5c2314
2023-03-27 17:22:35,True,0.4683,0.001482,2360.33,3.5,0x2f...e155,https://bscscan.com/tx/0xb59c54e7c91c2caea4ad5bc54b768dde035e0a99be9162ed0a004ff8065e98ea
2023-03-27 17:22:35,True,0.4681,0.001482,6526.33,9.67411,0xa2...deed,https://bscscan.com/tx/0x09471372a1bea41c01468dc311d43e73057cf5f5f06068d6d40f0bc173195f16
2023-03-27 17:22:35,True,0.4678,0.001481,11476.7,17.0,0xb0...a41e,https://bscscan.com/tx/0xa7d35c2623fae1ddd7efd12abc7a6fbb9ea668dd15be3fa41c23fabd63759199
2023-03-27 17:22:32,True,0.4674,0.00148,2364.14,3.5,0x8d...1b76,https://bscscan.com/tx/0x656947603784f81efc090689ca06872ec55d009e41c59a0a10361c17b89208cc
2023-03-27 17:22:32,True,0.4673,0.00148,776.04,1.14875,0xed...4f31,https://bscscan.com/tx/0xee7c5be880e128e9a3eca84cd18aa256e01a282fd09e007ac683ed60e27f428b
2023-03-27 17:22:32,True,0.4672,0.00148,2364.72,3.5,0xda...c952,https://bscscan.com/tx/0x30950eae746ccbe4cb84c02528c6297c92d962c679c132066f4d1e7b9a39ac05
2023-03-27 17:22:32,True,0.4672,0.001479,2365.17,3.5,0x27...b6f2,https://bscscan.com/tx/0x46853eced0e2d1446feb3771c26421470e347355d2b6e8fb4db91e6eefc64098
2023-03-27 17:22:32,True,0.4668,0.001478,16324.3,24.139,0x11...a5bc,https://bscscan.com/tx/0xdf2971c65bda538c9f7f3263a4ea151b8152631bfa9907bda8f545029f906413
2023-03-27 17:22:32,True,0.4665,0.001477,1264.16,1.86804,0x98...5cc4,https://bscscan.com/tx/0x0a60c8e421e9790355dea5f9b97abda00858be9ea5835d393947f003e310fe3b
2023-03-27 17:22:32,True,0.4664,0.001477,4061.24,6.0,0xb0...5011,https://bscscan.com/tx/0x885deb275b374d8782ab84c32adc0bab9891cd2dd85352880f29442b28f7b8fe
2023-03-27 17:22:29,True,0.4659,0.001476,20325.8,30.0,0xb0...baef,https://bscscan.com/tx/0x256a4bdbe55af5b20ce6df682bfecf6d8bbcacab48b00f27c9c9d8207de493fb
2023-03-27 17:22:26,False,0.4633,0.001467,215.327,0.3159,0x0e...7f19,https://bscscan.com/tx/0x51dd2b99672c8c43cd8c94b9073ee6d1235511a4ed59abe0730332526a307df7
2023-03-27 17:22:26,True,0.4655,0.001474,2575.16,3.79747,0xdb...8aba,https://bscscan.com/tx/0xd54cef11a9f5163d3e8cead8d7f99a2aade2ba3031e77c111632fc23c51a8905
2023-03-27 17:22:26,True,0.4654,0.001474,4271.05,6.29661,0xef...51dd,https://bscscan.com/tx/0x4ca3b28400f542b09e6cde982d3c54cfabebaeabe557661ef514568b825e0e7d
2023-03-27 17:22:26,True,0.4652,0.001473,4273.27,6.29776,0xef...51dd,https://bscscan.com/tx/0x654a702e05d5b28581e341e1b0a927cae08f919bb625f763eabbb47498882158
2023-03-27 17:22:26,True,0.4654,0.001474,611.23,0.901,0x2d...916a,https://bscscan.com/tx/0xe96c436c92bddb72c96616a3be0424d17f20d10a81ae78f9b599af5237bc7c82
2023-03-27 17:22:26,True,0.4651,0.001473,4595.0,6.76923,0xa2...deed,https://bscscan.com/tx/0xd86a579b88c6ffcd2277461d2311cd102cf3c2db237875b0f7f857ba891e0af4
2023-03-27 17:22:26,True,0.4648,0.001472,10694.8,15.7457,0xdb...5ee7,https://bscscan.com/tx/0x07a516929799e1851ae93dbf0a35e93bc308c5e90c42d691fb85f03036ae4f18
2023-03-27 17:22:26,True,0.4644,0.001471,9524.74,14.012,0xa2...deed,https://bscscan.com/tx/0x3b2c20f7ea240b09db42d0cd7d99572ba064148b04e8ba35f017b057d445947b
2023-03-27 17:22:26,True,0.464,0.001469,10713.1,15.7476,0xdb...5ee7,https://bscscan.com/tx/0xcee55271dbf6f658e0196449373e75ee8501cbf294ee54c6929e42c292a35991
2023-03-27 17:22:26,True,0.4631,0.001466,42956.2,63.0097,0x53...4f4e,https://bscscan.com/tx/0xdd14d81fbc1b496f767dd0a93d43354d2bc1f1cd81988feb40fdb608578773e9
2023-03-27 17:22:26,True,0.4625,0.001465,1297.61,1.90103,0x80...25cb,https://bscscan.com/tx/0x36d00a3790d4c58c400909e3c5f760af9b210ee304e59238c36712c77e96f030
2023-03-27 17:22:26,True,0.4622,0.001464,2390.59,3.5,0x91...79fe,https://bscscan.com/tx/0x86447a516a75e7fee1bd80d7ae486884b071088ab1a6e0325f807f801aeb89b3
2023-03-27 17:22:26,True,0.4621,0.001463,2391.03,3.5,0x0c...8533,https://bscscan.com/tx/0x522a4d98eaa1dc1b94b247c51300a139d66ec489faf42a7d833c8afd1d159b21
2023-03-27 17:22:26,True,0.462,0.001463,2391.48,3.5,0xed...4f31,https://bscscan.com/tx/0x6e1a4566c491b9331e7a3444aadc8a745d5cca5a18b5494f13e3a366b1ac45ea
2023-03-27 17:22:26,True,0.4619,0.001463,2391.93,3.5,0x03...9fa1,https://bscscan.com/tx/0xc53ea721f27153c618d1c356d1afd5d5dd854f7085e3192bf9eeb1ed49741150
2023-03-27 17:22:26,True,0.4621,0.001463,2028.91,2.96978,0xf9...5ce3,https://bscscan.com/tx/0xd5d15868f88c91793bd8cec78b0723c995a008a330a25c32bad6c30226fa4ed2
2023-03-27 17:22:26,True,0.4618,0.001462,2392.76,3.5,0x3f...573a,https://bscscan.com/tx/0xe71aff24aeab29fa2597e7082161486f51d74af3e28c70bef4c58063a1a1d980
2023-03-27 17:22:26,True,0.4617,0.001462,782.416,1.14433,0x29...af67,https://bscscan.com/tx/0x5ceb4aadeaaf70bbc89f48eff6665f6f23fd170bef3052dfadf457ce82043675
2023-03-27 17:22:26,True,0.4615,0.001461,13754.6,20.1054,0x98...5cc4,https://bscscan.com/tx/0x916096a374f8f96466ead4e65682f2f762534dbecd08d56f4f105e1164c67709
2023-03-27 17:22:26,True,0.4611,0.00146,6281.44,9.17452,0xd8...bcda,https://bscscan.com/tx/0x3abc79025934edda9a9f842a240a2172eb66fc913d12135ff3d61214b91f9fbb
2023-03-27 17:22:26,True,0.4608,0.001459,8001.7,11.6805,0x83...6678,https://bscscan.com/tx/0x9d355cee92636f827ea81faeeb4dbc3feb2596a1da60b6eea1b1d55c25c3d0de
2023-03-27 17:22:26,True,0.4607,0.001459,11648.9,17.0,0x10...0000,https://bscscan.com/tx/0xdc8c888db18ea74ff2f870661426d0810a9756af9adf69e2eaf46a21b98b1e7c
2023-03-27 17:22:26,True,0.46,0.001457,27590.1,40.2021,0xb9...12c6,https://bscscan.com/tx/0x45194927532a2238b3d27773651c0f080bff524494bbdef713a1164f99f0fdc7
2023-03-27 17:22:26,True,0.459,0.001454,13754.9,20.0,0xb4...71f3,https://bscscan.com/tx/0x335be40bcaba6ad1b2f373ae4fba2b4ed5545a4ce9db34b85c5c6a51fd8b9593
2023-03-27 17:22:26,True,0.4587,0.001453,2610.41,3.79319,0x09...18f7,https://bscscan.com/tx/0xfc473e6524dad8e0d32d791c206c651a88530fdd0cc1e5b4f8a7f2f39ca2b95a
2023-03-27 17:22:26,True,0.4586,0.001452,3466.9,5.03656,0x3b...290a,https://bscscan.com/tx/0x75c08e744803375eebb290a44dfaeb48d43a7ad77c5b7900260c222e19f06f86
2023-03-27 17:20:17,True,0.4581,0.001452,10647.9,15.4603,0xfc...535e,https://bscscan.com/tx/0x0926ac73da330271425edb7da5b071e53d31a48cb5000a6ae9af8a60394bc51c
2023-03-27 17:20:11,True,0.4579,0.001451,1284.37,1.86398,0xd3...ec6f,https://bscscan.com/tx/0x8250a584f8a01f080dd4589290f808bf17f41756c725ef8a7589d290c09c6a79
2023-03-27 17:18:53,True,0.4584,0.001451,615.301,0.8929,0xfc...535e,https://bscscan.com/tx/0xd09f65054bf392684be790292aee381125f85f5d630879aaccd62f035466528f
2023-03-27 17:18:50,True,0.4584,0.001451,2412.14,3.5,0x91...79fe,https://bscscan.com/tx/0xdcf98735c3b2ef031df92173b01072f5a8242921e8fbd1eb03ab3beb056c1c16
2023-03-27 17:18:50,True,0.4583,0.00145,2412.59,3.5,0x62...1f10,https://bscscan.com/tx/0x4c896ca106fdd8930e9493858ffffe11269561b8b21b7c5e1ab05cba26374c20
2023-03-27 17:18:47,True,0.4583,0.00145,2413.05,3.5,0x0c...8533,https://bscscan.com/tx/0xebdd2ee0a8f782dbf098a9fccdd16f4647f4c8e66db8f7d916ae46c054bf9d13
2023-03-27 17:18:23,True,0.4588,0.00145,4275.45,6.1997,0xfc...535e,https://bscscan.com/tx/0xe64d2445e46d93d4db43c7b851b5b07d9b119c7ae92514e0939d9ab30ef1b64c
2023-03-27 17:18:23,True,0.4587,0.001449,2736.52,3.96705,0xd3...ec6f,https://bscscan.com/tx/0x4da15438ae699abe8ae2a39681aa2bad58217b739b22466c0e604f6a70582748
2023-03-27 17:18:11,False,0.459,0.001442,12.0598,0.0173,0x73...e78f,https://bscscan.com/tx/0xa3b26d748c5e8287b42b6a56461ca4a42c0894616de78f2fcd1887fe58f6dee0
2023-03-27 17:17:44,False,0.4538,0.001442,4042.29,5.83103,0xd3...ec6f,https://bscscan.com/tx/0x385e95f10022f4ff2a078f6fa0516fa0f2752e33f162832a70862e424dde0d85
2023-03-27 17:17:41,False,0.4541,0.001443,13175.1,19.018,0x0c...8533,https://bscscan.com/tx/0xbd8c9f3a5ed9eb0e4da32a3767f1ee36510d972153253f881048f9ff730047f7
2023-03-27 17:17:11,True,0.4583,0.001451,653.471,0.9484,0x70...8487,https://bscscan.com/tx/0xa07afa762035f48a261d41fa46b36f6f4bd353b1c0bf1c1992fd8d131a40952f
2023-03-27 17:14:49,False,0.4553,0.001444,66.0799,0.0954,0x29...9b84,https://bscscan.com/tx/0x49af426eb8cf0b427cf1796e04193f22f4bfd549f415323b60b53e8dffaafc9c
2023-03-27 17:13:28,False,0.4526,0.001444,1117.19,1.61347,0x47...3ac2,https://bscscan.com/tx/0x1c5fb7a8a67037f2a62283931877c70a60b1b17dc11c420f58cb5543ca3f070b
2023-03-27 17:12:19,True,0.4569,0.001451,3774.49,5.47796,0xa0...cc8d,https://bscscan.com/tx/0xad63d0a0741bc3dcb21132d0f961d43775f289ecab61163097e3d5a364cea83f
2023-03-27 17:11:55,True,0.4574,0.00145,4297.46,6.23498,0xca...34d7,https://bscscan.com/tx/0x02e0ee98752326a39541f38c1f40e1be76b86d935ba48e6822e4186b976590ad
2023-03-27 17:11:52,True,0.4573,0.00145,1067.02,1.54777,0x2f...e155,https://bscscan.com/tx/0xc57a19a2237caf31c9db3a16e5ba112b703d202d1d97132fcb7e7451978d5f23
2023-03-27 17:11:52,True,0.4572,0.00145,2413.21,3.5,0xed...4f31,https://bscscan.com/tx/0xd8a5e007f19f66a1c371ef9548f0f8abd69219d0b517da3feff7ee7017091fb7
2023-03-27 17:11:52,True,0.4571,0.00145,2634.89,3.82076,0x05...7eea,https://bscscan.com/tx/0xf6971e0864e9dcf8d6c27d74b8049a1c7d92ddb562c14cea4053847a9cc0c31b
2023-03-27 17:11:46,False,0.4525,0.001442,631.646,0.9112,0x80...b6d5,https://bscscan.com/tx/0xd4bc0bbf5488dd7ef302464ff6c58130fc58690b14f7d4888ec6105ec40c02eb
2023-03-27 17:11:46,True,0.4547,0.001449,4933.97,7.15281,0x4d...74b8,https://bscscan.com/tx/0x3603c95e10e42abcff4f9d0273e7985078a3476790f6c61888bc63ce8c10f2eb
2023-03-27 17:11:07,False,0.4524,0.001442,861.885,1.24304,0x00...bde8,https://bscscan.com/tx/0xdbbba4390e0a4b9c4b048dd14282239d3ee88d49cc0229393cf1e41136307f77
2023-03-27 17:10:49,True,0.457,0.001449,5734.64,8.31064,0xa0...cc8d,https://bscscan.com/tx/0xd7e82cacf289fc583135e7cb2a8db5c9342921bcaaa3ae1ac152fece31323f29
2023-03-27 17:10:46,True,0.4554,0.001448,4134.06,5.98877,0x7a...c707,https://bscscan.com/tx/0x8c121ecad7347f7449919f02cda38598e2e5b6e3fcda30bed9c251c599c83ce3
2023-03-27 17:10:46,True,0.4552,0.001448,2416.68,3.5,0xed...4f31,https://bscscan.com/tx/0xa9e0480d4bda1e8627ff65ec9e2957f4f9eb67af14d8e7956eeb3d0f7a7afd37
2023-03-27 17:10:40,True,0.4552,0.001448,2417.13,3.5,0x62...1f10,https://bscscan.com/tx/0xb8fff58b9d4d74d319cece11e41e80604fe387077b7bde6c5e48f7da7ce09601
2023-03-27 17:10:40,True,0.4551,0.001447,2417.59,3.5,0x2f...e155,https://bscscan.com/tx/0x7f6b4e18eedb79aef27d128616c8baedadb958f84daebba1d73f3e13b89b7e5b
2023-03-27 17:10:40,True,0.455,0.001447,2634.05,3.81262,0x09...18f7,https://bscscan.com/tx/0xba308dd191659860b9df07a1be0e863fd663b50fb6f42f16f7626e0cf053dda9
2023-03-27 17:10:34,True,0.4549,0.001447,2418.54,3.5,0xda...c952,https://bscscan.com/tx/0x154c8f5fc2f2c27c4fd1fd64256b2b13dd4d15542f8c1bded0053a02fb953cd0
2023-03-27 17:10:34,True,0.4548,0.001446,2419.0,3.5,0x62...1f10,https://bscscan.com/tx/0xab79ca7e57afef4c4a21fb13541fdaa92c122e3b64a610334956fe68faddff60
2023-03-27 17:10:31,True,0.457,0.001446,745.862,1.07904,0x67...b7c1,https://bscscan.com/tx/0xf0feebf94c06215aab2d71a2b46009c744cf7abf537f57b2383c4994afb56684
2023-03-27 17:10:31,True,0.457,0.001446,2370.1,3.4284,0x00...78d2,https://bscscan.com/tx/0xb7d0d427cb4776fd0882b8a202ad7bdc5bd63d385e842c8efbf2d456b1026462
2023-03-27 17:10:28,True,0.4569,0.001446,2420.05,3.5,0x62...1f10,https://bscscan.com/tx/0x9ed07be5208c8904f06aaecc70e99975bfff130ab4dde0e5ceb91661f28075dd
2023-03-27 17:10:28,True,0.4568,0.001446,2420.51,3.5,0x2f...e155,https://bscscan.com/tx/0x4937bc27a413a6b5c5f465064f439cdca3f64fda78feb51491d8fb6f54f505dd
2023-03-27 17:09:58,True,0.4544,0.001445,4076.12,5.89249,0xd3...ec6f,https://bscscan.com/tx/0x935cea13b1fe54e5394fa9861f350dc29b4416c3000ca64f23eddb85b9335047
2023-03-27 17:09:34,True,0.4547,0.001445,2421.73,3.5,0x3f...573a,https://bscscan.com/tx/0x675b6a43ede215d0c8b254af81bfe8e8dcc4bb09e562778bd78098aff76cc0fe
2023-03-27 17:09:34,True,0.4546,0.001445,2422.19,3.5,0xda...c952,https://bscscan.com/tx/0xc44156ea51e7d67a9bc27a8a8c037f5a67f6f557c2a08d16243d49bb8c07bf27
2023-03-27 17:09:34,True,0.4545,0.001444,3461.07,5.0,0xed...4f31,https://bscscan.com/tx/0x1c5f76141d2aef94883a34278920fccfe73cd1b2dc4539a5dc774514734963e0
2023-03-27 17:09:34,True,0.4543,0.001444,8093.53,11.687,0xd3...ec6f,https://bscscan.com/tx/0xb78f796546bd69ee4cca45c19015e63bf05485582f296f754b4aa93106b4355b
2023-03-27 17:09:31,True,0.4564,0.001442,19954.4,28.7824,0xd3...ec6f,https://bscscan.com/tx/0x66e13d86ec2cbb5f87f05dea3561d419bb5c97d02468c0eda62f1ac1b5b4c89d
2023-03-27 17:09:31,True,0.456,0.001441,3469.59,5.0,0xda...6e1f,https://bscscan.com/tx/0x295a37bf602ba8bf13d0da3a21abfbd7a6ce6db6583366c8d9c346485eef6160
2023-03-27 17:09:31,True,0.4559,0.00144,2429.27,3.5,0xda...c952,https://bscscan.com/tx/0xeaf99e81af9cba3669069af48b0472b92a06333f40f6bdb10c9fda4bae1d50be
2023-03-27 17:09:31,True,0.4558,0.00144,3471.19,5.0,0xed...4f31,https://bscscan.com/tx/0x5a74a1af7e64caa1d6c48ca411ccdd9b9836e08e6d1e37d75ed7d3c0d6310cc3
2023-03-27 17:08:58,False,0.4533,0.001433,416.814,0.5973,0xd3...ec6f,https://bscscan.com/tx/0x97cdd88feab545e3289ccc4e786fcf21a78a33ba4fdf61bfe6228aff0fab1586
2023-03-27 17:08:43,False,0.4513,0.001433,6168.78,8.84254,0xd3...ec6f,https://bscscan.com/tx/0x2fe8a02111170e89ceeb7e8358550309ccb689a41aad9883a95d3cc5dfcc972a
2023-03-27 17:08:43,False,0.4515,0.001433,831.0,1.19151,0x7a...c707,https://bscscan.com/tx/0x512e5b01a9498cf39c147c72e3e4e0c705069d14cefe14ffc9f0f6bfea68be3f
2023-03-27 17:08:40,False,0.4515,0.001433,318.124,0.4561,0xd3...ec6f,https://bscscan.com/tx/0x144119e5dd271fcfcc7056cf5c62d03d82edf5be6a8c690e0780e189ce0bbe05
2023-03-27 17:08:13,False,0.4541,0.001434,4140.93,5.93866,0xd3...ec6f,https://bscscan.com/tx/0xd7c4e1a85070ca5fda18fde56d5611c6229fec04eb41059dddefc67c1c8f9116
2023-03-27 17:08:01,False,0.451,0.001434,1873.85,2.68798,0xd3...ec6f,https://bscscan.com/tx/0x256fc7d959d37682789a3ecff3d4b13ce6670170c9a304a14898a232af792bd2
2023-03-27 17:07:58,False,0.4511,0.001434,1871.48,2.68497,0xd3...ec6f,https://bscscan.com/tx/0x1e20cea8e3656d99656df7cb4090c7ab0ea8daf9d023a56d3f6c18cb6f75e670
2023-03-27 17:07:28,False,0.4534,0.001434,1615.99,2.31875,0x4d...57f6,https://bscscan.com/tx/0xf2b84ed2b95495d69620365614f2948291ec81f4449f28a87d6be92600369bdf
2023-03-27 17:07:19,False,0.4534,0.001435,2433.4,3.49218,0x03...9fa1,https://bscscan.com/tx/0x6acc961b6e6a410b15250b9cba9a661f3b88fe001a2744091424c3491784c321
2023-03-27 17:06:19,True,0.4555,0.001442,2.93292,0.0042,0x06...84bb,https://bscscan.com/tx/0xbb8278478ff91ce66f23a2ba187b8343e41e53db3a6e7103a0182bf87e3edc43
2023-03-27 17:05:37,True,0.4556,0.001442,39.2813,0.0566,0x1b...f139,https://bscscan.com/tx/0xc2247a2e8b8c9ea6f3542c0ab0cd48e84c16eb42107bf376b23376c79ddc8f42
2023-03-27 17:03:32,False,0.4558,0.001435,4785.09,6.869,0xd3...ec6f,https://bscscan.com/tx/0x2199b4976d04df0c7ad86e8b6205864b6481da243edf9ce51270c3fb2f667fd9
2023-03-27 17:03:20,False,0.4554,0.001435,1103.58,1.58456,0xd3...ec6f,https://bscscan.com/tx/0x7805da9fca5529427d735542056798029d6739ed51bbd609f7d906d2d887eb81
2023-03-27 17:03:17,False,0.4555,0.001435,322.933,0.4637,0x3b...8523,https://bscscan.com/tx/0xaba2a926fca0fa9f2d25faba11bd4ef40e7c23b19e49ba71f7f9ccb0d67347ad
2023-03-27 17:03:17,False,0.4555,0.001436,1909.2,2.74168,0x00...78d2,https://bscscan.com/tx/0x0fdcb8820a13e0c141052c8b518e9ec5d821706bb0598ddbb0b397d626c39dd1
2023-03-27 17:03:14,False,0.4558,0.001436,1428.21,2.05123,0xd3...ec6f,https://bscscan.com/tx/0xddfc94f7675f0c655dfb1a1cb05600f57537c04ac502289f91bdbe214c7268e8
2023-03-27 17:03:14,False,0.4559,0.001436,2646.5,3.80156,0x05...7eea,https://bscscan.com/tx/0x06527c503d2a5c386dbb84a50432b80f4cf8fe1b429f7ea3f890cebb7a649eba
2023-03-27 17:03:11,False,0.4559,0.001436,1076.92,1.54716,0xd3...ec6f,https://bscscan.com/tx/0x01ebcba9442d203cdd0b19f81b426af608b9a459ef95e77b04304e6b10507522
2023-03-27 17:03:11,False,0.456,0.001436,1677.6,2.41039,0x00...78d2,https://bscscan.com/tx/0x05a935b6d7be71839d1057a7aad00cad91f921a0022b8b5845046296e8c38586
2023-03-27 17:02:53,True,0.4561,0.001444,27.1123,0.0391,0x13...bcee,https://bscscan.com/tx/0x480a1cf41a90631990fd9695eb16e8809890348fe232878181bdb510647e6a9d
2023-03-27 17:02:50,True,0.4561,0.001444,22.4983,0.0324,0x52...8d7e,https://bscscan.com/tx/0xf6d0aacdddee7a23eda17d2a96ebe7eef1ece9192d1fb86d6c4049434b1533ee
2023-03-27 17:02:44,False,0.4575,0.001437,1196.9,1.7199,0xd3...ec6f,https://bscscan.com/tx/0xdc3a4158bd51ea0210eaa848ae465dc0b01104b97ccd12e420a333c855157867
2023-03-27 17:02:14,True,0.4578,0.001444,38.2973,0.0553,0x3d...0abe,https://bscscan.com/tx/0x3f96949af44f8cbc6f6e7511d3460617ec5d5da6ef48e6eb189c7f00419b4dd0
2023-03-27 17:01:51,False,0.4556,0.001437,3165.01,4.54876,0xd3...ec6f,https://bscscan.com/tx/0xbe95c0bae2712f0f21232fcfc402e1aee178fabb19690da1925e1114fc455392
2023-03-27 17:01:48,False,0.4558,0.001437,4422.1,6.35734,0xd3...ec6f,https://bscscan.com/tx/0x6ccb1fa77ca174524cc6ca165d58ebf44e9df589b62f53b8e8c0d55a08705601
2023-03-27 17:01:42,False,0.4573,0.001438,10072.4,14.4886,0x3f...573a,https://bscscan.com/tx/0x9daad07887197ed94e37f9a513b780f1245effe9a930dc3efce2e7dc5f4d7797
2023-03-27 17:01:42,False,0.4575,0.001439,4150.58,5.97368,0x52...1c7e,https://bscscan.com/tx/0xccb4f706f69349b37493fb12a79ced080b451941a16e43fd0ed863e592d92916
2023-03-27 17:01:12,True,0.4595,0.001446,649.832,0.94,0x70...8487,https://bscscan.com/tx/0x1f87580265b302eaaf26ebe5f5e6541b950e02ca8377ca231aa06438fa907036
2023-03-27 17:00:42,False,0.4597,0.001439,13.22,0.019,0x4d...57f6,https://bscscan.com/tx/0x619e0a1961c2dcc2c5078c4881d5b38c6ebe7a591962442e38d786b4e17efe99
2023-03-27 16:59:18,False,0.4629,0.001439,8301.41,11.9529,0x0c...8533,https://bscscan.com/tx/0x7f2c654955630d4079a0c1550fe1bb48e8413385de08a3fa3fb2cc2deffd8fc9
2023-03-27 16:58:39,True,0.4666,0.001447,6910.04,10.0,0x3f...573a,https://bscscan.com/tx/0x9897d7a9d022a2316e4df0986e9ee0992443a6870c45987322e0b9deaddc95fa
2023-03-27 16:58:36,True,0.4664,0.001446,1960.75,2.83655,0x0e...7558,https://bscscan.com/tx/0xa8d75ff1f683646dc78ebceb55a7145db30a640a36d7b668ae7519eed68340ff
2023-03-27 16:58:30,True,0.4663,0.001446,2419.77,3.5,0x8d...1b76,https://bscscan.com/tx/0xb52ffa2b0986505fab51caced6064b187a0ba328c6ce23e27d1613713d3aead0
2023-03-27 16:58:24,True,0.4681,0.001446,4149.24,6.0,0x2f...e155,https://bscscan.com/tx/0xbd1e219695c36b2356241baecdb70345dc55241b1faf0b404d9aa9d396762156
2023-03-27 16:58:21,True,0.468,0.001445,4150.58,6.0,0xda...6e1f,https://bscscan.com/tx/0x54b7bcc8c4af17a1e5799102dfa4138d6512a8ef88cbe16743d2fbba63b24a20
2023-03-27 16:58:12,True,0.4681,0.001445,776.214,1.12186,0x3f...573a,https://bscscan.com/tx/0x20a5e02f4dde31f829318d505930206e1f6e4445f567e5f9e98caba27592e71c
2023-03-27 16:58:12,True,0.4681,0.001445,4152.18,6.0,0x0c...8533,https://bscscan.com/tx/0x0c1cda9a5a660bbcfb942cf7f285f5aa61bb798ef9b03fc1294ed9aeeecb0864
2023-03-27 16:58:12,True,0.4677,0.001444,12923.0,18.6615,0xd3...ec6f,https://bscscan.com/tx/0xb52f45ce8f1eebeaa8f5e5d78a64fd5367522aaf128a11fa085c32873018ecd1
2023-03-27 16:58:09,True,0.4673,0.001442,9505.73,13.7149,0xd3...ec6f,https://bscscan.com/tx/0x8f1a9a1032f4fd68f68e4a2536394afba4112ae765d0bccef716878fd60360fd
2023-03-27 16:58:06,True,0.467,0.001441,6835.8,9.8564,0xd3...ec6f,https://bscscan.com/tx/0x0e3f30fb4d43262adf03c16e128a6d9e4435ea42eca357e74f65908efab16470
2023-03-27 16:58:03,True,0.4668,0.001441,8001.7,11.5308,0x83...6678,https://bscscan.com/tx/0xfe3ef661df118249218108e8c9df72643f47f979ce1e197c87115c042750be12
2023-03-27 16:58:03,True,0.4664,0.001439,13202.7,19.01,0xd3...ec6f,https://bscscan.com/tx/0xac15b3bd0f19b4088b126030bd2d3a99487ea80e54b3099dafd9754101647ea2
2023-03-27 16:58:00,True,0.4661,0.001438,4882.29,7.02484,0xd3...ec6f,https://bscscan.com/tx/0xa059c53b294709cef522abacd562236799b0863ffe696013212a7c6bf5b7e059
2023-03-27 16:58:00,True,0.4659,0.001438,1042.75,1.5,0xbb...6b04,https://bscscan.com/tx/0xafd9d6be862187dbde385d2585107b749973306a0b83412503316cdfcbd1446e
2023-03-27 16:58:00,True,0.4659,0.001438,2433.4,3.5,0x03...9fa1,https://bscscan.com/tx/0xa761907f16c9f97ef0111050a0bd9be257921f85bc2d687b3c239428f08df377
2023-03-27 16:57:57,True,0.4674,0.001437,9399.7,13.5135,0xd3...ec6f,https://bscscan.com/tx/0x1743dbb884d93e06e2a3da64c77eb23f219dbcdd2c0a3fcd6250ae8c4f88725a
2023-03-27 16:57:54,True,0.4672,0.001437,2080.63,2.98989,0xd3...ec6f,https://bscscan.com/tx/0x60c11fbb76563a415a9c2f4096959f8ef13adb90f27af251e495ab2a193ae635
2023-03-27 16:57:51,True,0.4672,0.001436,967.5,1.39014,0xd3...ec6f,https://bscscan.com/tx/0x70227da66e8537f6885ab1e0060a95de362164ee20b1b9636a018f15732c8f81
2023-03-27 16:56:42,True,0.4695,0.001437,13.7913,0.0198,0x3a...90b3,https://bscscan.com/tx/0x4e03edda01d574a42fcb87542c7d959a27220f1c378e517410b6939d51bbc1cb
2023-03-27 16:55:00,True,0.4668,0.001436,9.84697,0.0141,0xde...367a,https://bscscan.com/tx/0x77d332eb7215e5e6cac134859ce4669f482e587e7eedd5f1d88f789221068c9d
2023-03-27 16:53:12,True,0.4671,0.001436,1825.0,2.62194,0xd3...ec6f,https://bscscan.com/tx/0x61c781e0dee2dc70cf17424d958cafa5d599fc9fed34e8c60955058678f8b156
2023-03-27 16:53:09,True,0.467,0.001436,1825.0,2.62157,0xd3...ec6f,https://bscscan.com/tx/0x0ca54bf90ddab98a3e5e4ce061f5ea48d5825f60e5d24787effecbdf7f9d60c7
2023-03-27 16:51:36,True,0.4672,0.001436,57.0,0.0818,0xe5...4cf7,https://bscscan.com/tx/0x898855e031fb5292c5a79c16f3282050a70ae00c30b792658a5580137edb4a02
2023-03-27 16:51:12,True,0.4672,0.001436,150.0,0.2154,0xe5...4cf7,https://bscscan.com/tx/0x67c3b9f9fca3c33f826b644c7a898d26736e1b98d3f068b2c339d3a34af5684c
2023-03-27 16:51:09,True,0.4671,0.001436,31.2958,0.0449,0x00...41f6,https://bscscan.com/tx/0x559aa8bbcfc67e9524517e2c707e7f4042fb8c9cc0c1d2f7ab300ae95da2925b
2023-03-27 16:51:09,True,0.4671,0.001436,47.9959,0.0689,0x00...1fab,https://bscscan.com/tx/0x566dee2e13eed6c7a664aa72574f90823a3fae5644fbd515b6e5978d43fc63a5
2023-03-27 16:51:09,True,0.4671,0.001436,120.908,0.1736,0x0e...2f4c,https://bscscan.com/tx/0x5af204bf4d132d73658737ca3fc7fcdbcb5d53b58a92fbd5ee91ba6d50c06e98
2023-03-27 16:51:00,False,0.4661,0.001433,71672.2,102.717,0xa5...7db6,https://bscscan.com/tx/0xf980d4b12d86b742b3711ab0bebdd8808cd1cbb173ac681fbe9c29bb1598ec6f
2023-03-27 16:50:33,False,0.4677,0.001437,13791.6,19.8312,0xb4...71f3,https://bscscan.com/tx/0xb3a103d70cc0eb3781a18be619049cb84da94a43361d7592d5de0ecdd6cf4eab
2023-03-27 16:49:27,True,0.4704,0.001445,15.6442,0.0226,0xc1...f415,https://bscscan.com/tx/0xe9f1b5dc2163ff6be66f5fa761361516e242a60fb79b82222fb4a683d2533c0a
2023-03-27 16:48:27,False,0.4704,0.001438,78.0,0.1122,0xf5...9cb8,https://bscscan.com/tx/0x9c6046513abe454734894f0954aef3743805debeabccf4faf1800d22b5a24e43
2023-03-27 16:46:12,True,0.4704,0.001445,634.456,0.9173,0x70...8487,https://bscscan.com/tx/0xa24486b586a2e91bc13b4f062a77f734cf3f9cec3c405a9167a409a7ef32c309
2023-03-27 16:41:58,True,0.4702,0.001446,6.50981,0.0094,0x29...9a08,https://bscscan.com/tx/0x76dbec159bf71da9144fbea433a54d579c2a05dbd2b1e78678b434980fe69cc1
2023-03-27 16:37:11,True,0.4701,0.001445,9.44969,0.0136,0x14...67eb,https://bscscan.com/tx/0xe16608723713222491c71e31eb1f01685f56fd2b90901ed88eaced593926eb3c
2023-03-27 16:37:07,False,0.4678,0.001438,26.293,0.0378,0x48...01ed,https://bscscan.com/tx/0xa3a08bea3050d9ce436e4990c689270eaed2fe1ebe5441f9de34c1e7cd959eb6
2023-03-27 16:34:50,False,0.4676,0.001437,447.0,0.6427,0xde...367a,https://bscscan.com/tx/0xce96be9f7306a7a082859ee260b8c2769a375bcce00d455d3a1aefa1cc9e4e8d
2023-03-27 16:32:54,False,0.4702,0.001438,2566.45,3.69265,0x00...78d2,https://bscscan.com/tx/0x5e89010308a17355e69d2a5abc349a651df98bc4e413c22a329a7388c0d2872a
2023-03-27 16:32:37,True,0.4702,0.001446,1.38875,0.002,0xa6...6758,https://bscscan.com/tx/0x6628e4612de0fde34042c0942ad7d1f4ac160eb76f5039139b13c7b018f5d0f6
2023-03-27 16:32:31,False,0.4679,0.001439,2299.82,3.30964,0xd3...ec6f,https://bscscan.com/tx/0xbc5671eff78bf1ed8c2dfa124a789b0593f75db9e743019a32e43df7b37eac23
2023-03-27 16:31:44,False,0.4684,0.001439,1400.8,2.01617,0x82...2196,https://bscscan.com/tx/0x815a441b54df6f2931f1c801d678f74188cc34430253067f4b2217217d34dc48
2023-03-27 16:31:08,False,0.4684,0.001439,1396.8,2.01063,0xa0...cc8d,https://bscscan.com/tx/0x24f4dc88439508d0f211565f9ce37a4a57d820692107d173bb649f6e0c951580
2023-03-27 16:30:44,False,0.4708,0.001439,3142.93,4.5249,0xd3...ec6f,https://bscscan.com/tx/0x8854ee10ff2a6fa1f514159263298c3e029af1f4fea106a69427584294bb43e2
2023-03-27 16:28:23,True,0.4732,0.001447,681.7,0.9864,0xd3...ec6f,https://bscscan.com/tx/0x44a749b79089904346fec8bf56f1c8e9f5e5ee9c482e8068e32f555033091e49
2023-03-27 16:28:20,True,0.4732,0.001447,614.2,0.8887,0xd3...ec6f,https://bscscan.com/tx/0x40f71a68b52f31f2065bea6ee509d211e9dc8bfba6f9b91eabee32beceebdf8e
2023-03-27 16:28:17,True,0.4732,0.001446,614.2,0.8887,0xd3...ec6f,https://bscscan.com/tx/0x9e67105185b4c64a04e9ba61422c0260d02948c4f4b4499d2ab91713d39b099c
2023-03-27 16:28:14,True,0.4731,0.001446,614.2,0.8886,0xd3...ec6f,https://bscscan.com/tx/0xd2fed1dbb692b132f385b3601e99ef31e3beb206448e7abc7099957cc0db327c
2023-03-27 16:28:05,True,0.4731,0.001446,614.2,0.8886,0xd3...ec6f,https://bscscan.com/tx/0xcb31533cce586c55ef2c42f2691da18d4b8d60ffa09bd241b13a9aa4b9b078dc
2023-03-27 16:27:47,True,0.4707,0.001446,714.5,1.03368,0xd3...ec6f,https://bscscan.com/tx/0x0569af9d9888eaa9eee3c9c25df394dd939a23918aed6deb1354e5528aea328f
2023-03-27 16:27:44,True,0.4707,0.001446,714.5,1.03362,0xd3...ec6f,https://bscscan.com/tx/0x4933dc377c567903c17e3f0430bade8943481568274b853f2d90626a46ffe6b8
2023-03-27 16:27:41,True,0.4707,0.001446,714.5,1.03356,0xd3...ec6f,https://bscscan.com/tx/0x3981e6037f8500a965250e20cc897bf15bc01c1612925018774d3d557e4d02e3
2023-03-27 16:25:38,False,0.4689,0.001439,1044.58,1.50351,0xb0...a41e,https://bscscan.com/tx/0x596cc9eb99aec4ce030ea40fa15b7f44432860bfe2ea15c225d839552bad5ee6
2023-03-27 16:25:35,False,0.469,0.001439,2193.2,3.15718,0x16...4027,https://bscscan.com/tx/0xd02bed27142c722695f6610e6f1a190f9257c6c88df36619300da3bb2fc37c43
2023-03-27 16:25:32,False,0.4691,0.001439,1904.66,2.74225,0x6b...17af,https://bscscan.com/tx/0xfcac5e2e9199704628e11a573d883bcd9a12ebe3906a7cbb9c0d30fb0cf654ab
2023-03-27 16:25:29,False,0.4692,0.00144,2559.03,3.68503,0x16...4027,https://bscscan.com/tx/0x89854cf3f880b426f0ca297fc8e9e04b2c7f14a42e9bc4475a99c65200bc747e
2023-03-27 16:25:29,False,0.4693,0.00144,6184.2,8.90836,0xd8...bcda,https://bscscan.com/tx/0x4e03cfa782e848ce4a0c2d20d7b460bb487dadb01eeec4a4b63b57f00e103c4d
2023-03-27 16:25:29,False,0.4695,0.001441,2086.21,3.00616,0xb0...a41e,https://bscscan.com/tx/0xcbd53c992e29406332fb1706ecfa68c55fdd822bb411b13dcadf1790eef4e330
2023-03-27 16:24:29,False,0.4695,0.001441,229.0,0.33,0xc1...f415,https://bscscan.com/tx/0x0cec77e5a3f482a498b5b10c5f16e3333ba52ebd768c5c89dafde2b7329c90c0
2023-03-27 16:24:23,False,0.4695,0.001441,36.4793,0.0525,0x0b...525c,https://bscscan.com/tx/0xbe1174fae4d9f9a9f162bb86440137f0fa55287dfaa922a8dc33a98b9dfdb445
2023-03-27 16:22:38,True,0.4749,0.001448,78.2399,0.1133,0x88...b865,https://bscscan.com/tx/0xd6a2ec7a7985883911513ebedc1cdb38ea58eb900c938a06e327ead26ead48e5
2023-03-27 16:21:32,True,0.4727,0.001448,41.4269,0.06,0xd6...3973,https://bscscan.com/tx/0xc67afdd90a393a6e6130249199b6100ea034f23682e0c58951c37551c384c693
2023-03-27 16:19:26,True,0.4732,0.001448,508.415,0.7363,0x15...a42e,https://bscscan.com/tx/0x5b611c1ac2d42dde7260a55444b03e8de9d8fecd1d09f31203bc2a379886e2bc
2023-03-27 16:12:29,False,0.471,0.001441,149.0,0.2147,0x6d...b1ad,https://bscscan.com/tx/0x60dc60a736021cb5b8b2c2794b92bfa01b5a905ac2494dce2b4ef2d434ae42fc
2023-03-27 16:10:53,True,0.476,0.001448,158.142,0.229,0x33...8082,https://bscscan.com/tx/0x25c120430cbd77b92054bed01230f084da6792330831a95ed0c17aa04b5dd44c
2023-03-27 16:10:47,True,0.4762,0.001449,13.6818,0.0198,0xa3...6cfc,https://bscscan.com/tx/0xf4fc8176faed4f80d8451f64c4d6a0e40d579562184b3408c99d950232eab0d5
2023-03-27 16:09:38,False,0.4713,0.001441,543.987,0.7839,0xd3...ec6f,https://bscscan.com/tx/0x4ad047afa2ce22a7c48c79be48f085aea5a19cfce630342e2f3ec8a37b85186a
2023-03-27 16:09:38,False,0.4713,0.001441,935.1,1.34762,0x82...2196,https://bscscan.com/tx/0x19289463f7adff4fe29b46b260f391d7533c61be82be03a6f32f3bfbc5c7312e
2023-03-27 15:48:47,False,0.4737,0.001441,222.0,0.3199,0xe4...8e52,https://bscscan.com/tx/0x055165d0d30a024dbeaf36109ec9a57ddefc382da31d74afaef9c46913b6e7ba
2023-03-27 15:40:44,False,0.472,0.001441,17.8842,0.0257,0x42...21fd,https://bscscan.com/tx/0xe6032e185cd03130597fc51f058e772ed2a777f908f6a034288c10d21f6759bf
2023-03-27 15:37:32,False,0.472,0.001441,23.2977,0.0335,0xb4...6d63,https://bscscan.com/tx/0x230caeb5cfbf4ba90254d5cb871839636d473e885e639e3ed3bc903f848f3ad9
2023-03-27 15:36:23,False,0.4744,0.001441,125.546,0.1809,0x42...21fd,https://bscscan.com/tx/0x42c11226ad0003b8080fc2183061fc9c439545fc1464f7614db0e711729066da
2023-03-27 15:32:08,False,0.4721,0.001441,69.7874,0.1005,0x9f...f48f,https://bscscan.com/tx/0x1a515ff677fcd3c84beabfebb3e77e3e9281a4670c7f1342b4b03cb28da4ed09
2023-03-27 15:30:35,False,0.4745,0.001441,69.2615,0.0998,0x42...21fd,https://bscscan.com/tx/0xf52473e006866ff5079d5c11f4b099b3bd1e64cf5c0bbb873c80cf80edfe7c3b
2023-03-27 15:22:26,False,0.4721,0.001441,500.0,0.7206,0x2d...ce9e,https://bscscan.com/tx/0x6ea373af6b963f6a2f8c2a8bf5d198128e7fd74e64197ead4909b6d7ae4d9674
2023-03-27 15:21:20,False,0.4721,0.001441,100.0,0.1441,0x2d...ce9e,https://bscscan.com/tx/0x3ecb10b80b52eba9e08a70284105d4fe9deab68aa75d664ffd7b48dd756ef16d
2023-03-27 15:14:10,False,0.4719,0.00144,62.1272,0.0895,0x18...dc06,https://bscscan.com/tx/0x600715934db1a6efe08c3b7c21701923faef58bfd382ca3867113fc1c8694a85
2023-03-27 15:13:22,False,0.4722,0.001441,66.2377,0.0954,0xf3...ef15,https://bscscan.com/tx/0x4a8fd29bd96800daa0e5aa5820e3de9da63c13b895523dc8be723c42949494ff
2023-03-27 15:12:55,False,0.4723,0.001441,2356.43,3.39675,0xd3...ec6f,https://bscscan.com/tx/0x82a3116b1e276c80660b8c0c4b20cbfb1ae4176303aef3e111f21ff0d28865bd
2023-03-27 15:12:52,False,0.4721,0.001441,2398.28,3.45771,0xd3...ec6f,https://bscscan.com/tx/0x6e2e5229ffe6cc7e7d5ab92c8d74c634dcb1e3808acf1999f5ee444cc7c62fef
2023-03-27 15:11:34,False,0.4724,0.001442,2356.38,3.39793,0xd3...ec6f,https://bscscan.com/tx/0x7fae6b02b3443f447f3cfc7b2444690928d974222b122f9f54a0fa4a9b6a7a08
2023-03-27 15:11:16,False,0.4725,0.001442,2398.85,3.45982,0xd3...ec6f,https://bscscan.com/tx/0x88f83e80e1b353c44b5013c094c34c17934238961e909972a36cb964cab58dad
2023-03-27 15:11:13,False,0.4726,0.001442,2398.4,3.45982,0xd3...ec6f,https://bscscan.com/tx/0xf56320ee14559d7a5fd7e56cd62d099fbe3df86417139c1587b246e6501ae4d3
2023-03-27 15:11:07,False,0.4727,0.001442,2398.68,3.46088,0xd3...ec6f,https://bscscan.com/tx/0x40ab51892cf8734e889b6b5c57f6106258d322499f8a2034e2b8449495b8fc0c
2023-03-27 15:11:04,False,0.4728,0.001443,2398.24,3.46088,0xd3...ec6f,https://bscscan.com/tx/0x2f981b652905c95a2e46f9a236c63cc7d99e45f2a882acad4f4ddfae77ffd2e5
2023-03-27 15:10:31,False,0.4752,0.001443,2144.81,3.09571,0xd3...ec6f,https://bscscan.com/tx/0x66e7899b736dae9a92aa75423237f2d9c246a3928ac5f08672cabc9e75ed2265
2023-03-27 15:07:19,False,0.4729,0.001443,20.0,0.0288,0x02...f2c0,https://bscscan.com/tx/0x997871696e422ce9aa4ff7db71480a94b98f93d92f221a43e33a6f7c99f9844d
2023-03-27 15:07:04,False,0.4753,0.001443,78.1978,0.1128,0x02...f2c0,https://bscscan.com/tx/0xfb68da1d4266721eb541f1220010f3b1c7921942d6e42a036bed0c9937dd56eb
2023-03-27 15:04:03,False,0.4729,0.001443,4.47857,0.0064,0xe1...ce1c,https://bscscan.com/tx/0x8287630ec8979bc5bd814be0a240052d906bcfe94f47a70b3874a253d207ae70
2023-03-27 15:03:39,False,0.473,0.001443,2840.75,4.10102,0xd3...ec6f,https://bscscan.com/tx/0x77f0672444fc8d3c28c0291e0c0705c6c3010bb45880d3d2ea0a8c00a80b310f
2023-03-27 15:03:18,False,0.4731,0.001443,1679.2,2.42459,0xd3...ec6f,https://bscscan.com/tx/0x6bb7ca98e1dfd3c93be93f965612da05c89333091bf283ded107a065e94fd23c
2023-03-27 14:59:15,False,0.4731,0.001444,1329.9,1.92046,0x2e...f345,https://bscscan.com/tx/0xf3dd9533995b742150f9b3cf1a9fab3eed98f5b6ed6f4cc5cd88d3d693ee8d87
2023-03-27 14:58:18,False,0.4732,0.001444,422.445,0.61,0xd3...ec6f,https://bscscan.com/tx/0xf4d25e8665c05c770b73cf84ea500be1a6c11410a2aeab42c7bff457eda01263
2023-03-27 14:58:03,False,0.4732,0.001444,46.4621,0.0671,0x02...10db,https://bscscan.com/tx/0xd5638559a5451b48332e77706a28e26cfedbbd37089af1cf5d7f3100f75d2218
2023-03-27 14:54:30,True,0.4754,0.001451,137.385,0.1994,0x56...5cd6,https://bscscan.com/tx/0xd1693d39fd2aa0490832e3b085998f0ef4d4b359dc5543da3a28ed943a951caa
2023-03-27 14:54:00,False,0.4754,0.001444,422.178,0.6097,0x2d...ce9e,https://bscscan.com/tx/0x7b1ed067e5e7b7c030a78b69f614cce9f50a37008a79f2c427ca0fee87fe4530
2023-03-27 14:51:21,False,0.4756,0.001444,2721.5,3.93088,0x0e...7558,https://bscscan.com/tx/0x976fe5cff7b410864d83ab41dbacdffbb003350d58ab794cb7939b073ce500d1
2023-03-27 14:51:18,False,0.4733,0.001444,2619.17,3.78386,0xd3...ec6f,https://bscscan.com/tx/0x3abc10b7561f1909f907f922eac7b93b1c6e1ee1791f288523575a2137f53fa5
2023-03-27 14:51:15,False,0.4733,0.001444,1302.5,1.88198,0x3a...231f,https://bscscan.com/tx/0xa95a8c6380b69e000a8a0ec65a93ad262e30fc0b5557ba6f941c71ffe02153f5
2023-03-27 14:51:15,False,0.4734,0.001445,2528.51,3.65399,0xd3...ec6f,https://bscscan.com/tx/0x1cc6d4b27846034440c8b799df9982199569c42f887ae23da815245918ddb247
2023-03-27 14:50:27,False,0.4758,0.001445,560.941,0.8107,0xd3...ec6f,https://bscscan.com/tx/0x5ce497cd76461de5e54474bb1873656f125912c9c062480ec11ec79487f91c87
2023-03-27 14:50:09,False,0.4735,0.001445,3008.42,4.34865,0xb2...1fdd,https://bscscan.com/tx/0x492d2b95fab04e8a9bbcb6aadccd6507858ad58f37cad1f7d7899526f21de190
2023-03-27 14:49:36,False,0.476,0.001445,2408.29,3.4819,0x3f...573a,https://bscscan.com/tx/0x20e564d5866fc9160a2e92f43a385c56c1ceaf234752e544338a4e02238a5165
2023-03-27 14:49:36,False,0.4761,0.001446,2406.93,3.48059,0xda...6e1f,https://bscscan.com/tx/0xa698139c32e34a60ed69e810263f336dcaf390305d86a80339b78043fe9b1bbd
2023-03-27 14:49:36,False,0.4762,0.001446,2407.38,3.4819,0x0c...8533,https://bscscan.com/tx/0x1eee8dec97e3581c278ae2d95994337da12eedc46f4cd52289885ee84cb01bac
2023-03-27 14:44:42,False,0.4765,0.001446,105.237,0.1522,0x2d...ce9e,https://bscscan.com/tx/0xba2bdfae297900021153ee66e3f4c9e6de4581dbbb49b6a9c580557e5b2e6023
2023-03-27 14:41:06,False,0.4761,0.001445,5.0,0.0072,0x80...2931,https://bscscan.com/tx/0x1918ee7567be0b7a8497c710e5de44c5d4bd236424dd7142bafbd641c91bebec
2023-03-27 14:38:42,False,0.474,0.001446,23.1457,0.0334,0x02...10db,https://bscscan.com/tx/0x96b9fe3be601752f382b83e27120c0d58e9f6546484c4b3b1255d2a2821a41f6
2023-03-27 14:36:00,False,0.4763,0.001446,78.1197,0.113,0x04...bbb0,https://bscscan.com/tx/0x459772c5b4f82727d3c11f7833942e588ffd31f282438d760b819c400648d1dc
2023-03-27 14:35:18,False,0.4739,0.001445,25.0,0.0361,0x6b...f329,https://bscscan.com/tx/0xbc790f2862aaec6777147908d1385f338acc4af57bee61d0633913569e3b7276
2023-03-27 14:33:06,False,0.4765,0.001445,87.0,0.1257,0x75...5f6f,https://bscscan.com/tx/0xcafbebcc5d1392cad80ec9d218a180a94e95648c5b556e792fd7483595a2401e
2023-03-27 14:32:42,False,0.4763,0.001445,15.0,0.0216,0x6b...f329,https://bscscan.com/tx/0x14e5f2b8ae87713be84466ef14fb59ddf88fdefea1b4b398cf85bc32285935d0
2023-03-27 14:25:39,False,0.4773,0.001446,7200.0,10.4179,0xa6...76de,https://bscscan.com/tx/0x0efebda1b143cab8931b3d2834456096386a791c40f5b4b8f9e9e33b262d44ce
2023-03-27 14:22:39,False,0.4774,0.001447,8.5,0.0123,0x02...10db,https://bscscan.com/tx/0xda0b9fff5168fc5fc478b15f8956e7c227bc2d764de8189e001dd285ac709d04
2023-03-27 14:22:15,False,0.4751,0.001447,2407.84,3.48527,0xed...4f31,https://bscscan.com/tx/0x6b69ceb8727070a29a274c2a1925d97184211ba6969941aab487234cbab3a173
2023-03-27 14:18:57,False,0.475,0.001447,56.2139,0.0813,0x39...611a,https://bscscan.com/tx/0xda01c9b88f0fc585d311ede8fe6ec33f5fc942ceb674985dfd1eb188685ec796
2023-03-27 14:15:39,False,0.4773,0.001447,1105.68,1.60066,0xec...c760,https://bscscan.com/tx/0xeadcc0a296576c5309d041602fb809e7622798308cdc41811f019e43dceb1f68
2023-03-27 14:11:57,True,0.4771,0.001454,2408.9,3.50462,0xef...cab1,https://bscscan.com/tx/0x3062a84b699534b1dd1b767481b8209b6f09b7f941138d5f4e9e5bd189740279
2023-03-27 14:11:54,True,0.477,0.001454,3992.08,5.80648,0xa0...cc8d,https://bscscan.com/tx/0x8a4e4d756abeb3c0b1ad08db2a58bd9650a620d9a0cc0ba891fcbc50e2db9072
2023-03-27 14:11:51,True,0.4768,0.001454,2406.93,3.5,0x52...1c7e,https://bscscan.com/tx/0x9cc400aba01a187125f721a6d3404af85c24e65b7617269a8ba058d794d58d93
2023-03-27 14:11:51,True,0.4768,0.001453,2407.38,3.5,0x0c...8533,https://bscscan.com/tx/0x668c3f18f5ef91881a7c5220ce9df3d1da3771dc01c6b092a9cff19d5189a9d0
2023-03-27 14:11:51,True,0.4767,0.001453,2407.84,3.5,0xed...4f31,https://bscscan.com/tx/0xb3199ac07232efe3fe4894c10fd9fc9d3db92e9b21321c40c75d57259f33088b
2023-03-27 14:11:51,True,0.4766,0.001453,2408.29,3.5,0x8d...1b76,https://bscscan.com/tx/0x47ef6bbe89e1a1da931556a101443e2360207d359fd74926d742b534433582a0
2023-03-27 14:11:51,True,0.4765,0.001453,2510.95,3.6485,0x00...78d2,https://bscscan.com/tx/0x0c473c8ce1c320950136351c783b35a3b5953965d5c84cff27d5ce4b757f71cc
2023-03-27 14:11:51,True,0.4763,0.001452,8908.0,12.9378,0xd3...ec6f,https://bscscan.com/tx/0xadb286a8aeac6b56c2877fbc0f0bb3351a87aaa146f42fed1bdabb680c3ebae5
2023-03-27 14:11:30,False,0.4739,0.001444,136.872,0.1977,0xb2...1fdd,https://bscscan.com/tx/0x524619de7d1ed5245f71bcdf9149281b55c0899bb1cbf9459ced714c16a5b60e
2023-03-27 14:11:00,True,0.4761,0.001451,9830.26,14.267,0xd3...ec6f,https://bscscan.com/tx/0xe19d1f72c5e8e6b51bfaaee8e118bd9cfc9b857686bf4ba1a2920b2f33424598
2023-03-27 14:09:30,True,0.4782,0.00145,2423.24,3.51525,0x3a...231f,https://bscscan.com/tx/0x33f93da70f4ca51e73a9cd1cf8a5ea59219b82888bb9de150dbae822e68ea7c5
2023-03-27 14:09:30,True,0.4781,0.00145,2423.7,3.51525,0xd3...ec6f,https://bscscan.com/tx/0x29d7ba3270cf4d133a94e44329314056b60799bcb25a69025eb36a640bbaa26b
2023-03-27 14:06:12,False,0.4756,0.001443,10.5634,0.0152,0x11...7789,https://bscscan.com/tx/0xd87af46e13aaa5c17b86c9dc07b329f586eb040dac0624b6978cebe1c0a88233
2023-03-27 14:02:54,False,0.4732,0.001443,10.5627,0.0152,0x11...7789,https://bscscan.com/tx/0xce941c113f08e0498f84932be3676648d8250621a58740f01e245be5df433de2
2023-03-27 14:02:39,True,0.4754,0.00145,928.7,1.34678,0xd3...ec6f,https://bscscan.com/tx/0xaf864b1136854eedf2e576855ebb2df238b9191ad2ccf326a9b499f12b1fb5dc
2023-03-27 14:02:36,True,0.4754,0.00145,928.7,1.34668,0xd3...ec6f,https://bscscan.com/tx/0x2881609c6fe8101b366993569112d769414c8d533d460609b70b5552103c95a6
2023-03-27 14:02:33,True,0.4753,0.00145,928.7,1.34658,0xd3...ec6f,https://bscscan.com/tx/0x8717c9d37f82662fa0168e22b07a5acec9e1b834cf9c67199e4c34f1c5a54100
2023-03-27 14:02:30,True,0.4776,0.001449,928.7,1.34649,0xd3...ec6f,https://bscscan.com/tx/0x5a55907ebefb20984c5aa5b6b7a1eb4b85e880679e535352762c87ca87f041bb
2023-03-27 14:02:18,True,0.4775,0.001449,488.9,0.7088,0xd3...ec6f,https://bscscan.com/tx/0x15ffac0a0a9aee6fec1c6385a2e6f30b7e4377bf18439109f3e0ea910f18a2e2
2023-03-27 14:02:15,True,0.4751,0.001449,488.9,0.7087,0xd3...ec6f,https://bscscan.com/tx/0xb04a8c42fe03bb1b39491f03934744e8f7dd6b9987b66322661bad61cb2f9387
2023-03-27 14:02:12,True,0.4751,0.001449,488.9,0.7087,0xd3...ec6f,https://bscscan.com/tx/0x6907425d33159b48e3103be1374100906b8f837bd43f8cedbbfda46e1c276411
2023-03-27 14:02:09,False,0.4727,0.001442,8.45416,0.0121,0x11...7789,https://bscscan.com/tx/0x8b3a52a0c4570288cb6327522b3620cc9825c806587ded046b2beed8ff4a0f33
2023-03-27 14:02:09,True,0.4751,0.001449,488.9,0.7087,0xd3...ec6f,https://bscscan.com/tx/0x0abdd0d03fd2362ff4bde7df87bf93d357d53be77b42251474a7d10bab1b9552
2023-03-27 14:02:06,True,0.4751,0.001449,488.9,0.7086,0xd3...ec6f,https://bscscan.com/tx/0xd78f3a29f4592d389efbf74af3853a5f4fa937c0884e5eec203b8be6dd0cd141
2023-03-27 14:02:03,True,0.4751,0.001449,488.9,0.7086,0xd3...ec6f,https://bscscan.com/tx/0x150abc3ddef383c3e4e8bfbd40a5ada62cdf540eef5628f60ee6cfc23c7177b1
2023-03-27 14:02:00,True,0.4774,0.001449,488.9,0.7086,0xd3...ec6f,https://bscscan.com/tx/0xfbd9a5dc62076d68a149d28ed89e56585825974bf9170856345e103c2e4067db
2023-03-27 14:01:57,True,0.4774,0.001449,488.9,0.7086,0xd3...ec6f,https://bscscan.com/tx/0xed6982b8bf0ce2f28518d21c055fa2a0302625e307155548eac0c50a4a9d399a
2023-03-27 14:01:54,True,0.4774,0.001449,488.9,0.7085,0xd3...ec6f,https://bscscan.com/tx/0xab3a55250b4490f442917fff31f5ca2cce8e0b7817eec44617b4503bf1829ee0
2023-03-27 14:01:48,True,0.4774,0.001449,488.9,0.7085,0xd3...ec6f,https://bscscan.com/tx/0xfac63dc2e88be00ac0e6f54f7d61b9ad1becdbe717b6f7c9c4c24d07522b36d1
2023-03-27 13:59:42,True,0.4773,0.001449,279.3,0.4047,0xd3...ec6f,https://bscscan.com/tx/0xf41435c7ae5a886cea59d32f873c784e47c018b95bb723ce4379654c68d0a824
2023-03-27 13:57:48,False,0.4747,0.001441,29.0016,0.0418,0xcb...f557,https://bscscan.com/tx/0xee2ee33c6b7b214b01da5ccd88e54bd73ce3ac205e115ea7d6b75f818f9f7263
2023-03-27 13:51:39,False,0.4748,0.001442,36.37,0.0524,0x88...3bdd,https://bscscan.com/tx/0xee1b068be3030ea64ba96b329924b3740d0f555feb91b99455a6e86749c8b2a3
2023-03-27 13:47:00,False,0.4749,0.001442,24.3053,0.035,0x3d...3d57,https://bscscan.com/tx/0x73dfd3bf441ccf032393bfa898a387f710642aa6c98c34638c5e136c485fa0b4
2023-03-27 13:44:51,False,0.4726,0.001442,8.0,0.0115,0x11...7789,https://bscscan.com/tx/0x2024f05a7b97a6e68bf419baab8b8d5df766e64771031611ace578fdd28d4030
2023-03-27 13:42:25,True,0.4774,0.001449,43.4898,0.063,0x0a...2ecb,https://bscscan.com/tx/0x342848bf7b17de19260ea0907822c54f734f9814e6474a7fd3939f369693290e
2023-03-27 13:42:01,False,0.4727,0.001442,6350.0,9.15892,0x11...7789,https://bscscan.com/tx/0x75283498d3a59ff830fc1d241b4fb0eb123a884c0fafbd531b3ca74e359618be
2023-03-27 13:41:25,True,0.4776,0.001449,48.3467,0.0701,0x4c...c6ef,https://bscscan.com/tx/0x9b636126caa42b70512fdd4ecb40b1d3d450d546e926196098a15734f489b069
2023-03-27 13:33:37,True,0.478,0.001449,591.194,0.8571,0x35...aca7,https://bscscan.com/tx/0xd8cffd1c0efc21166fede10caa3671f2358ad22b65cb926416f4a4d7c99b1460
2023-03-27 13:31:54,True,0.478,0.00145,119.585,0.1734,0x8b...6bc0,https://bscscan.com/tx/0xaeb729000b875f67d3263de9b8420c51a394bd993c254574fe2141f0402d174f
2023-03-27 13:19:02,False,0.4723,0.001442,42.7117,0.0616,0x9d...1f5e,https://bscscan.com/tx/0xe96c61f4e5a6752d638bda86587db9e6064434234d0850467ed7a300053eea64
2023-03-27 13:14:26,True,0.4767,0.001449,290.939,0.4218,0x71...5cae,https://bscscan.com/tx/0xc11d2967f9a068599a3a571b7581700f847a579a3a40a05ac548b375a75de634
2023-03-27 13:11:32,False,0.4741,0.001442,18.9192,0.0272,0x3c...cfd2,https://bscscan.com/tx/0xaa095a43ae8a08cc5a807d053966a1a35868637e47604c9b51055a75a0be865c
2023-03-27 13:05:14,True,0.4762,0.001449,43.7779,0.0634,0x2a...6cdd,https://bscscan.com/tx/0xf15118c0405fdd4643b0527d1b4852a05648961082a1a7eae8dace0d850df3ca
2023-03-27 12:58:41,False,0.4739,0.001442,92.3679,0.1332,0xce...559c,https://bscscan.com/tx/0xdc66522654ca44d6b3ee5fc7f388a3aa658507db5fc4afbace29e554909c78fb
2023-03-27 12:50:44,True,0.4741,0.001449,1048.68,1.52035,0xa0...c091,https://bscscan.com/tx/0x0c5ac9a368a92b1c949d7dffe063a8e05d14e60fe52fa6fa48e34322a74dee28
2023-03-27 12:39:50,False,0.4716,0.001442,28.0,0.0403,0xc3...14b2,https://bscscan.com/tx/0xdaeb12ff550f107aaa158c729cbbc9cf4e787eaf421d58af48fad5722f9cac00
2023-03-27 12:33:11,True,0.4764,0.001449,233.917,0.3391,0xd3...2e46,https://bscscan.com/tx/0x0d693d92bc7ab8627c55c76400606e1f362b1837a6393407ce2288b84e2c50c1
2023-03-27 12:22:02,True,0.4761,0.001449,100.0,0.1449,0xdc...7772,https://bscscan.com/tx/0x9f86b13c5f7536417b6371b6c02d16816cf61559ef954335477355999e8ef3bf
2023-03-27 12:20:53,False,0.4734,0.001441,59.31,0.0855,0xa3...06d4,https://bscscan.com/tx/0x2f7fe4f3d324a35e9983601e4cbe52bbae2908b2dc5a18917043446afb2a8dbe
2023-03-27 12:20:44,False,0.4736,0.001442,34.6153,0.0499,0xd6...d493,https://bscscan.com/tx/0x1bec2217f53fafa4ac2fc3293fb1a8159cf67f945e1b2aa8aed5ebe5f2e1b64a
2023-03-27 12:17:32,False,0.4712,0.001442,2539.29,3.66319,0x00...78d2,https://bscscan.com/tx/0x95c65590effc7ae36a7e31a0a189919a05bcefd7090fc813618e4c67c7793e58
2023-03-27 12:16:26,True,0.4735,0.001449,2000.0,2.89974,0x1c...df7f,https://bscscan.com/tx/0x5d9b40e270d6caa227288b45c17314e4ee0311f067a745978530ba2a1a86ed62
2023-03-27 12:13:32,True,0.4758,0.001449,33.0872,0.0479,0x07...104d,https://bscscan.com/tx/0xa5837ef1868790e41f3acda1aac6cb7b0face83c815b8eede35845af252c168a
2023-03-27 12:10:32,False,0.4735,0.001442,2539.29,3.66333,0x00...78d2,https://bscscan.com/tx/0x40d306d85a9077c6ad512f276448e07d332dfd63d1bfb8a82db35c1261bf7922
2023-03-27 12:10:29,True,0.4758,0.001449,10000.0,14.4947,0x0b...a1ff,https://bscscan.com/tx/0x3a366050b7f503c18ca85812cc0da789dd5be6b7bc0c2d7d92ba2a01b38bdeaa
2023-03-27 12:10:08,False,0.4732,0.001441,1.89828,0.0027,0x4b...6111,https://bscscan.com/tx/0xa5fd394d07d0d7f7e13312c65e8a34c254ff6f1a660a96ae76e37707a1beeb4e
2023-03-27 12:02:56,False,0.4732,0.001441,48.4624,0.0698,0x9b...13dc,https://bscscan.com/tx/0xcfb7ef4e6289b2cc86942b1663992fe61d7c6c8023dd820ae756d84c5be4df61
2023-03-27 11:54:44,True,0.4733,0.001448,330.842,0.4793,0xd7...e306,https://bscscan.com/tx/0xb2e397b5ba7a99970079a42ceb6d5a8d28540d05b84fbbbe7f724d892b0915cd
2023-03-27 11:54:35,False,0.4709,0.001441,97.9088,0.1411,0x12...96db,https://bscscan.com/tx/0xff82de74409bffbca45fb91a1a21428bad241f28c7e9b35a48dd455efe281552
2023-03-27 11:53:53,False,0.4709,0.001441,329.674,0.4752,0xd7...e306,https://bscscan.com/tx/0x907f973ec6591ac9e3d434ec0eea9926ed3919b31dcac661b05bc9c7ce0518ca
2023-03-27 11:53:32,False,0.4733,0.001441,24.0401,0.0346,0x3d...3d57,https://bscscan.com/tx/0x2e8df4bfd663cfde8ba5ef29d3db49979b9377487230af14d55bfc72e1e79240
2023-03-27 11:51:02,False,0.4709,0.001441,370.0,0.5334,0x2a...bb79,https://bscscan.com/tx/0xd10073acf3e8eb7f7dddd90ee6e07e0c2069cfea82eb0df789c057cad06a173d
2023-03-27 11:46:23,True,0.4734,0.001449,6.898,0.01,0x63...0269,https://bscscan.com/tx/0x7a739ca0cf7773c29aa8509974c26e6368a6216c1a03efae97e37ee504f1107b
2023-03-27 11:37:02,False,0.4704,0.001441,69.0262,0.0994,0x1e...0b4c,https://bscscan.com/tx/0xdf034e9b3350c155369031272e3fa76d45cae358a56480635e0c125946ff9a34
2023-03-27 11:30:56,True,0.4754,0.001449,4.20034,0.006,0x7d...8ff5,https://bscscan.com/tx/0xaf88ab53948a85b98e4bd234bd91a0a71991eb16153da6e213326bcd0c5b3e11
2023-03-27 11:24:56,True,0.4754,0.001449,20.0,0.0289,0x1f...a40f,https://bscscan.com/tx/0x66c06287fdbd5e1b269eb3e4b512b640c3f7931748c9b16455121c88e69f8a1e
2023-03-27 11:23:35,False,0.473,0.001441,24.0,0.0346,0xe1...d5fd,https://bscscan.com/tx/0xde6c8ed8c090cabef30b81100fc08ccb95c9912ac7782769ae37ba8260e6d7bf
2023-03-27 11:18:26,False,0.4725,0.001441,12.3569,0.0178,0x7a...56ea,https://bscscan.com/tx/0x6f9fc69a2c190344a9d9c4f4d844f82655bd7ec034f1f5cb8b3cdeb8b6758135
2023-03-27 11:16:53,False,0.4701,0.001441,546.0,0.7872,0xec...ebe3,https://bscscan.com/tx/0xed05a7dd842e5aa4f0e4f1ea29fb63d4d0385177cc4df2a54ede0ca8730138be
2023-03-27 11:14:35,False,0.4724,0.001441,2550.87,3.67821,0x00...78d2,https://bscscan.com/tx/0xda94e3fff878221d3b8f92a8666cdc7214c507d4a1290483fa67056d2913e0a1
2023-03-27 11:14:29,False,0.4724,0.001442,1219.66,1.75894,0x00...78d2,https://bscscan.com/tx/0x1b3ccb56e5459093bf8f8dedee52733d3d225d310d1a67b0e98cebe7dad386fe
2023-03-27 11:13:08,False,0.4702,0.001442,2550.87,3.67929,0x00...78d2,https://bscscan.com/tx/0x43f5e71f7117c94fcac3b382ca90c90e367fa6b94c7a6fbb57f1a3d63796c511
2023-03-27 11:12:05,True,0.475,0.001449,290.0,0.4204,0x7a...56ea,https://bscscan.com/tx/0x06af602caf9788e18c73b2524d97525a7221b082ed3d3ae03b75e06a78cea825
2023-03-27 11:10:26,False,0.4702,0.001442,24.0,0.0346,0x3d...3d57,https://bscscan.com/tx/0x344d16a500a904880541d3a3d81c6a2bc931d38eccaf2284698024a8f8ad3933
2023-03-27 11:05:17,False,0.4726,0.001442,826.087,1.19166,0x60...8b0a,https://bscscan.com/tx/0x433048e9c563c3959cbb680b674572929549a456d95ce259543ee8a7c2ddcc4a
2023-03-27 11:00:35,False,0.4701,0.001442,677.5,0.9773,0x71...69e3,https://bscscan.com/tx/0xd3be3cd8c21939550e4b5e06e85d39a147cc173a10aeb608cfba615bebfd4ccb
2023-03-27 10:57:02,True,0.475,0.001449,8.90531,0.0129,0x5d...3f72,https://bscscan.com/tx/0x4b86857741bacf89b73f8a4f2a159ab34d3a1ba6c0290afeec946cf4f814d31d
2023-03-27 10:56:41,False,0.4726,0.001442,18.9853,0.0273,0x3c...39e3,https://bscscan.com/tx/0x4693c6051fa16adfb36d4219bab6434f4f27f5ed4e8963b078cfa780151aa717
2023-03-27 10:53:32,False,0.4726,0.001442,2545.46,3.67258,0x00...78d2,https://bscscan.com/tx/0x8f2cc6d231bab2b75c6c2a07d9d327b8ba8f13d1cd2ef5c9f28e12a5d1128c3d
2023-03-27 10:51:02,False,0.4726,0.001443,2544.68,3.67219,0x00...78d2,https://bscscan.com/tx/0x607eeb23b0f2f335c7eeb580ee36673c46f8feb3a7d0eec203f5504c02fa9cd3
2023-03-27 10:49:21,False,0.4724,0.001442,143.0,0.2062,0x5c...4731,https://bscscan.com/tx/0xfc72a869bf64e5117cd18de64bc9ad28e71ebbdd3d060364c70d2db449acf0b6
2023-03-27 10:49:18,False,0.4727,0.001443,2545.46,3.67408,0x00...78d2,https://bscscan.com/tx/0x4d702601f6d37889edef138cac8f2f990d740884f8c7bf6344eb0f61568818c8
2023-03-27 10:47:42,False,0.4728,0.001443,110.392,0.1593,0xb8...7cd3,https://bscscan.com/tx/0x3cc754227103a122c5fc36a79993cb19a96cfcde23c438fc2e0e94b5dc7a7aa3
2023-03-27 10:43:43,False,0.4726,0.001443,10.0,0.0144,0x34...cd8d,https://bscscan.com/tx/0x8057ce376f5ddf77ec645b90037fa9afaa9f73735d6bc62c4687940fa2903334
2023-03-27 10:40:43,False,0.4726,0.001443,447.596,0.6461,0x99...2fc5,https://bscscan.com/tx/0x2497174ba4bc12b005083090ad96f5fa7d495e101915d2cd4736c12bb0097191
2023-03-27 10:38:25,False,0.4726,0.001443,681.8,0.9842,0x4d...74b8,https://bscscan.com/tx/0x7a11e9b8e8ccd46a36e43fbd9ba1787cd5760bd467c16a72ccff9462f73566a4
2023-03-27 10:31:16,True,0.4748,0.00145,57.1402,0.0829,0xaa...60c7,https://bscscan.com/tx/0x19c27008889c7d7d542e4fbda1b6e93e3c19040b51c5de63999cd95a8ea45130
2023-03-27 10:25:19,False,0.4723,0.001443,2550.09,3.68183,0x00...78d2,https://bscscan.com/tx/0x8d2f0b50e8d4afb0c0ebc04288ed64f585fe7a5ec4e7827784b237559bfc0f3e
2023-03-27 10:17:40,False,0.4724,0.001444,1197.2,1.72878,0x00...78d2,https://bscscan.com/tx/0x43c9e748eecfcb85681642ba7884ef91ee0f8fb3d99f0eb9a93f79a67f68a5ba
2023-03-27 10:17:16,False,0.4701,0.001444,674.3,0.9737,0x9d...6dab,https://bscscan.com/tx/0xce1807456115518c589417f041765192b376724b47ef26ca3db42099f35f0b29
2023-03-27 10:15:25,False,0.4725,0.001444,650.6,0.9396,0x3a...231f,https://bscscan.com/tx/0x2505455dd73cb9badabcbb6aaa870ee823d33dc2dd365a68456aa55c109c52fd
2023-03-27 10:08:55,False,0.4701,0.001444,15.2385,0.022,0x97...5b58,https://bscscan.com/tx/0x9dc696a43edb71b2a50bc5bdfeddfb367a538fd5fac5d1dadc346a3041c228b0
2023-03-27 10:05:22,False,0.4724,0.001444,1089.0,1.57284,0x00...78d2,https://bscscan.com/tx/0xed751557c31bc5283c8e2c82606c8204e59eeef2b3cafad344c56fa65aeb8b65
2023-03-27 10:04:55,False,0.4725,0.001444,965.3,1.39429,0xb3...55e7,https://bscscan.com/tx/0xbaae8bd90149891b931a4cfc5a2a97559ba54b58e0affa3ab32b52d5734c11d0
2023-03-27 10:03:46,False,0.4701,0.001444,2370.3,3.42414,0x00...78d2,https://bscscan.com/tx/0xbba1633f9f3855d34e40dc561ca40e3413febfa89d90f46a9353680b9a184a01
2023-03-27 10:03:40,True,0.4728,0.001452,27.2938,0.0396,0xd3...a99e,https://bscscan.com/tx/0xdb1cfe567246f6a4b96f47080e36dbd4ea6283ea6c58c5f46ba2a425fde6f3ef
2023-03-27 10:03:07,True,0.4749,0.001451,655.0,0.951,0x26...81ba,https://bscscan.com/tx/0xb01087e94682d42034f0e8b1b8c2b5f4de77ca88e7d2ac3875bcb1cb894e2c1a
2023-03-27 10:02:10,True,0.4749,0.001451,250.877,0.3642,0x3f...66aa,https://bscscan.com/tx/0xe36cb655c1daf28b2636b71bdc5f42209fea0dda45058f86ecc06cb62ebbcbbf
2023-03-27 10:00:25,False,0.4726,0.001444,1233.7,1.78233,0xa0...cc8d,https://bscscan.com/tx/0xe1b5f65ad1add9ff86f5ad54ea7e9b358ef4dcf4cb13b6b13ef7d0451588f483
2023-03-27 10:00:16,True,0.475,0.001452,45.0132,0.0653,0x3f...c9bc,https://bscscan.com/tx/0x269321dbafd64762fcdea809388804be0dd57de8ee0789575b2e70fb6253e17c
2023-03-27 09:51:28,True,0.4755,0.001452,52.0392,0.0756,0x61...b78b,https://bscscan.com/tx/0x235b01fcea25bc12aef30ea50163afc2b052dd4d3d7a6c13906b8d5f3196e568
2023-03-27 09:48:55,False,0.473,0.001445,3410.03,4.92733,0xd3...ec6f,https://bscscan.com/tx/0xc904faaddb2824990427fd64d3a3bda6f9a81efa322cc714093b4692c3247a79
2023-03-27 09:48:34,False,0.4731,0.001445,1784.9,2.57962,0x00...78d2,https://bscscan.com/tx/0xee55ada46b90688fe9cc7e32e836c35e363aa54cbff25276e6ab1a1e924b329d
2023-03-27 09:48:34,False,0.4732,0.001445,3742.26,5.40964,0xd3...ec6f,https://bscscan.com/tx/0xb06f3b35f254cd763f1f987e9f043d46c9b0f490b2723ec78c3771cefde844c3
2023-03-27 09:48:31,False,0.4733,0.001445,1784.0,2.57943,0x00...78d2,https://bscscan.com/tx/0x25baa3b02ebc2fa41879887f7b7bfd33f2cb099084983f873a747339df299db5
2023-03-27 09:48:25,False,0.4734,0.001446,1307.54,1.89076,0xd3...ec6f,https://bscscan.com/tx/0xce3efe235f49d8bfe3c2cbd63b364d7889dc6832e283286991849033f9f7cd9d
2023-03-27 09:48:22,False,0.4734,0.001446,1641.92,2.37456,0xd3...ec6f,https://bscscan.com/tx/0x3f288ed89f1073f9a5b7717cc88bccce0b9d8377002074c338afd3c155070d59
2023-03-27 09:47:37,False,0.4711,0.001446,1120.28,1.62033,0xd0...9a2c,https://bscscan.com/tx/0xc8aeabe9f46f6d725face5e34b89c10b98e69d7ca09a062c7ed94668e465e495
2023-03-27 09:42:09,False,0.4735,0.001446,7.63238,0.011,0x1d...9d1a,https://bscscan.com/tx/0x023a0d0cadddb4c6ea77b385f70764278b27420bf0e665339db9293d6ea1cfc1
2023-03-27 09:37:51,False,0.4713,0.001446,810.0,1.17164,0x85...456d,https://bscscan.com/tx/0x12bb62f1a2c1cf1745af1ffb0f6892e171034c84232f10d966f1f6f803cc132c
2023-03-27 09:35:15,False,0.474,0.001446,810.0,1.17172,0x9c...7194,https://bscscan.com/tx/0x833f1dd1ff5935cea35dcb9bd42c3d2bdb1a7037da06156ae22776056d56b5ba
2023-03-27 09:32:51,False,0.4741,0.001446,854.227,1.23578,0xd3...ec6f,https://bscscan.com/tx/0xbcc88f7034039950c68749a13eca98f87bfa1ac9ebf8f0e87c366f0f611907ae
2023-03-27 09:32:45,False,0.4718,0.001446,758.61,1.09752,0xd3...ec6f,https://bscscan.com/tx/0xd9aad2ca7f11d1585dd08e97970912801fe27565b18867e8975fb6b0d4867732
2023-03-27 09:32:42,False,0.4718,0.001446,621.728,0.8995,0xd3...ec6f,https://bscscan.com/tx/0x6b5db2916b7388c7837c09b1081cf1f93926642e28dafd496db6a1b80e2d44bc
2023-03-27 09:32:39,False,0.4719,0.001447,1783.55,2.58074,0xd3...ec6f,https://bscscan.com/tx/0x3e4fab5be7f2d1937344fd28b26dadbac30c338ffa56b6f1f4d796fd7d972fab
2023-03-27 09:30:33,False,0.4742,0.001447,1867.79,2.70302,0x8f...ee38,https://bscscan.com/tx/0x92f3bdeaad2002f663a720814f2089a5806072f9093f2b3ba36e2bdb028de27a
2023-03-27 09:29:36,False,0.4742,0.001447,918.9,1.32995,0x34...7c76,https://bscscan.com/tx/0x7ca4602cd89924405f18eb4bcdea5694cfde2359cfe9f774753f7c9f055a2b15
2023-03-27 09:29:06,False,0.4742,0.001447,1572.9,2.27672,0x2c...015a,https://bscscan.com/tx/0x99c461929b6d1f3082a406b0d0024e0283bd2d95c3873b5a753d4c16091cd0ab
2023-03-27 09:29:03,False,0.4742,0.001447,858.9,1.24335,0x56...0086,https://bscscan.com/tx/0xa4b232696ab25752e6eaa3655ee7794a7417f7aeb06e37a0ba9d9c5e9d495e4c
2023-03-27 09:29:03,False,0.4743,0.001447,876.435,1.26882,0xd3...ec6f,https://bscscan.com/tx/0xf76b7bfeb66b807dab6d9c607e37b97c272749888f884541c8aaa5dbfa2abacb
2023-03-27 09:28:39,False,0.4742,0.001447,512.6,0.7421,0x7a...c707,https://bscscan.com/tx/0x1d3161e7b71dd11e53279a2e9674e0048aa3319f0e0acbe0e75fdc8e467ca19c
2023-03-27 09:28:39,False,0.4743,0.001447,411.986,0.5964,0xd3...ec6f,https://bscscan.com/tx/0x9c9e8d096fc4a7c7f209962799d045e67c52bfbba854b1dfd0e758fac5902fa9
2023-03-27 09:26:48,False,0.4719,0.001448,3747.59,5.42678,0xd3...ec6f,https://bscscan.com/tx/0x8526e7cb82d8436fa6eabc70169a48624f5946906d9138c0c710a7456d1bf91a
2023-03-27 09:26:33,False,0.4744,0.001448,422.526,0.6119,0xd3...ec6f,https://bscscan.com/tx/0x9aa69c7604a49c45ae51fc7839139f87046e8e30f1d49060dc6dd34406a4b059
2023-03-27 09:26:27,False,0.4744,0.001448,1789.2,2.59153,0x0e...7558,https://bscscan.com/tx/0xc01ac1980055fa787bf97c7292ca1e1a19f28647302ccb688415476644f76275
2023-03-27 09:26:27,False,0.4745,0.001448,995.339,1.44184,0xd3...ec6f,https://bscscan.com/tx/0xd5b9adfb12359f6bbe12558fa8c49c940825e68265fb7662446707d6e164391b
2023-03-27 09:25:51,False,0.4721,0.001448,350.008,0.507,0xd3...ec6f,https://bscscan.com/tx/0xab1f13a778793cd38ddffd4903ce00d1e3b53ca0a0f2ca54f0d2d0eb7883c144
2023-03-27 09:25:36,False,0.4745,0.001448,3041.22,4.4063,0xd3...ec6f,https://bscscan.com/tx/0x59218786737121c838ecd60bb0864c943ebe321397c695d6060317280f02fed6
2023-03-27 09:25:27,False,0.4746,0.001449,2576.2,3.73337,0xf9...5ebf,https://bscscan.com/tx/0xdeeb720a959cfaad65d06b8797647b6769155603512c72360e12687f57f9f9f9
2023-03-27 09:25:24,False,0.4747,0.001449,1928.2,2.79479,0x00...78d2,https://bscscan.com/tx/0xc8522d539bbc07e92cf1f780e7d5534e1078ada20e1fdae4b4e3bcad4ad3b279
2023-03-27 09:25:24,False,0.4748,0.001449,4570.99,6.62701,0xd3...ec6f,https://bscscan.com/tx/0xe104ff0f419b1a53abec54210588a6d67d54849ed3e54e9904deec498da54d1d
2023-03-27 09:25:21,False,0.4749,0.00145,421.527,0.6112,0xd3...ec6f,https://bscscan.com/tx/0x2d54c003daa851cad469e9c289febe224423f195dae11eee031f65fe8d9a63cc
2023-03-27 09:25:18,False,0.4749,0.00145,1246.0,1.80692,0xd3...ec6f,https://bscscan.com/tx/0x0ec51c3de7b6bbf5e16e59f594aa28235db40a95a92f6223b79286cdb40a88b9
2023-03-27 09:24:51,False,0.4749,0.00145,45.7651,0.0663,0xf0...383d,https://bscscan.com/tx/0x9ca2274132f91ff3a01c4095343019dfee410c0d2606a43ba7f3c6f87be1e4de
2023-03-27 09:24:51,False,0.4749,0.00145,1615.13,2.3425,0xd3...ec6f,https://bscscan.com/tx/0xf4a0b14d78e5fdf20d5b0109971bfdd95d42ca5638dcc59493bdacafb3a985d1
2023-03-27 09:24:48,False,0.475,0.00145,1614.93,2.3425,0xd3...ec6f,https://bscscan.com/tx/0xdd349ca21fd5a4155936808a3cc26e92f28b62c638377644977027587e823744
2023-03-27 09:24:45,False,0.475,0.00145,1614.73,2.3425,0xd3...ec6f,https://bscscan.com/tx/0x822414f2e251ce2a7d98eeb251646d25c4747621b5b888dbee4e514246f1ef57
2023-03-27 09:24:42,False,0.4751,0.001451,2983.32,4.32871,0xd3...ec6f,https://bscscan.com/tx/0x49ea9c858971e0a282f13bf4bb34e7faa9ef1c5d885bc2eadae51ba5716cd369
2023-03-27 09:24:36,False,0.4752,0.001451,2221.1,3.22341,0x7a...c707,https://bscscan.com/tx/0xcc3272ac3bce72aee966627ec823c1fa6c5aa7fdfca4bc7b72a714de530132c0
2023-03-27 09:24:36,False,0.4753,0.001451,2042.08,2.96409,0xd3...ec6f,https://bscscan.com/tx/0x0aa71260f558076b0b8b4d6ff1d3973e255b35baa452129a1cd7a2af4585c0c8
2023-03-27 09:24:33,False,0.4754,0.001451,1341.7,1.94775,0xc1...b919,https://bscscan.com/tx/0x806dda0f3b8822cb98ec6127736aed1f3b5ad9944cc89dc4aa9a1eccda56b719
2023-03-27 09:24:33,False,0.4754,0.001451,540.266,0.7843,0xd3...ec6f,https://bscscan.com/tx/0xe4a01249da90a0c8be34d965531210341e0a582bfb18c0b2d5b9fc50cbc21da3
2023-03-27 09:16:54,False,0.4755,0.001451,719.488,1.04461,0xd3...ec6f,https://bscscan.com/tx/0x0ea1b9e9fd59626303c2525abd826e532dd5b7f7d3155ca94dd64c43396c2f27
2023-03-27 09:16:54,False,0.4756,0.001452,3395.7,4.93094,0xc1...b919,https://bscscan.com/tx/0x20de3e7321e3a60ddf03f5bdcc5ac2fe35cf3dad84dcabecabd2650c2cc9443b
2023-03-27 09:16:18,False,0.4756,0.001452,874.8,1.27052,0x67...b7c1,https://bscscan.com/tx/0x2ed65e657147c8dc972c8101c6e6a278dd1d9d8e8c213ba36b467d685f65c26b
2023-03-27 09:15:45,False,0.4734,0.001452,6687.1,9.71491,0x0e...7558,https://bscscan.com/tx/0x678c8c4a3c2ceba49cb88cd160b079db1948d735315d6ba481dd874c382353f7
2023-03-27 09:15:33,False,0.4736,0.001453,4374.04,6.35728,0xd3...ec6f,https://bscscan.com/tx/0x8207764b38c767c3d2dfd7e8cf2216e12ba83e5329e028edb587a14b6d62952f
2023-03-27 09:15:30,False,0.4761,0.001454,5486.54,7.97729,0xd3...ec6f,https://bscscan.com/tx/0x290efac6e108c1e850c39799322e475b6ea763fcdd47d78fdf0f6a7ec596a76f
2023-03-27 09:15:24,False,0.4763,0.001454,2524.04,3.67104,0x00...78d2,https://bscscan.com/tx/0x0dded70e32a6219e42414c360c6afa224075ba6f59556c680e7ff3baa325b14d
2023-03-27 09:15:24,False,0.4765,0.001455,7838.39,11.405,0xd3...ec6f,https://bscscan.com/tx/0x22bbc926db961d05b8508199b70eda7d6c3346e70f33d4538993a4c0b9082012
2023-03-27 09:11:33,False,0.4766,0.001455,996.6,1.45057,0xf9...5ebf,https://bscscan.com/tx/0xd6078e96620e952cd170dc1f8a1653e9ffb0a3f3e84f671047a403b8242757e6
2023-03-27 09:11:00,False,0.4766,0.001455,1683.9,2.45122,0xd3...ec6f,https://bscscan.com/tx/0xd26f371de665d8b479ec72252a52d3cc9df6864f7ba28675262f4ff55a28aef8
2023-03-27 09:10:30,False,0.4743,0.001455,1964.39,2.85993,0xd3...ec6f,https://bscscan.com/tx/0xe02a62bb320a61945b1e18ff550e8b87b8972e17f7e8796b0e4611ab64141743
2023-03-27 09:08:36,False,0.4769,0.001456,11805.1,17.1961,0xf2...bfcf,https://bscscan.com/tx/0xa667916b2f9d6e465b768a9ac9a1c2f8052b15e7e668223accc2319e6dbd3e72
2023-03-27 08:59:30,False,0.4759,0.001457,3556.55,5.18383,0xf2...bfcf,https://bscscan.com/tx/0x01dc08b5e157e17cda15c6bbde3f203ba2452365edb520b4ef7ecfa90f8304fa
2023-03-27 08:59:30,False,0.4763,0.001458,18770.9,27.3835,0x52...1c7e,https://bscscan.com/tx/0xbe3217576d4a292d47e95d411a8137300256aaa8223fe35f786e1981a24d2009
2023-03-27 08:59:30,False,0.4767,0.00146,1241.15,1.81204,0x62...1f10,https://bscscan.com/tx/0x8acf0c0d31c7dac876827f3ac8e2adc208076fe37314f4be2916c013a916cfe9
2023-03-27 08:57:12,False,0.477,0.00146,15516.8,22.669,0x0c...8533,https://bscscan.com/tx/0x3836b0504b85a6259d50e23dc9f37b2276768a070080749bc6cddf154bd84bb9
2023-03-27 08:51:51,False,0.48,0.001462,19261.4,28.178,0x62...1f10,https://bscscan.com/tx/0x17c706d591812c6410555c8db917d9f49bbfa4a876969d4af420362440d88cc6
2023-03-27 08:43:27,False,0.4804,0.001464,13.0,0.019,0x02...f2c0,https://bscscan.com/tx/0x03905aec4bbe22baaedf3937bca34c118a3b0427cdcaf9e493c3407440834b47
2023-03-27 08:41:45,True,0.4828,0.001471,2199.6,3.23616,0x0e...7558,https://bscscan.com/tx/0x68264712a71a930fe8c6cbd4c36d5dfcccfffdd29ca1ca118cbaf6788a968cef
2023-03-27 08:40:15,True,0.4827,0.001471,620.4,0.9126,0xca...34d7,https://bscscan.com/tx/0xb566a3e464f5c716224c6c9aae50c2d42757b9569b61049e0973faa2bc1d62b8
2023-03-27 08:40:03,True,0.4827,0.00147,3118.5,4.58691,0x9d...6dab,https://bscscan.com/tx/0xc443b5d9339e8e82b3804ece4b35247d8821d34f7c0c25fd1fed06255fdbb341
2023-03-27 08:39:00,True,0.4826,0.00147,414.0,0.6088,0xa0...cc8d,https://bscscan.com/tx/0x5a1d2a9fabe067e8644cd615ab63c6cb89cd4182d4892cddb3215c550328f23a
2023-03-27 08:38:36,True,0.4825,0.00147,2846.5,4.18572,0x43...fe22,https://bscscan.com/tx/0xda1ad43b61d5751b97f50905b2209415ce49108d9a719cad8c2e0f7fc4ecc22b
2023-03-27 08:38:33,True,0.4824,0.00147,4081.42,6.0,0x8d...1b76,https://bscscan.com/tx/0x6cd261afa6fd44786a12d13421d733864164ea22a071dcb6ef6b323b00293de6
2023-03-27 08:38:33,True,0.4823,0.001469,829.7,1.21949,0xf9...5ebf,https://bscscan.com/tx/0xb069fe62dc43a08f3b1df49157d034078af9410f7bb2e1f72b21e1cf0ebdd2e9
2023-03-27 08:38:30,True,0.4822,0.001469,6805.72,10.0,0x52...1c7e,https://bscscan.com/tx/0xdd18044710d00ee78e1e7873a58525f56d07aa1d0f0564540cfdc6c872d00052
2023-03-27 08:38:30,True,0.482,0.001468,3404.23,5.0,0xed...4f31,https://bscscan.com/tx/0xd017a7c32a37fa39736fbfc0a9df2a9f6c9f710e98662efb426a7b3cf904ea1b
2023-03-27 08:38:27,True,0.4819,0.001468,2938.5,4.31488,0xb3...55e7,https://bscscan.com/tx/0x6b64da3f6e5ae290a35248a98b080d1d99be1fbccd2dba6ce7868352359ddc6f
2023-03-27 08:38:24,True,0.4817,0.001468,4087.22,6.0,0x3f...573a,https://bscscan.com/tx/0xaebc460f4cc35fc170b5e281e2b3d136686614000bc2221142aeb39446f01db3
2023-03-27 08:38:24,True,0.4816,0.001467,2384.82,3.5,0x91...79fe,https://bscscan.com/tx/0x1cbc21466c6659158f83374015c0432c03a81c5539781023e3b3c272d648de49
2023-03-27 08:38:24,True,0.4815,0.001467,3407.66,5.0,0x62...1f10,https://bscscan.com/tx/0x539249d0066fe49b3bd2fca4e9d4ef331a2bf86e296807218970edf803f24052
2023-03-27 08:38:21,True,0.4814,0.001467,616.7,0.9047,0x2c...015a,https://bscscan.com/tx/0x88f2108c66697e84498d4e039f3376abbf819bcee4d23024460c90ffb6b14900
2023-03-27 08:38:15,True,0.479,0.001466,1555.5,2.2818,0x7a...c707,https://bscscan.com/tx/0xb5dbb4e369a9d209e446a3a2a1e3078adc8dbdd24a230f1fb175984b538202a9
2023-03-27 08:38:12,True,0.4789,0.001466,2386.31,3.5,0x52...1c7e,https://bscscan.com/tx/0x8fcbf10bf9cf427a032f6462130efb176f69b764735bc4714db3e27198f26648
2023-03-27 08:38:12,True,0.4788,0.001466,3409.8,5.0,0xed...4f31,https://bscscan.com/tx/0x90e18a46079d0503f744d6d4b9a1179707b736968291989d245f59eb365842cb
2023-03-27 08:38:12,True,0.4787,0.001466,3180.2,4.66213,0x0c...8533,https://bscscan.com/tx/0x71a02f6433af65322a597c6477daf6fb2642962fa4fc6a3b5f4914ef30e08415
2023-03-27 08:38:12,True,0.4786,0.001465,2495.04,3.65687,0x00...78d2,https://bscscan.com/tx/0xff83bc5771134c7c72b4b16d2a40c67c49a653998b01937e6f41b6627176347b
2023-03-27 08:38:12,True,0.4783,0.001464,10080.9,14.7678,0xd3...ec6f,https://bscscan.com/tx/0xb36475e027133898f9df6b8194f92b41f8a1ea80339105e8b8c546ac1c16ed5a
2023-03-27 08:38:06,True,0.4781,0.001464,4053.3,5.93451,0xc1...b919,https://bscscan.com/tx/0x0c521d8922ea8f9f65d6e35896123590a8c40c00c26341544280ab09bce53559
2023-03-27 08:38:03,True,0.4779,0.001463,2732.75,4.0,0xb0...a41e,https://bscscan.com/tx/0x3d29f5991aad7a495285071050eedbd82815bf65b2b1918d651ecf8295514e08
2023-03-27 08:38:03,True,0.4776,0.001462,12537.2,18.3401,0xd3...ec6f,https://bscscan.com/tx/0xe638e5813da8400b2763e87512f2eda8f1a6d84483eab56f4b14d94930ecdea1
2023-03-27 08:38:00,True,0.4774,0.001462,2393.99,3.5,0xf2...bfcf,https://bscscan.com/tx/0x1d04e9dacc299aaf36df7f6d7d0d42deabbc264606b04fbfae48153bce259a73
2023-03-27 08:38:00,True,0.4773,0.001461,2394.44,3.5,0x91...79fe,https://bscscan.com/tx/0x8b01869d6f1416ac80dde0baa574ee71980f8f08f57d7ec2a8adfae23868b928
2023-03-27 08:38:00,True,0.4771,0.001461,4105.8,6.0,0xda...c952,https://bscscan.com/tx/0x2f723f80b8ac346b061f6aaafec3929e334e3690c1c31b21333a59d494f72064
2023-03-27 08:38:00,True,0.477,0.00146,3422.51,5.0,0xed...4f31,https://bscscan.com/tx/0x9e3effd4a861f2c27a30aa4198c6e13f15867e9a278412f3d363a27bf7f7e564
2023-03-27 08:37:57,True,0.4768,0.00146,7409.9,10.8206,0xd3...ec6f,https://bscscan.com/tx/0xf2b9ced09d7550c104919160e82acdaaaa01b5c103010b3f64344fe7896e4bf4
2023-03-27 08:37:54,True,0.4766,0.001459,2397.7,3.5,0x52...1c7e,https://bscscan.com/tx/0x3e067857bb1b97836768f18f449a0610fecba78252c4c4fd38c95ad6ce8a2ac0
2023-03-27 08:37:54,True,0.4765,0.001459,2398.15,3.5,0x8d...1b76,https://bscscan.com/tx/0x2c9a66cfbe9c803059028cb2e16c22ef5d272dbfb8a37eed365f4829c09fc497
2023-03-27 08:37:54,True,0.4764,0.001459,4112.16,6.0,0x0c...8533,https://bscscan.com/tx/0x70061c9fd4e68ee505cc1af49513f6da2326d374ec741e49537d8184ae630da3
2023-03-27 08:37:54,True,0.4763,0.001458,3427.81,5.0,0xed...4f31,https://bscscan.com/tx/0x42eb1103757a0b3677ec7dc50ec4e5856fec6aad5f8b1749af591b5c4ffd4304
2023-03-27 08:37:51,True,0.4762,0.001458,2774.5,4.04606,0xd3...ec6f,https://bscscan.com/tx/0x39f3475b0a0b94f67bca342ddff85fc496143f9dd8d3fbfd809ac276cfbb6371
2023-03-27 08:37:42,True,0.4785,0.001458,1602.3,2.33623,0xe3...d2ff,https://bscscan.com/tx/0x2ba51738c9f37bbfb42ba8c9ff5577b173a306238ad900a10c957b0e60e746a6
