datetime,buy_order,price_USD,price_native,amount_token,total_native,maker,etherscan_url
2023-03-20 08:46:08,True,0.5134,0.001536,4309.8,6.62172,0xd3...ec6f,https://bscscan.com/tx/0x1ca70f52098d9c70bafb9b3c8a992005878c0c686e8f7aeec8daf67f5722f4b9
2023-03-20 08:46:05,True,0.5133,0.001536,3.0077,0.0046,0xd3...ec6f,https://bscscan.com/tx/0x77ffbe7e6abf1ee3123a4301b91ffa6af8f87dbaa212fe9e4672cfe0cc262622
2023-03-20 08:46:05,True,0.5132,0.001536,2406.4,3.69624,0x67...b7c1,https://bscscan.com/tx/0x0b430c14fabdfbe20e2ad3601ea4eaee36027598dd4993df51a9e369b8788811
2023-03-20 08:46:02,True,0.5131,0.001535,4124.4,6.33336,0xd3...ec6f,https://bscscan.com/tx/0x1d1db3de1143ee1fa41c9e017a73de8814195a0eb97bc4334b956c39f7debda1
2023-03-20 08:45:59,True,0.5129,0.001535,3257.09,5.0,0x52...1c7e,https://bscscan.com/tx/0x8762952eb028c68a2e3dfe66052c65d21581472099a18d70270718ed123be5c1
2023-03-20 08:45:59,True,0.5129,0.001534,428.397,0.6575,0x62...1f10,https://bscscan.com/tx/0x0cfa1b2d12a10aee0e08da991dd6cc9efa79a626af1788fd774f8aca051fd061
2023-03-20 08:45:59,True,0.5128,0.001534,2280.57,3.5,0x2f...e155,https://bscscan.com/tx/0xb24f9a3da5eb43043ec91eaa7732299156b83b1bcf39fe3b7dd76813715502fb
2023-03-20 08:45:59,True,0.5126,0.001534,5259.2,8.06877,0xd3...ec6f,https://bscscan.com/tx/0x0f407a073e1f154ab88d40430e5a8c3e5de9867b858e1dcb899fc02c5fe99a79
2023-03-20 08:45:56,True,0.515,0.001533,2282.01,3.5,0xda...c952,https://bscscan.com/tx/0xb2948833eda14d835f66114f6f239c11ff4dc3f7eda077840f0152072fdd9bcd
2023-03-20 08:45:56,True,0.515,0.001533,909.154,1.39422,0x05...7eea,https://bscscan.com/tx/0xef86ef8813f8954e2067a5f35d08cb28e56b6844a2570928d8c3fd9cb0d3fc2b
2023-03-20 08:45:53,True,0.5149,0.001533,2282.61,3.5,0x91...79fe,https://bscscan.com/tx/0x39d0e39604826d3c63e3e9fea4fda21ff1ee3ac7ef8f25149398a964f723b545
2023-03-20 08:45:53,True,0.5148,0.001533,2283.05,3.5,0xda...c952,https://bscscan.com/tx/0xd4a97adefc221c76c9b2e9090253e23d98eb5b6d3e0ea6d7097609fb5dd0dfaa
2023-03-20 08:45:50,True,0.5147,0.001532,2406.5,3.68853,0xd3...ec6f,https://bscscan.com/tx/0x213759c05b900e120cbc252ac326c049250360bba18c44e97e066f9d139844e1
2023-03-20 08:45:47,True,0.5146,0.001532,1076.4,1.6496,0xd3...ec6f,https://bscscan.com/tx/0x14a925a98dd315508b68c0989901c78ba90cc79d9a2c60d0a1e89ed039d85369
2023-03-20 08:44:02,True,0.5145,0.001532,2028.9,3.10892,0xd3...ec6f,https://bscscan.com/tx/0x59f3265a4e4fb4ff8512a35cd424ffe6c666f75607f72f6a61f2c7c7338e7c65
2023-03-20 08:43:59,True,0.5145,0.001532,35.1825,0.0539,0x38...7682,https://bscscan.com/tx/0x730593fa69a2c6b0767d9c8160dd03193350a5226787643d70ae76178026096f
2023-03-20 08:43:59,True,0.5144,0.001532,2028.9,3.10838,0xd3...ec6f,https://bscscan.com/tx/0x0e379c8dbb2396279f8a07f6f4fe7c842e89a5db1364136eb622a2212ee1c73d
2023-03-20 08:43:05,False,0.5116,0.001524,336.367,0.5127,0x89...7a42,https://bscscan.com/tx/0x93f6dbcdf72381b30bbb7682ec8daa6b9c25000477844780664061e0b1acc701
2023-03-20 08:41:52,True,0.514,0.001531,1502.1,2.30102,0xd3...ec6f,https://bscscan.com/tx/0x09d828e712e345b6b53d5f3dd507b3aca6137577ea22983f6f6692a1e7542d09
2023-03-20 08:41:49,True,0.5139,0.001531,1502.1,2.30074,0xd3...ec6f,https://bscscan.com/tx/0xa07302bbc68b54fe75d11ecb9c390e368fd228e861f87c013a54d6e1ba5ea651
2023-03-20 08:41:37,True,0.5137,0.001531,1402.34,2.14768,0xd3...ec6f,https://bscscan.com/tx/0x4c5382b0ba505ba12086ff992a29ce8ef3dfb315e919aecdd5e26919563607f6
2023-03-20 08:41:19,True,0.5135,0.001531,2096.68,3.21058,0xd3...ec6f,https://bscscan.com/tx/0xf40668fd3dbfc5e10afa7edc33404c2fff5a87482dd3010fcccfd687a172a0f0
2023-03-20 08:41:16,True,0.5134,0.001531,1819.7,2.786,0x34...7c76,https://bscscan.com/tx/0xa54789780af5d0ccbfa88b016b4f27ee610aefa712f67ad97a6f586c0c2a38ba
2023-03-20 08:41:13,False,0.5109,0.001523,1100.0,1.67566,0xf1...5710,https://bscscan.com/tx/0xd704a6550564ef9d3a1cd3f4d906a60bbe2ed23875feef88272e70f0b6c8ee44
2023-03-20 08:41:13,True,0.5134,0.00153,1773.0,2.71434,0xd3...ec6f,https://bscscan.com/tx/0x9800936f1723c5f013c152da0c5180b8a246eed04859fc6e2c529ad58e993ca8
2023-03-20 08:41:10,True,0.5133,0.00153,2516.94,3.85257,0xd3...ec6f,https://bscscan.com/tx/0x8bad2bb972c160b5346084efba231e086f63e42552e12e9c1ba8dc978a86a21a
2023-03-20 08:41:07,True,0.5132,0.00153,2432.9,3.72317,0xa0...cc8d,https://bscscan.com/tx/0x074fedd3e41b4557f43266a9e627aaa793d3a28b51ff07447bfab60ed16b1c56
2023-03-20 08:41:04,True,0.5131,0.00153,2287.52,3.5,0x91...79fe,https://bscscan.com/tx/0x5d102619e55aa34948d395a3ed3147a46ceab0a5a0ec61b2a79ad36279e0145f
2023-03-20 08:41:04,True,0.513,0.001529,2287.96,3.5,0x91...79fe,https://bscscan.com/tx/0x06ed3917ece345a9f03a98b93114a83e0c75f1377cdc4e0badd362540b25ab1e
2023-03-20 08:41:04,True,0.5129,0.001529,3269.26,5.0,0x0c...8533,https://bscscan.com/tx/0x5797fff903231f12facfbe38901446da71ec124907d2b8d8e3f8814bdc7fbf97
2023-03-20 08:40:46,True,0.5127,0.001529,1632.2,2.49577,0xd3...ec6f,https://bscscan.com/tx/0x48802d2483587aa63027c1598530d2d89811f4b66c781b31a46cda63eda48204
2023-03-20 08:38:34,True,0.5111,0.001528,2533.0,3.8725,0xd3...ec6f,https://bscscan.com/tx/0x8585d28c69ef89b8b8495a36489304a837aef6c064eda2fe0aa4c24b9a949f78
2023-03-20 08:38:28,True,0.5109,0.001528,4418.1,6.75252,0xd3...ec6f,https://bscscan.com/tx/0x3bda9fb9999b5a8063eec268d4741b86dee8606408271dd5c12259fdacd2fc2b
2023-03-20 08:38:25,True,0.5137,0.001527,3867.1,5.90835,0xd3...ec6f,https://bscscan.com/tx/0xb1edb25dac94a60656e657f38400171e693795c53039db4b5b4b5855eb0282c6
2023-03-20 08:38:19,True,0.5136,0.001527,3867.1,5.90645,0xd3...ec6f,https://bscscan.com/tx/0xf6850513596c36782a07229e1507afb79205bb342392d667a5917131a65e4bd3
2023-03-20 08:36:25,False,0.5108,0.001519,49.7,0.0755,0x5a...00a7,https://bscscan.com/tx/0x09063f52a238217b8f1408d7c5c1ca31ea9290eeb1c82cb2fb5c7628a8a651e7
2023-03-20 08:31:10,True,0.513,0.001527,583.814,0.8915,0x70...8487,https://bscscan.com/tx/0xcb9360b045012d56a7a1fb1562b9c6f8d9adac1368fcb7e9814ba33278683027
2023-03-20 08:29:31,False,0.5104,0.001519,30.0,0.0455,0xb1...92c8,https://bscscan.com/tx/0xe624be6f14e9228026ec7e389f9b4292683c29ea2a5d49132012adda4172ea99
2023-03-20 08:22:09,True,0.5126,0.001526,1998.5,3.05155,0xd3...ec6f,https://bscscan.com/tx/0x4a9f6dbc214ac3627a1e975b520347ff5eb13d4f5e1b9f26319d23b3520dcd4a
2023-03-20 08:16:18,True,0.5124,0.001526,583.896,0.8914,0x70...8487,https://bscscan.com/tx/0x8007adfddf6f612ce7b87be9b66f0fad8dd685e8f63ff53975ae8420c33d2de7
2023-03-20 08:13:48,False,0.5097,0.001519,4.78602,0.0072,0xc4...935d,https://bscscan.com/tx/0xd52c4ea864377d810f9faaac5ac640ea1312a15fe4d4725b20847b1941cf6051
2023-03-20 08:07:03,False,0.5084,0.001519,900.0,1.36724,0x63...8997,https://bscscan.com/tx/0xa4a04c1b2deb4f3e387fa0c467f1ac6001bf2a91a7a8a9080a02f812cb82bdec
2023-03-20 08:00:18,True,0.5107,0.001526,585.519,0.8939,0x70...8487,https://bscscan.com/tx/0xd55dd1e6dc48c3ca605e46f8f161015dcf81de0d376a3194591cffd44cec0e62
2023-03-20 07:45:12,True,0.5109,0.001526,584.864,0.8929,0x70...8487,https://bscscan.com/tx/0x250340dc1c8763fe031bf17be06bcd02a320aeab92fb425c7f5d8eeb6c0a2b80
2023-03-20 07:37:54,False,0.5097,0.001519,899.277,1.36611,0x4e...126f,https://bscscan.com/tx/0x6edd5950736e04f8992ff61ee6f8e8ef221250588cda7a6599477bb369abb073
2023-03-20 07:30:12,True,0.5105,0.001526,583.944,0.8915,0x70...8487,https://bscscan.com/tx/0x73b6e0d3af9ee838f304501c49369df3e247c44487f73a73f913e5dca02900e6
2023-03-20 07:30:00,False,0.5105,0.001519,230.0,0.3494,0x1f...e612,https://bscscan.com/tx/0x470dc2a1bd83d11d19bc2d35c450958481917c1b69bfb0c6f6f545b930959119
2023-03-20 07:29:57,False,0.5105,0.001519,26.8455,0.0407,0xb3...a303,https://bscscan.com/tx/0xf4b9f0dc2399eab9fe34b9538b2a894d0937c506db3095d4f370379f0edf7ecf
2023-03-20 07:28:24,True,0.5132,0.001526,4.39309,0.0067,0xd0...7200,https://bscscan.com/tx/0x84d326742d4d5154b294f47494cd883f661ff069f282efce9294db6f6cc7531f
2023-03-20 07:23:30,False,0.5109,0.001519,1292.35,1.96335,0x68...2a3b,https://bscscan.com/tx/0x8f45a3b9e5e8d8b8cdb2ec4f8da4b81bd990379386cde3b84a4759c638fb6a0f
2023-03-20 07:16:30,False,0.5108,0.001519,2803.08,4.25921,0x0b...47ec,https://bscscan.com/tx/0x31ccb3ba42ab5bc393a1c6df29c2b4518039beb8e5a1a1d01725302db4dbc940
2023-03-20 07:14:09,True,0.5139,0.001527,584.283,0.8923,0x70...8487,https://bscscan.com/tx/0x5b8419c1ab833bc34670e39af7b69b4e8dbbad36d188a772569db6ad1d37f1f8
2023-03-20 07:10:01,False,0.5076,0.001519,1363.74,2.07242,0x4e...0bde,https://bscscan.com/tx/0xc79cd3cc63b9b02b7572d6a6d87d8518379826003444235ae190ec03844ef076
2023-03-20 06:58:10,True,0.5124,0.001527,584.036,0.892,0x70...8487,https://bscscan.com/tx/0x10ad1542e63a4f4125793df33d574025649977a7631bd36d5c540ba4f9328326
2023-03-20 06:53:19,False,0.5072,0.001519,135.662,0.2061,0x1c...5028,https://bscscan.com/tx/0x6d8fbad25839a867026bb76d21c2fdf850b2a3a45dbfc2c4464fc598a3f3fe6e
2023-03-20 06:49:35,False,0.5071,0.001519,658.01,1.0,0x9b...231e,https://bscscan.com/tx/0x47ba5edb98d0ffbce72d437d6596173dad47f27b16204bf704dc2785ccbb73b9
2023-03-20 06:48:46,False,0.5097,0.001519,50.0,0.0759,0xa4...4ad0,https://bscscan.com/tx/0xb256be52ba014b4a51d75334a83a7d5f644ba5e323bd0c769412c9fc2da172fe
2023-03-20 06:44:45,False,0.5069,0.001519,1342.8,2.04088,0x00...78d2,https://bscscan.com/tx/0x4d16520092082ebc59d12ad946e34bf8176d7c37108010c7bb6349c544d5a072
2023-03-20 06:42:11,True,0.5094,0.001527,583.926,0.8919,0x70...8487,https://bscscan.com/tx/0x89ca14840a85fb1ea93826d01220dc066bc8ac9cac5c8d7b610e8893467df4ec
2023-03-20 06:33:57,True,0.5121,0.001527,359.435,0.549,0x2f...c13e,https://bscscan.com/tx/0x5e1e2c5ec99c3ca30ee979511938f171c1c01b5e758df6356c71893e66863071
2023-03-20 06:28:39,True,0.5133,0.001528,168.645,0.2577,0x20...07e8,https://bscscan.com/tx/0x037fa0c8d65293462fa69fec446897fef174252072cf68ec6357c731b21f8a4b
2023-03-20 06:27:18,True,0.5127,0.001527,584.469,0.8927,0x70...8487,https://bscscan.com/tx/0x176b4dfba09868fbf06cfa4f2e25843bc498846a6f2febb33553f29866f03f14
2023-03-20 06:25:54,True,0.5127,0.001527,176.0,0.2688,0xbc...0860,https://bscscan.com/tx/0x69f55b53ffbfe7019efb992d050fea5c65becdd31f59944d2185217265734f3d
2023-03-20 06:25:15,False,0.5107,0.00152,17304.1,26.3162,0x61...135e,https://bscscan.com/tx/0xa71793d3b1120ddde53a640548ff22952ae750151b09091252229fdb1ca15975
2023-03-20 06:24:45,False,0.5089,0.001523,17304.1,26.3541,0x61...135e,https://bscscan.com/tx/0x2956f10acd1519b0a21e2d3b7509a7a3f2f5f6d1d742b7c6ce8d496c666cc04b
2023-03-20 06:22:12,False,0.5117,0.001524,492.5,0.7506,0x0e...7558,https://bscscan.com/tx/0x455d2c4aec6f263fb29ced6b012c768fee2172e106452f01b79cd0ef1ae6a7c0
2023-03-20 06:22:12,False,0.5118,0.001524,1040.6,1.5861,0x00...78d2,https://bscscan.com/tx/0x9e3070e4984b11382b5c427c23999ea42f839b1582f803e0d2d45887ad049453
2023-03-20 06:11:12,True,0.5143,0.001531,582.931,0.8929,0x70...8487,https://bscscan.com/tx/0x49d3759d8af75f1a85e9deb1a94b95d1d59650fe3e7b2eaf7b5bc07f5e27f69b
2023-03-20 06:07:36,False,0.5092,0.001524,1155.4,1.76116,0x0e...7558,https://bscscan.com/tx/0x2f89863675265b32d59494671bb24c667c82ef6623a43559a2b13e6b71e1afa3
2023-03-20 05:59:18,False,0.5116,0.001524,190.82,0.2908,0xb7...34c7,https://bscscan.com/tx/0xbb84a356f8bc1f65e586962087e68e09a0125976c80f914f030f3395a77bd071
2023-03-20 05:58:45,False,0.5116,0.001524,1090.0,1.66165,0x00...78d2,https://bscscan.com/tx/0x8a911fec269fc0bf9ce0b1f10ca27f371b5d4e65e286afe57e79af6c757cdccc
2023-03-20 05:58:45,False,0.5117,0.001524,2455.7,3.74414,0xc1...b919,https://bscscan.com/tx/0x93a30215f23c0b115f791488331fd3e34e114bab3613b094dc2bba499a10219d
2023-03-20 05:57:24,True,0.5106,0.001532,1539.29,2.35879,0xc0...38a2,https://bscscan.com/tx/0xfaf362e4eac5ffbadca1216cd93d0dc5ab40a9c130a1c3c58074669df99f961c
2023-03-20 05:56:12,True,0.513,0.001532,583.567,0.8941,0x70...8487,https://bscscan.com/tx/0x2b1c288ace45d4e84a43eed3362b3749b66b9b6d239880de32797d5de6338561
2023-03-20 05:52:21,False,0.5102,0.001524,36.1498,0.0551,0x9e...99b5,https://bscscan.com/tx/0x7121194a935227ee9c158a25822919ebb34a84070f0e52b7e2e837f610d11bc8
2023-03-20 05:44:33,False,0.5074,0.001524,356.01,0.5427,0x04...a1f2,https://bscscan.com/tx/0xf1b8beeb9d934ba40f42016fda0fa21ac10cb118e0e2eea69a2ba22fe91637d9
2023-03-20 05:40:18,True,0.5102,0.001532,583.558,0.8941,0x70...8487,https://bscscan.com/tx/0x1c555e14334f1bcfe33d22e0e8da1c3c5bd291a5639cf1c44e5f651957d3687f
2023-03-20 05:39:36,False,0.5103,0.001524,3049.7,4.64996,0xc1...b919,https://bscscan.com/tx/0xcc3b1d3ff74586648c30bf6bc7ddc9ba01f9b7783df17be6704dc5505b70faa5
2023-03-20 05:27:42,False,0.5103,0.001524,12.7875,0.0195,0xfc...4334,https://bscscan.com/tx/0xb8f0f25a8e41b1f7933fcaa1b02dc789f8c12dd178302a63357729e7311a8992
2023-03-20 05:25:09,False,0.5101,0.001524,95.5723,0.1457,0x5a...2327,https://bscscan.com/tx/0x56940ad63acf16fd0e0550542fec5f33211fbcb5de323e278f0b5d849627cfea
2023-03-20 05:24:11,True,0.5099,0.001532,583.557,0.8943,0x70...8487,https://bscscan.com/tx/0x7344e1129dba5ace95764cc3cc9adc4c0b6a3e713dc5d76252f6e46cef8541c9
2023-03-20 05:22:03,False,0.5074,0.001524,206.651,0.3151,0xd3...ec6f,https://bscscan.com/tx/0xdfb7e8aadc7dd563abf806467e629c19429deb60afbebf1d71fdb8700ab4d298
2023-03-20 05:08:12,True,0.5086,0.001532,585.033,0.8965,0x70...8487,https://bscscan.com/tx/0x681d8b898261cf86b71722011ea66e338058b73808cf96e99882052172f4440b
2023-03-20 05:04:42,False,0.5058,0.001524,7.2872,0.0111,0x43...a0db,https://bscscan.com/tx/0x4e14a1bf17da2da66c24f470242870c2bf68deafdd6305df7d91931a04d9983e
2023-03-20 05:03:36,False,0.5084,0.001524,1247.7,1.90261,0xc1...b919,https://bscscan.com/tx/0x172922df161e0ac3140401f13e4997a37c12bdf07b2cd7270d4fe23b2e3b1335
2023-03-20 05:03:33,False,0.5085,0.001525,1807.8,2.75705,0x82...2196,https://bscscan.com/tx/0x5bee773af6b6f2b202843795c45392bc4564acfdf2a6c344812acb70f925c2a9
2023-03-20 05:03:27,False,0.5085,0.001525,610.626,0.9313,0xd3...ec6f,https://bscscan.com/tx/0xd0a1169f60456b4f3201434698b1df074197683a9ed3ae9edf4b74c84d0d8ea8
2023-03-20 05:03:24,False,0.5086,0.001525,610.595,0.9313,0xd3...ec6f,https://bscscan.com/tx/0x02e4423e98c8dbb1b8eb133a049bdfa8599d50361ccd01590bb324ae7e7fad5b
2023-03-20 05:03:18,False,0.506,0.001525,659.935,1.00666,0xd3...ec6f,https://bscscan.com/tx/0xc50e347fda1db598d10ca058b29ddddd273740566ec994d8519cbf932c465a3c
2023-03-20 05:03:15,False,0.506,0.001525,659.899,1.00666,0xd3...ec6f,https://bscscan.com/tx/0x8b5a3d45943c64dbfdc2552e670d06015cee19ffdf3283a3a2721d2baeef8c97
2023-03-20 05:03:12,False,0.5061,0.001525,659.863,1.00666,0xd3...ec6f,https://bscscan.com/tx/0x88c467df91d81c7615e23e5651821b31c195cfdd7da8879bcbbf94c1b1dd7e15
2023-03-20 05:03:09,False,0.5061,0.001525,659.827,1.00666,0xd3...ec6f,https://bscscan.com/tx/0x040352f8144e5af3da3f97b75e1c0f05c2140824712cdacad5f203e26d34b26b
2023-03-20 05:02:00,True,0.5092,0.001533,1934.9,2.96744,0xd3...ec6f,https://bscscan.com/tx/0xca2c0cd4c1529fcdc4cfd89a8b419d158406e7ac0d80dfcc13bb23e8e5ba32fb
2023-03-20 05:01:12,True,0.5116,0.001533,1067.3,1.6362,0xd3...ec6f,https://bscscan.com/tx/0xb42e51e23fb9e5de85108724c649545aebea9bc69204e61d126473ac10b787dc
2023-03-20 05:00:42,True,0.5114,0.001532,923.629,1.41583,0x2c...015a,https://bscscan.com/tx/0xd7e9378ee659c85751674c16d14f774313803280ea8be136bf4a2f31480015c4
2023-03-20 05:00:42,True,0.5114,0.001532,923.7,1.41583,0xd3...ec6f,https://bscscan.com/tx/0x6a7a62a051c6949d0c4bb52af016b62b8aab6cc4064718b98272970e64dbd58c
2023-03-20 04:55:54,False,0.509,0.001525,50.0,0.0762,0x40...bf97,https://bscscan.com/tx/0xeb081e420c22719631e32ba37d36faacf0ca9e0ba1c0fad0fea08c102e0bb3ac
2023-03-20 04:54:06,False,0.5068,0.001525,1614.14,2.46186,0x32...069d,https://bscscan.com/tx/0x5ab34ee8bb566d5b85adf92aee28de70d435533b058d9a6e789e401841b3317a
2023-03-20 04:53:51,True,0.5094,0.001532,97.2514,0.149,0x34...b2a8,https://bscscan.com/tx/0x5e913796efda8fd3525eadc55b51d18d5a8976c42346c3140c599a18eca562f6
2023-03-20 04:53:21,False,0.5069,0.001525,1650.0,2.51687,0x83...6678,https://bscscan.com/tx/0xda6afe4751d3beae3b07bb328da83497b68d86b452d261eae75f66e6ca83c750
2023-03-20 04:53:21,False,0.507,0.001525,2388.42,3.64385,0xdb...8aba,https://bscscan.com/tx/0xe00552b19ea88530038a38ccda9ec254d4aa1432aeea3e4a65df7b90ca819a55
2023-03-20 04:53:21,False,0.5071,0.001525,2386.4,3.64149,0xd8...bcda,https://bscscan.com/tx/0x945b5b0d15d7e44999cd393eb09dd82cf6cb6d52f1f5c2a174e986edf40e96f1
2023-03-20 04:53:21,False,0.5072,0.001526,1719.6,2.62445,0x3b...290a,https://bscscan.com/tx/0xb4fd542d47a9db3555bb18abc707bef0e7f89cf72655f5507a7021898f45faca
2023-03-20 04:53:21,False,0.5073,0.001526,1648.1,2.51568,0x56...0086,https://bscscan.com/tx/0x4811b938982c549b5acb263a8694aa99ffb73dd5bfa7acb5e9a877499f04a37b
2023-03-20 04:53:21,False,0.5099,0.001526,1322.87,2.01948,0xb0...a41e,https://bscscan.com/tx/0x210c375ab705ce46309b67101ab5ed1c02919c09b80ba385d1ca73ff005c3666
2023-03-20 04:53:15,False,0.5099,0.001526,1075.6,1.64217,0xb3...55e7,https://bscscan.com/tx/0x6b87396e6797402f2bbfb3d07e5ba31bc05325c5583ebaf5fe2e7f03d7b4e48d
2023-03-20 04:53:06,False,0.51,0.001526,1074.65,1.64087,0xd3...ec6f,https://bscscan.com/tx/0x235f25653cb4ba3724d3833497a6de0a20e415fc6d6471ec79c06dbd081b1e03
2023-03-20 04:53:03,False,0.5074,0.001527,1123.1,1.71501,0xd3...ec6f,https://bscscan.com/tx/0x07674a34a3d73b2b710960266efd260118e52bcdc6fa8e990101e9e86de6c3a7
2023-03-20 04:53:00,False,0.5075,0.001527,3079.05,4.70261,0xd3...ec6f,https://bscscan.com/tx/0x8d793f03c0e10e9bece3309a0997c45a92f8516c89ba932de03eeb40879965d8
2023-03-20 04:52:57,False,0.5077,0.001527,3471.94,5.30412,0xd3...ec6f,https://bscscan.com/tx/0x1cb5e4b7dec6ab7b7ab74a7f108c592ce428abaa534f5b6a2ec70278f81fe3b5
2023-03-20 04:52:54,False,0.5078,0.001528,3235.22,4.94386,0xd3...ec6f,https://bscscan.com/tx/0x8a278546d12d8b1be68df33e83c564a9273e945b6176a82170bb9e9a0944b4b8
2023-03-20 04:52:51,False,0.5104,0.001528,2504.46,3.82808,0xd3...ec6f,https://bscscan.com/tx/0x487cc44a170b3da3709ffb8d33812d094a22e0a96c1432e516c81c2f1c273062
2023-03-20 04:52:48,False,0.5105,0.001528,2402.32,3.6727,0xd3...ec6f,https://bscscan.com/tx/0x6121dea6567a84571b0229966b2267228b7366a1e978d6bc598f7afc9b325a8a
2023-03-20 04:52:39,False,0.5106,0.001529,4031.22,6.16464,0xd3...ec6f,https://bscscan.com/tx/0x6b16d8f15489af032eb9e1a56668837fee6f79c9e1b821777d17718f9d2192ce
2023-03-20 04:52:36,False,0.5107,0.001529,1089.2,1.66599,0x00...78d2,https://bscscan.com/tx/0x7840ccb8e7ea948f7df4fd36fcc9a98f5bb1e253094341c8f87177bf9cb3657b
2023-03-20 04:52:36,False,0.5109,0.00153,6761.25,10.3451,0xd3...ec6f,https://bscscan.com/tx/0x156cf1b1784a70244f165d185a611935b0a5bb7b6913a6a4025f891125478a3a
2023-03-20 04:52:24,False,0.511,0.00153,396.519,0.6068,0xd3...ec6f,https://bscscan.com/tx/0xdcde19bfd5d12d024b1e50edc86568fcc8d992baac3ce87a85e4dff3ee93e0a7
2023-03-20 04:52:21,False,0.5085,0.00153,396.506,0.6068,0xd3...ec6f,https://bscscan.com/tx/0x00684f1eca4a373bde359c6752f946e250d794c34cb58fc894f2ccd051f62896
2023-03-20 04:52:15,False,0.5085,0.00153,1767.89,2.7061,0x7a...c707,https://bscscan.com/tx/0xe72c4486798c6d530b9b965e337106dad6f782f5750adeec2a594838c1c58527
2023-03-20 04:52:15,False,0.5086,0.00153,2228.63,3.41192,0xd3...ec6f,https://bscscan.com/tx/0x0f3a7789f9a6bc9ffe40eff83c6292f8870116dae4e428715b0113beba644135
2023-03-20 04:52:12,False,0.5087,0.001531,527.3,0.8073,0xca...34d7,https://bscscan.com/tx/0xa9fa53e762f126fb514d2bc374d0b3be92a90c810c8b118df1c7c1f62e85e3b9
2023-03-20 04:52:06,False,0.5087,0.001531,1857.6,2.8445,0xaf...847e,https://bscscan.com/tx/0x867603bc70774d8e71b109dd67acb600de12fef8936cc92c03d81f2a69e59d0f
2023-03-20 04:51:57,False,0.5089,0.001531,2034.3,3.11558,0xa0...cc8d,https://bscscan.com/tx/0x531d976656930e8feb883875eaa9e8914b8c63510f0fc1f87433c0f5d7648221
2023-03-20 04:51:57,False,0.509,0.001531,1948.54,2.98474,0xd3...ec6f,https://bscscan.com/tx/0x92ade19494a12ad29f37289d9b36b4d5911edfc3b77bb8952bd84bad8362ea24
2023-03-20 04:47:12,False,0.5095,0.001531,535.931,0.821,0xd3...ec6f,https://bscscan.com/tx/0x538619307499e63e7b676cb4f66b077414fd35c09ca293e25d39463f820f5c24
2023-03-20 04:47:09,False,0.5095,0.001532,535.907,0.821,0xd3...ec6f,https://bscscan.com/tx/0xa428af9f778de759533268d847c9c589cc1184ab84981a1096c6940014f118cd
2023-03-20 04:44:21,False,0.5093,0.001532,814.752,1.24828,0xd3...ec6f,https://bscscan.com/tx/0x8110ae344bcdc240e83e51218e91cbda1c8b422d6301ce95e8e270f398f41e24
2023-03-20 04:44:18,False,0.5119,0.001532,814.697,1.24828,0xd3...ec6f,https://bscscan.com/tx/0xdf98aa1f3820292afdea3652893da2e4aaaed4414f7c4aa8bbd5baaaa1f5accb
2023-03-20 04:44:15,False,0.512,0.001532,2216.62,3.39673,0xd3...ec6f,https://bscscan.com/tx/0x9c88b0945144af877922f1c409aca04e74b3835ec4213aa40e18b946a3b80a76
2023-03-20 04:44:12,False,0.512,0.001532,1327.62,2.03473,0xaf...847e,https://bscscan.com/tx/0x092366c506e9c44620ab5f516b73f5dfabf1ba0e91e0336a131985e45aea69c9
2023-03-20 04:44:12,False,0.5121,0.001532,1520.2,2.33017,0xd3...ec6f,https://bscscan.com/tx/0xebfaa4cee9856a6fb973ed3de183bf4c0171f755849acbb33601a24714d7c6fa
2023-03-20 04:44:09,False,0.5121,0.001532,461.1,0.7068,0x34...7c76,https://bscscan.com/tx/0x4c73da5a575aeed639533f3156f6abbcc05707c055448f3370e507a6a5061ce0
2023-03-20 04:43:27,False,0.5096,0.001533,238.186,0.3651,0x06...c9f0,https://bscscan.com/tx/0x668db617838635cfc14c27502b16faec692293cb519f6031abc95dcaa15a00b9
2023-03-20 04:37:33,True,0.5152,0.00154,80.2772,0.1236,0xec...9221,https://bscscan.com/tx/0xf33d92520fe90bf3ff770d8245c26dfcf27ae1db2288332b097a245ec30852f6
2023-03-20 04:32:24,False,0.5123,0.001533,1560.91,2.393,0xd3...ec6f,https://bscscan.com/tx/0xfe0a268fc31152422ddf9547f0dbf293b21c26072e3f876e257cb2cce2af04f1
2023-03-20 04:32:06,False,0.5099,0.001533,4097.57,6.28336,0xd3...ec6f,https://bscscan.com/tx/0xd185c37661330932ce1a0846fead3392a6ead1de009e8cdf760d060a23104ec0
2023-03-20 04:31:18,False,0.5104,0.001533,2063.0,3.16429,0x78...e75e,https://bscscan.com/tx/0x2c8cbf6780e226a6c63cfefe585d2a7804b83b0617fe17ce88063149736986f2
2023-03-20 04:26:33,False,0.5132,0.001534,1909.6,2.92949,0x9d...6dab,https://bscscan.com/tx/0xa5f9b842924e5c40fbc528f82872bbc6ec8a9a932f2e2e898d1fd6944ff69f29
2023-03-20 04:26:33,False,0.5133,0.001534,1908.43,2.92817,0xd3...ec6f,https://bscscan.com/tx/0x5abfbd477d17ee654f3eaed198f324bbecbb663e59278ca7ff3174f24d5fc3fe
2023-03-20 04:26:27,False,0.5134,0.001534,1909.27,2.92992,0xd3...ec6f,https://bscscan.com/tx/0x35c36a50f3ecf0988b9305e4d3a9cea429c2f7f72e9178134732d166139e2cde
2023-03-20 04:26:21,False,0.5135,0.001534,1910.58,2.93239,0xd3...ec6f,https://bscscan.com/tx/0x1cde6ff1b17a3bc1daf0c70d89933e594410b8206e9ae475b4ace726cd1fc319
2023-03-20 04:26:18,False,0.5135,0.001535,1515.08,2.3257,0xd3...ec6f,https://bscscan.com/tx/0xe587bcf5e7a55e21c98af38e3749fa5f4c8cba5cad30d17f917551c060597341
2023-03-20 04:26:15,False,0.5135,0.001535,382.9,0.5878,0x43...fe22,https://bscscan.com/tx/0x0f2ee2d55095e38240a0644006b16d13d5357003900f1c246f54fed472c84fcd
2023-03-20 04:26:12,False,0.5135,0.001535,382.356,0.587,0xd3...ec6f,https://bscscan.com/tx/0x3c3573d16abd253245083bba1e23d14a4b7d736cc1a4a71715ebfc2f9cca2f48
2023-03-20 04:26:09,False,0.5136,0.001535,3002.6,4.61026,0xd3...ec6f,https://bscscan.com/tx/0xa344d3a87dee292311b84088437919300a11a55ce49cbea87613bee4ec1ff24d
2023-03-20 04:26:06,False,0.5137,0.001535,913.158,1.40231,0xd3...ec6f,https://bscscan.com/tx/0x8fba2ebe6e653a840c6b24925c95e754b1cac5a85d8e937f53d4207c3399e60e
2023-03-20 04:26:06,False,0.5137,0.001535,1033.7,1.58756,0x00...78d2,https://bscscan.com/tx/0x1b78e951ef4dec9d8cae792205ccc3f90dfc702ca5efda677325cc86e054a5fd
2023-03-20 04:25:57,False,0.5112,0.001535,876.639,1.34645,0xd3...ec6f,https://bscscan.com/tx/0x6ee7fd39f9ec97e7119e91e274d7eefcfc7c46c9773b0b1ead187fec38a73422
2023-03-20 04:25:54,False,0.5112,0.001536,1659.5,2.54913,0x34...7c76,https://bscscan.com/tx/0xecd661a2ed062c6ff9e15ce8b8caab74be0fc0c81850d8d22cc69b1bc3488eac
2023-03-20 04:25:54,False,0.5113,0.001536,1658.03,2.54723,0xd3...ec6f,https://bscscan.com/tx/0xc3f26d5e924d2c10f08ccdc5ca8642262520cf9df6ccb798812191e30c08962f
2023-03-20 04:25:36,False,0.5143,0.001536,416.021,0.6391,0xd3...ec6f,https://bscscan.com/tx/0x0710236a2eeafb69e82cbe6d8170595a63f006f3bbc4ac2bf7ac9d903c95fee3
2023-03-20 04:22:21,False,0.5139,0.001536,5519.59,8.48257,0x62...1f10,https://bscscan.com/tx/0x93a9feb3caaad4f8324a43a7793a509795a161b13a5542329749b225a832e711
2023-03-20 04:21:39,False,0.5142,0.001537,29.429,0.0452,0xc8...5889,https://bscscan.com/tx/0x65e5f4dc755959854cf0543c4304044742b0bbb283895498ee07a66b99b72b20
2023-03-20 04:15:46,False,0.5143,0.001537,36.9004,0.0567,0x1f...b7bb,https://bscscan.com/tx/0x6157bba4034aaa24c9127198fb85e897d8073639832215c2ac51f78f3406941c
2023-03-20 04:08:49,False,0.5145,0.001537,12.0,0.0184,0x1c...3b32,https://bscscan.com/tx/0xdfc01b0112107942ae6247a66f7e6bf0ae31b83ae3636f9a08d0878374a3f5ac
2023-03-20 04:07:07,True,0.5169,0.001544,2882.7,4.45292,0xd3...ec6f,https://bscscan.com/tx/0x8f5ce705a8b90688e05c9a9b12ffc8efa70ead0afff3af8dac9b3629ed38f35d
2023-03-20 04:06:40,True,0.5194,0.001544,2882.7,4.45184,0xd3...ec6f,https://bscscan.com/tx/0x2b75e57f120f69988f66b5c84c97d095a61a7f3b3748396b1dad05d936f664ac
2023-03-20 04:05:40,True,0.5168,0.001544,1496.4,2.31051,0xd3...ec6f,https://bscscan.com/tx/0x976876a9aaf40d4b6aa33547bc2458ca78641cd1052b85c32976be0bcef244c8
2023-03-20 04:05:34,True,0.5194,0.001543,1496.4,2.31022,0xd3...ec6f,https://bscscan.com/tx/0x710916c2ad455c0744eb26304bc70897b064158170501df5eb82469576b46cef
2023-03-20 04:05:31,True,0.5193,0.001543,1496.4,2.30994,0xd3...ec6f,https://bscscan.com/tx/0xa83f64c3c7626a614f0e8e4c081f133060d80700b6b92ac9cf3ddf29d19f3dc9
2023-03-20 04:05:16,True,0.5192,0.001543,1496.4,2.30965,0xd3...ec6f,https://bscscan.com/tx/0xc91694e5a1cf81b97a0804307386bea1e2026dc0448a8fcfc5ef3980f18b26f6
2023-03-20 04:03:49,True,0.519,0.001543,987.4,1.52386,0xd3...ec6f,https://bscscan.com/tx/0x0232fa080e0a2037276b3814b705373f2424b96619a3a76d2b8e877cfd24323b
2023-03-20 04:03:43,True,0.5189,0.001543,987.4,1.52374,0xd3...ec6f,https://bscscan.com/tx/0x9a5b00c01d84fe690928c717c42afc6b8012985facd8f81245fb6f5033315b6a
2023-03-20 04:03:40,True,0.5188,0.001543,987.4,1.52361,0xd3...ec6f,https://bscscan.com/tx/0xa7d0d1879bd3870afff96e3b6225d0c75913e971be101913c48dab9c853fd227
2023-03-20 04:02:52,True,0.5189,0.001542,987.4,1.52349,0xd3...ec6f,https://bscscan.com/tx/0xb1ba174d88cdaec11a3d755c2a70a13e93da3678375da2dcd0d57a394354f72b
2023-03-20 04:02:49,True,0.5188,0.001542,1031.3,1.59109,0xd3...ec6f,https://bscscan.com/tx/0xd52239431ed2a7786dcf0d052ddcd718d6d087abbf91ee9526f0da9e0d3f0d5f
2023-03-20 04:02:46,True,0.5189,0.001542,1031.3,1.59095,0xd3...ec6f,https://bscscan.com/tx/0xc9580e73d7ebf222c653df785b4d066c3ba444088c851bd559774b8d0bf524b8
2023-03-20 04:02:43,True,0.5188,0.001542,1031.3,1.59081,0xd3...ec6f,https://bscscan.com/tx/0x4d7ffb8e1c842800503465cb74838a686b4ea0fd3cb96d8737dec6d7b522bfc3
2023-03-20 04:02:40,True,0.5188,0.001542,1031.3,1.59067,0xd3...ec6f,https://bscscan.com/tx/0xb102f27bda75ac7a483ba84b19f9152d09a04c0e00ec794b73f47bc1f35f3979
2023-03-20 04:02:37,True,0.5187,0.001542,985.2,1.51944,0xd3...ec6f,https://bscscan.com/tx/0x0667be26834d09856646e023e04c5979e25163b13a6c7891e4aa311451dad2d3
2023-03-20 04:02:34,False,0.5161,0.001534,99.6394,0.1529,0xff...5f01,https://bscscan.com/tx/0x6982ea29c6fa01ca31730e90268f18a51d38a7b5f3dc4f876dd6c86aec1169e6
2023-03-20 04:02:31,True,0.5187,0.001542,985.2,1.51933,0xd3...ec6f,https://bscscan.com/tx/0x42c440145ef633972b318a20c612fe8efa131e4d6da11115aa91997433143d67
2023-03-20 04:02:28,True,0.5187,0.001542,1021.3,1.57487,0xd3...ec6f,https://bscscan.com/tx/0x1dfb2c91f95e7be5e9f2685a1d74f2b799d46f9d80bd690c15e6c9c4b9063d5d
2023-03-20 04:02:22,True,0.5186,0.001541,2698.93,4.16117,0xd3...ec6f,https://bscscan.com/tx/0x8952435ef2d0a032491b05e3ea141197c8f38afa6b00ed32b5c18478523e8dc3
2023-03-20 04:02:19,True,0.5185,0.001541,1021.3,1.57438,0xd3...ec6f,https://bscscan.com/tx/0xf4e6a5ed0da738b0f9f574d575b384c31e06903f565828221a714df8d0b96684
2023-03-20 04:02:16,True,0.5158,0.001541,2830.8,4.3631,0xd3...ec6f,https://bscscan.com/tx/0xc3e30f76b86d935e8f075eb5caf18ccb84fd39a9eda0e520ad0970058e705937
2023-03-20 04:02:13,True,0.5157,0.00154,2830.8,4.36207,0xd3...ec6f,https://bscscan.com/tx/0x4355e3639f330e69a8836b2607e6bc9c469cd8818f4f1f10a5bccfd6f03b9e73
2023-03-20 04:02:10,True,0.5156,0.00154,614.284,0.9464,0xd3...ec6f,https://bscscan.com/tx/0x48b426340eff6ec1e3c87bdcdc2375d0d168db27d41cfefc555cd4ed67f237c5
2023-03-20 04:02:10,True,0.5156,0.00154,2271.96,3.5,0x62...1f10,https://bscscan.com/tx/0xed6979e4abd007c45fe4aeed12bbf0c1e4c6eaf4d136ded1b87dd331bd50dc8a
2023-03-20 04:01:01,True,0.5152,0.00154,1064.4,1.6395,0xd3...ec6f,https://bscscan.com/tx/0x86c84058bc8aeead1646d73bfbc033f9b89b0ed3ca5a3dafd47dd0e91d9f1282
2023-03-20 04:00:58,True,0.5152,0.00154,1064.4,1.63936,0xd3...ec6f,https://bscscan.com/tx/0xdcb880cecc5e51681f765730c3da37791bf30f51df31d4e8235d2ea3d0bffb66
2023-03-20 04:00:52,True,0.5152,0.00154,521.3,0.8028,0xd3...ec6f,https://bscscan.com/tx/0xdac30dc9b2c2f74906dd69caf785b50eecff7430e2a6f926156505729dc20be7
2023-03-20 04:00:49,True,0.5151,0.00154,521.3,0.8028,0xd3...ec6f,https://bscscan.com/tx/0x5679cb2a3e08c64948df08bf8a4ead01440a279ce92dda6db3e96060a1adc895
2023-03-20 04:00:43,True,0.5177,0.001539,495.1,0.7624,0xd3...ec6f,https://bscscan.com/tx/0x4b0db492c21f24edd3e4e9cffb3dd322af2e8782fa5a2de7275e7b2de184c56a
2023-03-20 04:00:34,True,0.5177,0.001539,397.007,0.6113,0xd3...ec6f,https://bscscan.com/tx/0x135fba3041810da33c5d66edb3864325d7c213d893b4fffcbeedafeec6af7951
2023-03-20 04:00:31,True,0.5177,0.001539,482.1,0.7423,0xd3...ec6f,https://bscscan.com/tx/0x18363f67878d75594d7d9f4c7833cf6110a414763603d050b88670ce0f93d5e8
2023-03-20 03:58:01,True,0.5149,0.001539,3247.63,5.0,0xed...4f31,https://bscscan.com/tx/0x0b3bd79cba9e3a69e7bc53779e9da5a459f2eddd128dcac9d7e611e7df65b327
2023-03-20 03:57:28,True,0.5173,0.001539,809.1,1.24547,0xd3...ec6f,https://bscscan.com/tx/0x362e53e0e4065fbb269ae86e524d86d6791a8aa255b1bfd70d28d0544196b681
2023-03-20 03:52:55,False,0.5146,0.001531,10.0423,0.0153,0xff...5f01,https://bscscan.com/tx/0x59f0e28f0e0d19d6c638f5f45f466921616a8305bea43c8ae3e2adf15bbc39ed
2023-03-20 03:49:55,False,0.5112,0.001531,3575.92,5.47765,0xd3...ec6f,https://bscscan.com/tx/0x8aeeef26ec6d4715ac42ff62fe9f85a652c6378bc661c9d968723196fefcfb1b
2023-03-20 03:49:49,False,0.5113,0.001532,3708.36,5.68223,0xd3...ec6f,https://bscscan.com/tx/0x6b4d472276fe57d0e5be7d9be776b1a876f9ccc673613a1cbf986d8c9fb80918
2023-03-20 03:49:40,True,0.5164,0.00154,60.0,0.0924,0x76...0f68,https://bscscan.com/tx/0xa7004401c3cf48510e94736c3946fe71c921fbffe6c8bbd2d68ffd23de778f5a
2023-03-20 03:49:13,False,0.5139,0.001532,4170.55,6.39251,0xd3...ec6f,https://bscscan.com/tx/0x5045798acc8027acc5c81b8d3d823d0a6c0f541021ed0825ee21b0892959442b
2023-03-20 03:47:58,False,0.5114,0.001533,4067.29,6.23637,0xd3...ec6f,https://bscscan.com/tx/0x8e0d321fb90c83176ca55577e121ebafbbcb2048e3fb87376c7f9076f3dd4934
2023-03-20 03:47:34,False,0.5142,0.001533,4083.01,6.26261,0xd3...ec6f,https://bscscan.com/tx/0xe428fac3ffb43befe5ae14a9ee1f3444e4a936f599727ed706f44c43be0d0667
2023-03-20 03:47:07,False,0.5118,0.001534,7.69316,0.0118,0x97...2c91,https://bscscan.com/tx/0x3e5bca38ad657420e338f47f6a6fff7ddb37d3406e28b54f486df05ff63cf181
2023-03-20 03:46:28,True,0.5171,0.001541,32.0,0.0493,0xb5...3619,https://bscscan.com/tx/0xbc7f1900084cfa3af6f0b1072a1907bcaf38bac58d4f18641261db4bc3e9813c
2023-03-20 03:46:22,False,0.5146,0.001534,4093.94,6.28151,0xd3...ec6f,https://bscscan.com/tx/0x34c89da16302012cdca2487c3a2f02705acb1706d3725a2a25874fcdf4da184b
2023-03-20 03:45:17,False,0.5123,0.001534,2415.9,3.70782,0x34...7c76,https://bscscan.com/tx/0xa4fe8c09672c235bb429f2ccbd42ed9778cf60366b886de7b738fda7ece4e1d2
2023-03-20 03:45:17,False,0.5124,0.001535,2027.84,3.11282,0xd3...ec6f,https://bscscan.com/tx/0x684e8d16ce6f9893ef91340843a6680852eddf0744150ceb29becb4c593bef75
2023-03-20 03:45:11,False,0.5148,0.001535,909.13,1.39572,0xd3...ec6f,https://bscscan.com/tx/0x6e6e809042391622e0e1f291a61988eb020a8c069c7d25da2bdb46a5ac73c52f
2023-03-20 03:44:57,False,0.5123,0.001535,1949.3,2.99298,0x82...2196,https://bscscan.com/tx/0x6d550c9c41f0387ca464f3eb6852fdcde6f43c2ef5a28b25613f5091478385ac
2023-03-20 03:44:57,False,0.5124,0.001535,2232.05,3.42772,0xd3...ec6f,https://bscscan.com/tx/0x963f1423192ecd26427858f699111b3f0d2aeea2907894e3d34e78bb798bf746
2023-03-20 03:44:46,False,0.5131,0.001535,564.751,0.8673,0xd3...ec6f,https://bscscan.com/tx/0x3b28bf4951c2692dc0a151261a81b43cb879cee5b851dea54c8cf680650ea208
2023-03-20 03:41:02,False,0.5164,0.001535,24.7534,0.038,0x98...9c06,https://bscscan.com/tx/0x47e1e5548397dc802bc223a418f83e66bacda6f387ad8e05e8009d4bfab14d20
2023-03-20 03:39:15,False,0.5149,0.001535,11.2063,0.0172,0xea...6a6e,https://bscscan.com/tx/0x8aaaa016581923589bdaee1c06df14272c0bddebe095deaed8ba7269a9ea8d99
2023-03-20 03:38:30,False,0.5176,0.001536,1344.36,2.06492,0xd3...ec6f,https://bscscan.com/tx/0x57bde049bdfd3eeca8585b75e44e4c3ec6e7b2b82799b95d2176fc816409342c
2023-03-20 03:38:27,False,0.515,0.001536,1344.21,2.06492,0xd3...ec6f,https://bscscan.com/tx/0x24cae77a9ec81bce64fe6ee30541855d828d2d41be3440df22b4bc11f033e7f2
2023-03-20 03:38:24,False,0.5151,0.001536,3055.85,4.69514,0xd3...ec6f,https://bscscan.com/tx/0xc1504df783885ecca493748632bf855e584f924055ec2ad73cf094a74f11e89c
2023-03-20 03:38:21,False,0.5152,0.001536,1392.2,2.13943,0xa0...cc8d,https://bscscan.com/tx/0xeeb2f2f29040ea6438859ac8c4ceab1da3c5fca8dce5d5f97b8f97ab43c6cc2d
2023-03-20 03:38:21,False,0.5153,0.001536,1002.14,1.54017,0xd3...ec6f,https://bscscan.com/tx/0x80babedc8130a291451109d6988ac4db965a1092276d2ea47a9740105c64e882
2023-03-20 03:36:44,False,0.5181,0.001537,674.444,1.03661,0xd3...ec6f,https://bscscan.com/tx/0x07d552a8a2d31b81f2c89877479e7fe0dfd846d714a7d41dce08a431f6616889
2023-03-20 03:36:41,False,0.5182,0.001537,674.205,1.0363,0xd3...ec6f,https://bscscan.com/tx/0xea93f2bfe58343ce2b1e86fdc35880c65bb1612c15b44d44bc8b99baa9ceeac1
2023-03-20 03:36:38,False,0.5156,0.001537,652.891,1.0036,0xd3...ec6f,https://bscscan.com/tx/0x7613e10264d96511ac57bf6987ec72867cebd03a280d8b34e1caaed5d1b648da
2023-03-20 03:35:26,False,0.5153,0.001537,1779.74,2.73602,0xd3...ec6f,https://bscscan.com/tx/0xf08a145ad093e18b569a662aa4d521856c72ebc976b9a34f5b27a77e063959b8
2023-03-20 03:35:23,False,0.5154,0.001537,1779.48,2.73602,0xd3...ec6f,https://bscscan.com/tx/0x4e47b4b23e28d6aed68e6e443c2c23c4ebf887f974f0bb0802fc9366030e613e
2023-03-20 03:35:20,False,0.5155,0.001537,776.789,1.19447,0xd3...ec6f,https://bscscan.com/tx/0xe4d96e4719ce5d5bfda43e5f24d56fa4cd72f97e0644debdb48a083db2c72c99
2023-03-20 03:35:17,False,0.5155,0.001537,776.738,1.19447,0xd3...ec6f,https://bscscan.com/tx/0x5bb057747319b7f022c0738a5920a3f908c6927d61a5de9e2be3222fc3bf793e
2023-03-20 03:35:02,False,0.5157,0.001538,2263.96,3.48198,0x52...1c7e,https://bscscan.com/tx/0xbbc81d1aad0700ce8a50f4b85397dc4757280b7d39fe9bf28f663140ffaae355
2023-03-20 03:34:44,False,0.5157,0.001538,1101.22,1.69391,0xed...4f31,https://bscscan.com/tx/0x5953847aefa9ee431451d92a4a2b41c123a74ad5b0e622da83969e0ee531cee9
2023-03-20 03:34:44,False,0.5158,0.001538,2264.6,3.48394,0xda...c952,https://bscscan.com/tx/0x1f81060470b3468048a93bc12bcd692f96595d1a00653bbee6740c9ac61657f6
2023-03-20 03:26:41,True,0.5181,0.001546,444.8,0.6877,0xc3...157a,https://bscscan.com/tx/0xa21eba55fd47ff5a89028fb0d95a0124bbfc74ad6b9a3c3c560ed027446343fd
2023-03-20 03:18:23,True,0.5189,0.001546,1056.7,1.63385,0x0e...7558,https://bscscan.com/tx/0x66f48fb3226b0ce577c91c957a7af597e3c6ee042346e062aded05696580abba
2023-03-20 03:17:59,True,0.5188,0.001546,2263.96,3.5,0x52...1c7e,https://bscscan.com/tx/0xc02f5fef4bc23a5acdb369979b3f8781827dd89592ef5c8af7b053e244da436d
2023-03-20 03:17:59,True,0.5188,0.001545,1101.22,1.7022,0xed...4f31,https://bscscan.com/tx/0xbb91a3a1a51806daa5d2c6ad4fece58adbfb2981c315056db7561fa79713a524
2023-03-20 03:17:59,True,0.5187,0.001545,2264.6,3.5,0x2f...e155,https://bscscan.com/tx/0xcad3c27fc32f24599235d0283fecef36317f86caae9a43c3594fda0776809be8
2023-03-20 03:16:23,False,0.5162,0.001537,475.426,0.731,0x69...0f8c,https://bscscan.com/tx/0x6f031e6728ffd93dfdbda5b1d0bdff0ae56d338e80cd3680a6198080fbb8ed20
2023-03-20 03:13:53,True,0.5216,0.001545,935.1,1.44509,0xc3...157a,https://bscscan.com/tx/0x0cb13e301f0d8b2b467536c0b82c6bfe6907c017ffbc96ae7325247dc09308b3
2023-03-20 03:13:14,True,0.519,0.001545,1916.3,2.96106,0x7a...c707,https://bscscan.com/tx/0x795fcfa7a2f2f21a89f5cf25ca4207ae76b5c4b08a4ec73bc0aa329d2bfb2f91
2023-03-20 03:09:59,False,0.5158,0.001537,55.6929,0.0856,0x6a...d01e,https://bscscan.com/tx/0x55959d04264e182b9ff9936d6ae8865cf17d76366d5e2654c19d0f05e486c2b8
2023-03-20 03:07:35,True,0.5183,0.001545,1729.5,2.67202,0xca...34d7,https://bscscan.com/tx/0x2d56ca5ce43fd47d99ec172f4d4fa9a81a80ad87fae9828971fe03c3b007b859
2023-03-20 03:07:32,True,0.5183,0.001544,1884.5,2.91105,0x82...2196,https://bscscan.com/tx/0x2d92cbbb6fc768f7f8eead719ee7241865c3fb6952e72164bf90790e4c6ea2dd
2023-03-20 03:04:24,True,0.519,0.001544,448.478,0.6927,0xd3...ec6f,https://bscscan.com/tx/0x94d795d4fa73e02e4a48358cd7230d7177bf6658b3a68015b4e0cf4b1b191564
2023-03-20 03:04:21,True,0.5189,0.001544,929.808,1.43608,0xe3...d2ff,https://bscscan.com/tx/0xf7b7bc8926210e49da1dbc36563cee06bebde0dc0580ce1b07e5423b554dd396
2023-03-20 03:04:21,True,0.5189,0.001544,1184.8,1.82976,0xd3...ec6f,https://bscscan.com/tx/0x0c57851fbadc2e135575a523378004ccdc876d7efbd7c2029ddb9a6ca9939907
2023-03-20 03:04:18,True,0.5188,0.001544,2890.1,4.46259,0xd3...ec6f,https://bscscan.com/tx/0xa890dddb112d019c0c108a6ad60b2a891032250b445fae36896d83971220ae6d
2023-03-20 03:04:15,True,0.5187,0.001543,1216.58,1.87819,0x9d...6dab,https://bscscan.com/tx/0x8489f398c6653e17f6ef6acf6e8c39a4f725d238dde8d84c0b8d537cf35aa9c9
2023-03-20 03:04:15,True,0.5187,0.001543,1192.5,1.84083,0xd3...ec6f,https://bscscan.com/tx/0xd0597ae12b52aaa3fdb201f85e1f55530be015dda50d8eaae0ff1f20d514dae3
2023-03-20 03:04:12,True,0.5186,0.001543,608.253,0.9388,0xef...cab1,https://bscscan.com/tx/0xcb75b68db5fed100fc346dfc4c9d4671b370fde8495745a185140e169129512b
2023-03-20 03:04:12,True,0.5186,0.001543,929.7,1.43495,0xd3...ec6f,https://bscscan.com/tx/0x655fbeff68a0ebcb89a940536508c7d66dbcf68825e01f972666dc6bb0ee13e0
2023-03-20 03:02:42,True,0.5185,0.001543,257.3,0.3971,0xd3...ec6f,https://bscscan.com/tx/0xdda44242afe9bce642750fbdd01e02aa06be7bd86fb9a9a0aad0c20ef1f956d5
2023-03-20 03:02:39,True,0.5184,0.001543,257.3,0.3971,0xd3...ec6f,https://bscscan.com/tx/0x48e33587882d572613adba03ff15fefb1460056ff4751a5ca5086bc6c4155065
2023-03-20 03:02:36,True,0.5184,0.001543,257.3,0.397,0xd3...ec6f,https://bscscan.com/tx/0xdcfdfa397d1687e0ad3f76a8b0ccb146518057e8b7329ed18b4b82d6fb30e712
2023-03-20 03:02:33,True,0.5184,0.001543,257.3,0.397,0xd3...ec6f,https://bscscan.com/tx/0x76ce10812e313c72b48cd59d2144bfb074843dfa36ace3c120d02c125ac21694
2023-03-20 03:02:30,True,0.5183,0.001543,2355.01,3.63404,0xd3...ec6f,https://bscscan.com/tx/0x35e0bc69bc48a7176e15f22e4fbbcd627879ed136a09f48c40680de3347ce4a3
2023-03-20 03:02:06,True,0.5208,0.001542,257.3,0.397,0xd3...ec6f,https://bscscan.com/tx/0xc8ee013af74390e91d4f6f4a56bdec754bff7f5da2ae0863d7c3e089f7ff9f99
2023-03-20 03:02:03,True,0.5208,0.001542,471.9,0.728,0xd3...ec6f,https://bscscan.com/tx/0x98118c73297a942da9942b6e4d549e951aa34b7a7fc84aa263b124204c2b0e83
2023-03-20 03:02:00,True,0.5208,0.001542,471.9,0.728,0xd3...ec6f,https://bscscan.com/tx/0xb57f1848f9b7d761750f2e33917e53d8278fbc110c65d64e1314f3d50d46eabc
2023-03-20 03:01:57,True,0.5207,0.001542,1124.2,1.73435,0xd3...ec6f,https://bscscan.com/tx/0x2d052690b3f8d7ef8e2256242ca908d2c595268aabd08d40c7ee317ba7d66278
2023-03-20 03:01:54,True,0.5207,0.001542,471.9,0.7279,0xd3...ec6f,https://bscscan.com/tx/0x5853e65c0de0cc727f120d66f028eff43ea1308fd65b63e844ab76130c2f835e
2023-03-20 03:01:42,True,0.518,0.001542,471.9,0.7279,0xd3...ec6f,https://bscscan.com/tx/0x53739a56fa9000a498b3e33870397afd11b6bb7da173610891dfa5699cb4f430
2023-03-20 03:01:39,True,0.518,0.001542,471.9,0.7279,0xd3...ec6f,https://bscscan.com/tx/0xca61e346a5c075356f2fd6732130b7842a491430aa6cf552b9c6d94172b2eee2
2023-03-20 03:01:33,True,0.518,0.001542,471.9,0.7278,0xd3...ec6f,https://bscscan.com/tx/0xc48d0067cb8b6610c66f8425acd01726eb93e432ff650d8a3884d9737c7b1817
2023-03-20 03:01:30,True,0.518,0.001542,471.9,0.7278,0xd3...ec6f,https://bscscan.com/tx/0x9ad3f60ee3c4f02048bdf243a4fcefea09e3e8c8963052d719f712f9b3b7a872
2023-03-20 03:01:27,True,0.518,0.001542,471.9,0.7278,0xd3...ec6f,https://bscscan.com/tx/0x551e62cd93e91a46210abf737343149dc07b58c193b005eccbdb81664c587799
2023-03-20 03:01:24,True,0.5179,0.001542,4000.69,6.16921,0xd3...ec6f,https://bscscan.com/tx/0x4144bcbe449d7b3f9704f64bf3913dcc1a08714f1432ce5d005d2540ec3d637d
2023-03-20 03:01:00,False,0.5152,0.001534,5.87458,0.009,0xce...4d74,https://bscscan.com/tx/0x77489b1a35c2b3684799dfb8f633e720f6af2dec3974076904154d86754df625
2023-03-20 02:51:54,True,0.5177,0.001541,76.6983,0.1182,0x88...708c,https://bscscan.com/tx/0x8ff7d2cf0aca691e874bee8c79d81e35bd576888a9dbe71148f455bed71dcc8e
2023-03-20 02:44:15,False,0.517,0.001534,1.82077,0.0027,0x31...7668,https://bscscan.com/tx/0xbba29246a293cb74228a96918bcf20fb2e2396724d32834667b98158b2ef1dbc
2023-03-20 02:39:03,False,0.5143,0.001534,20.0,0.0306,0xec...f29f,https://bscscan.com/tx/0x4de7055362d6a076db4ca367bd59fd1b7c0dca43d578111a7a067a8e2145bb86
2023-03-20 02:34:54,False,0.517,0.001534,14.0,0.0214,0x60...dafa,https://bscscan.com/tx/0x2e9968f5e214962a10cf317c4fa1c0b616ba1cafd01c3b51d9e1795fb57c2311
2023-03-20 02:34:39,False,0.5168,0.001533,6.22556,0.0095,0x9b...283c,https://bscscan.com/tx/0xc9aeadf6d01f4b742ea9da824f39fa928d25fe945f84c36f61bce8975d18e040
2023-03-20 02:27:15,False,0.5166,0.001534,6.57358,0.01,0x34...4913,https://bscscan.com/tx/0xabfadcf00652544d2235679b8f882fbc1ef35e72a4e83789afe41977dacaf6ab
2023-03-20 02:20:18,False,0.5151,0.001534,160.0,0.2454,0xce...cb72,https://bscscan.com/tx/0x8340f9e6a7312070a60de60fdbca588ebb1593753d3bb03244e9164fabcb8a11
2023-03-20 02:10:14,True,0.5142,0.001541,2.80399,0.0043,0xd3...ec6f,https://bscscan.com/tx/0x93bf70ceb6e3bd31a02aa4ae901c47790090474c11d6b6a1a98351fd26c95404
2023-03-20 02:10:14,True,0.5142,0.001541,2243.4,3.45854,0xc1...b919,https://bscscan.com/tx/0x9e8079107d1f47dd3782b864787e2dbe9c72d7277b515d6fb401d36a083950e3
2023-03-20 02:10:11,True,0.5141,0.001541,2243.4,3.4579,0xd3...ec6f,https://bscscan.com/tx/0xf874c912f0da07e8f61b7a620df1d42dff7c3a44a4f07640ff1963791e3d849d
2023-03-20 02:10:08,True,0.514,0.001541,2243.4,3.45725,0xd3...ec6f,https://bscscan.com/tx/0x153bb754f649a8080ac231461464128134c6171a5c8896d729ae09f58cc4c695
2023-03-20 02:10:05,True,0.5139,0.00154,2197.0,3.38511,0xd3...ec6f,https://bscscan.com/tx/0x0231f18027d4a801d71f74ca90ba2f0171b09f7d6ffcf07ffa67544f133c7db7
2023-03-20 02:09:32,True,0.5139,0.00154,1906.9,2.93763,0xd3...ec6f,https://bscscan.com/tx/0xbc123fa984be1eeb5323907faf7c4173bffa31d75c9e9f71d7f6b506f1f41979
2023-03-20 02:09:29,True,0.5138,0.00154,1906.9,2.93716,0xd3...ec6f,https://bscscan.com/tx/0xa7466c77b6ab2373b51c8057a407482a392a52f522e36cd071fdeaf2a14178ee
2023-03-20 02:09:20,True,0.5138,0.00154,1906.9,2.93669,0xd3...ec6f,https://bscscan.com/tx/0x9edfbaa63114f8fd62560ba5c3f3be3001754bf4318f1eb3a887ad7bedaf1588
2023-03-20 02:03:05,True,0.5163,0.001539,1552.1,2.38994,0xd3...ec6f,https://bscscan.com/tx/0xd06801fd450209f91c1e8c2fd29667e276654a4454b8346918f3897a56e90035
2023-03-20 01:57:02,False,0.5149,0.001532,6.52732,0.01,0x97...0d14,https://bscscan.com/tx/0x09d0359cc838960ebbdf43513bbf1071128926498f40d053b4111074b1a5c65f
2023-03-20 01:56:26,False,0.5124,0.001532,10.071,0.0154,0x97...0d14,https://bscscan.com/tx/0xc616477183814059039c057583268a7a910818574e093bcf3fca094b17fbc6cf
2023-03-20 01:53:32,True,0.5177,0.001539,275.0,0.4234,0x5c...be56,https://bscscan.com/tx/0xe616dd719a0f681e2b3208a2d3979e87cb306bf9c9fffd3dc1a838adcd87afa6
2023-03-20 01:49:14,False,0.5154,0.001532,13.8,0.0211,0x02...f2c0,https://bscscan.com/tx/0x5a1a6d46ea9c6730c70f7d17417b61320f28219a68256e8b6a824aa459c1a3f0
2023-03-20 01:47:47,True,0.5179,0.001539,43.7813,0.0674,0x5a...00a7,https://bscscan.com/tx/0xd8efba75e24d240cc1ddb29e314af6e2d51bd61f9592cbfa525f8c585f3ca6fc
2023-03-20 01:45:20,False,0.5159,0.001532,6.61641,0.0101,0x47...f575,https://bscscan.com/tx/0xa74b2c8b1918f8e1a1f9bdeb685770b3ba9eff319ebe73b20b0e7f4acf9b0a63
2023-03-20 01:41:47,True,0.5157,0.001539,2351.5,3.62019,0xd3...ec6f,https://bscscan.com/tx/0xa7e4875dec10396900a289996c5539e0d37a5b6e6fa3c032a396a7e8148dc864
2023-03-20 01:41:44,True,0.5156,0.001539,2351.5,3.61948,0xd3...ec6f,https://bscscan.com/tx/0xdefd574bde3e5372d9ffe2d44ea0f3e3dd1c028ebc5c6f030d2de412fa101085
2023-03-20 01:41:38,True,0.5155,0.001538,2351.5,3.61877,0xd3...ec6f,https://bscscan.com/tx/0x3639943c2c7bf7ae93fe5dee425555c71807c92182686ae7a1bb8da13653cf37
2023-03-20 01:39:41,False,0.5155,0.001531,260.069,0.3981,0xb5...b5b1,https://bscscan.com/tx/0x5371b0c970268825049376f85e70d02bc5ff2a140081dd39abfce184678417ec
2023-03-20 01:34:54,True,0.5178,0.001538,220.65,0.3395,0xa7...08aa,https://bscscan.com/tx/0x952efca7674d4a6d72b42ae3208c626acde49bd1829e88d4aa5bb52ed180377d
2023-03-20 01:33:36,False,0.5152,0.001531,887.072,1.35824,0x0b...56ac,https://bscscan.com/tx/0x87141b546b16f1ea91f998306f35925bf9b83894084cf374ce5cff7198805522
2023-03-20 01:25:39,False,0.5124,0.001531,26.7982,0.041,0xc3...1c98,https://bscscan.com/tx/0xe479eccc423adfb73ad7cd83a0da9d47802489f48f6908e9b7bfadeb454c76c3
2023-03-20 01:23:36,True,0.5148,0.001538,5840.72,8.98603,0xd3...ec6f,https://bscscan.com/tx/0xdbb8af2f6f5c089531ee4acf7fd85c5e0c4b82859357a0c1c2b63e48ad4a0692
2023-03-20 01:19:45,False,0.5144,0.00153,379.118,0.5802,0xfa...c4a9,https://bscscan.com/tx/0xefe0217238e53c76abd8bdc764e90fe905f6f6d63bbf08d3b42639901d435289
2023-03-20 01:19:33,True,0.5144,0.001537,4548.5,6.99512,0x3e...a7c8,https://bscscan.com/tx/0x38fced0df59683ed44ae2c99b1ef18c27396e1421891391dcde40352cf02bb78
2023-03-20 01:19:30,True,0.5143,0.001537,398.8,0.6131,0xd3...ec6f,https://bscscan.com/tx/0xc4a64d308adf8d47819d6dabd3865731b2d6ead3af3a9e09c053ede64dbdc230
2023-03-20 01:19:12,True,0.5168,0.001537,542.1,0.8334,0xd3...ec6f,https://bscscan.com/tx/0xbf88ee9e4cf2490013d3701b606376f369153476787c69b60b8ee02b8076fdda
2023-03-20 01:07:21,False,0.5144,0.00153,3554.9,5.43912,0xd3...ec6f,https://bscscan.com/tx/0xf87880072bb260d8eca4c6bd492690a8968302402235def81329308d68976546
2023-03-20 01:05:27,False,0.5162,0.00153,46.6269,0.0713,0x02...f2c0,https://bscscan.com/tx/0xfa7b9975ce16d63a86a9fe59efca6dae92f2155664759390182eec612799ec06
2023-03-20 00:45:48,True,0.5187,0.001537,1012.7,1.55741,0xd3...ec6f,https://bscscan.com/tx/0x5d60d0978bc8e4acd23f9ced3b169accabd52e09102e5ee272362231c7cf21b2
2023-03-20 00:44:36,True,0.5189,0.001537,957.7,1.47271,0xd3...ec6f,https://bscscan.com/tx/0xee034bcb8cebf6799050dcdfb84fb627ab615ebfcdcbb125ad04e9b9b7649b77
2023-03-20 00:44:33,True,0.5188,0.001537,957.7,1.47259,0xd3...ec6f,https://bscscan.com/tx/0x8a987a652d75acaf98d1180a1a0a800854345bbed6bd9ce1dddde0df1fa02522
2023-03-20 00:44:30,True,0.5188,0.001537,957.7,1.47247,0xd3...ec6f,https://bscscan.com/tx/0xe65b45b65d28edcf32123634f0c002f2575e7ff7235f4c7683a29ea1e6d260bd
2023-03-20 00:44:18,True,0.5215,0.001537,957.7,1.47235,0xd3...ec6f,https://bscscan.com/tx/0x91edd1d261c10325cbea7bdfad016de6a891b72fdfaa47afe8ee55fb4da7b861
2023-03-20 00:44:15,False,0.5189,0.001529,58.573,0.0896,0x3c...cfd2,https://bscscan.com/tx/0x9118cf876a40d1517e4659f9bdae4c718bdced064732e9ff7f71a8e60d762f9d
2023-03-20 00:44:15,True,0.5215,0.001537,957.7,1.47224,0xd3...ec6f,https://bscscan.com/tx/0xf3b4edf8fc04b291e62eb0d264a7ad412c8003a997075f6944dc365e5701cfb8
2023-03-20 00:44:12,True,0.5214,0.001537,957.7,1.47212,0xd3...ec6f,https://bscscan.com/tx/0x8be4c9f6078875501aed1f627c889d6dd284118c742bdd17c535f780bcc18d86
2023-03-20 00:44:09,True,0.5214,0.001537,957.7,1.47201,0xd3...ec6f,https://bscscan.com/tx/0x01a602f460418f45d2c45c9184a811a3945d0312d6a6bb5826c2c02e26000db3
2023-03-20 00:44:00,False,0.5188,0.001529,6.0,0.0091,0x3c...cfd2,https://bscscan.com/tx/0xb4df387a67b91bfc343c6a12935be4aa3a1c432e405241e5d19a1f76bccde21d
2023-03-20 00:43:12,True,0.5187,0.001536,1150.3,1.76788,0xd3...ec6f,https://bscscan.com/tx/0x4c7473269150aa0ac1d426302bf430f500a9c08c38601bf5c5e7f7fb97221196
2023-03-20 00:43:09,True,0.5187,0.001536,1150.3,1.76771,0xd3...ec6f,https://bscscan.com/tx/0xbadd475545f2619ccc76f3df4216558000083182de0f4d44c01bc8cfb6cdded3
2023-03-20 00:42:09,True,0.5213,0.001536,902.4,1.38664,0xd3...ec6f,https://bscscan.com/tx/0x29bf69e7730b54a810ba04205316f02728695d46a17c88fc57c38065e56bc0df
2023-03-20 00:42:06,True,0.5188,0.001536,902.4,1.38653,0xd3...ec6f,https://bscscan.com/tx/0x563c145471560c52c3530f3deecff7242e7f8ccdd0f5fe15f47d077203f1e19d
2023-03-20 00:41:33,True,0.5188,0.001536,902.4,1.38643,0xd3...ec6f,https://bscscan.com/tx/0x25e9cfcd1e63e8e7e330df1ba5a6e0046e2c7b948625fb23fbfa45b1e2255fb3
2023-03-20 00:41:27,True,0.5187,0.001536,962.8,1.47911,0xd3...ec6f,https://bscscan.com/tx/0xe5a8420906928506f2bc9f40ae627c1cdf7c76a6d09db0c157d41471b2136fdb
2023-03-20 00:41:21,True,0.5188,0.001536,962.8,1.47899,0xd3...ec6f,https://bscscan.com/tx/0x68b0d1efc936f6410729d601c2f8020350518faefc073f63c3a56cd48d0f08c3
2023-03-20 00:39:18,True,0.5216,0.001536,1069.5,1.64276,0xd3...ec6f,https://bscscan.com/tx/0x25e42fad35955afe12ada509024bf6fd3820552e5ec134a1df9faba9c1159f48
2023-03-20 00:32:12,False,0.519,0.001528,8.69332,0.0132,0x3d...3d57,https://bscscan.com/tx/0x557e5559e85be55daf98a538259a00686c95c2922450e65155c25838a1dc011b
2023-03-20 00:30:18,False,0.5191,0.001528,554.721,0.8477,0xce...5a49,https://bscscan.com/tx/0xe0d55afc95d467ec5a7f7ea798f040348a1db301d97401849e8d580541850afd
2023-03-20 00:27:02,True,0.5187,0.001536,27.0082,0.0414,0x50...eef6,https://bscscan.com/tx/0xa6ebe0479d531d73558497f45921d7799d79df2b9b78bbd6675a4a875b275c02
2023-03-20 00:24:25,False,0.516,0.001528,163.946,0.2505,0x8c...0a8b,https://bscscan.com/tx/0xc75b9af68743b54a9521f534b52b00aabd9de667b9e837d7eb939c687a4fdc26
2023-03-20 00:12:22,True,0.5215,0.001536,20.8871,0.0321,0x0c...b8eb,https://bscscan.com/tx/0xd3470c1aa6ee2c57c4e6b8d842a382a9302896206ad3d67611c174870708e2f0
2023-03-20 00:11:46,True,0.5212,0.001536,325.073,0.4993,0x72...8644,https://bscscan.com/tx/0x9e360b111961dab25585555e11da6f90ab6594695549efadc058806ef56d0e3e
2023-03-20 00:08:04,True,0.5185,0.001536,5.26527,0.008,0x74...a19a,https://bscscan.com/tx/0x6379ae7d4f5e6fbd4d7a9977ed86075b7b21790b852c33222016402dc73375a0
2023-03-20 00:03:24,False,0.5185,0.001528,31.0052,0.0473,0x64...a5bf,https://bscscan.com/tx/0xb4eb52a56a76fef25a19c6de6503e1acb975aabcf02f32b891e10f413e454812
2023-03-20 00:00:36,False,0.5184,0.001528,83.8009,0.128,0xce...5a49,https://bscscan.com/tx/0xe9a2a351602806c392bbc2a7637e33fb074d44a0832291a9178731c087c2dc85
2023-03-20 00:00:06,False,0.5185,0.001528,320.0,0.489,0xce...5a49,https://bscscan.com/tx/0xe4da175d369df86604251b7567881f21159075db224772e9b93ab58bdbb8a14f
2023-03-19 23:58:54,False,0.5182,0.001527,121.159,0.185,0x7f...1f66,https://bscscan.com/tx/0x88786c30c569491919a685ca65b823ff593d0603e7f4a9eeda693d7ce0b91456
2023-03-19 23:54:15,True,0.5209,0.001536,2.79939,0.0043,0x5a...be81,https://bscscan.com/tx/0x2715b355b5c90f8bdd6057f06bb5ca16ec6ea8b49b4164bd332f6c785b1dfbd8
2023-03-19 23:48:43,False,0.518,0.001528,18.46,0.0282,0x4d...57f6,https://bscscan.com/tx/0x0bce0fb43e3b65d4914d5c2b426a54ddb3433c62051f9bd28106884cc0bb540d
2023-03-19 23:36:05,False,0.5169,0.001528,204.533,0.3126,0x28...fffa,https://bscscan.com/tx/0xa215c3ab27b820a77568658605d5a37c14f6310890885a3bdfb808b8c33260ee
2023-03-19 23:27:20,False,0.5174,0.001528,5.0,0.0076,0x3c...cfd2,https://bscscan.com/tx/0x794269d40819293947d0f96aae3bed2bf69c76a5999f67517ae5b22bcba218f9
2023-03-19 23:23:41,False,0.5149,0.001528,3099.1,4.7373,0x82...2196,https://bscscan.com/tx/0x7db4e4d15661426b831d6a8752615353d003931b1e943ca7c79e497cebbec708
2023-03-19 23:19:11,False,0.5151,0.001528,3.0,0.0045,0x2f...cb06,https://bscscan.com/tx/0x009f5cc99b091ab465c8816c02b85a340a9f60945d0d4f4475708a50c938940f
2023-03-19 23:16:53,False,0.5177,0.001528,10.0,0.0152,0x78...d241,https://bscscan.com/tx/0x3bbe05a2d02da5dfa88b27c0d857b69cf611391a0d08398856a77318235a678e
2023-03-19 23:07:17,True,0.5191,0.001536,1489.2,2.28798,0xd3...ec6f,https://bscscan.com/tx/0x02d242e34df6ebf0548128a03149a2f6511d93a04371d008da4dcc766ad0636b
2023-03-19 23:07:14,True,0.5164,0.001536,1489.2,2.2877,0xd3...ec6f,https://bscscan.com/tx/0xeef88723f4a70ef892e7e46df5597d76d28b4d91dad7503191fdd92501c70c5e
2023-03-19 23:07:11,True,0.5164,0.001536,1102.1,1.69285,0xd3...ec6f,https://bscscan.com/tx/0x491d79ebbbdb96663f4f6f7b33f5b673e071a26759754f2c2abfcb6338305fc8
2023-03-19 22:54:20,False,0.5177,0.001528,9.268,0.0141,0x75...234d,https://bscscan.com/tx/0xfca04431edb9127cafc25c96be21105db50372564dfbb13f42dc01136408eb58
2023-03-19 22:52:26,True,0.5203,0.001535,97.6594,0.15,0x36...a89b,https://bscscan.com/tx/0xee9e9a9bd8916a0e2ee11e3528bc165ea535842acfa24e0c125b9068817c20b0
2023-03-19 22:49:53,True,0.5183,0.001536,158.528,0.2436,0x26...0dd3,https://bscscan.com/tx/0x3776eef315075416d87c35efa90ce3891f58394a88a10ab1dc9a25ce271f4be0
2023-03-19 22:37:47,True,0.521,0.001535,9.59719,0.0147,0xb1...9679,https://bscscan.com/tx/0xfecac1deac2cfcfcd21fb00e49dada88e0f5a3789f37de94aeb74e6a1e4653a8
2023-03-19 22:36:29,True,0.5184,0.001535,3.83875,0.0059,0xb1...9679,https://bscscan.com/tx/0x226e7d9ac41ad0e7712886d6212b784d9b3f1df790e3ec3ee43a4a16564da687
2023-03-19 22:28:50,True,0.5185,0.001535,20.4698,0.0314,0x8c...0ffb,https://bscscan.com/tx/0x3705ac6b24d8ad29be3af50d85820e59c5c1c14cbeb7564b8f41b6299a500488
2023-03-19 22:24:01,False,0.516,0.001528,301.577,0.4608,0x94...02e7,https://bscscan.com/tx/0x645bbfe736363cee44a6eac2385490798f97aa706b01e8d537d26d52c09de949
2023-03-19 22:23:52,True,0.5186,0.001535,1165.6,1.79023,0xd3...ec6f,https://bscscan.com/tx/0x0a381863cb870f705702e12a27a6595e6fd717d970c3473feb03803e4d416710
2023-03-19 22:22:58,False,0.5185,0.001528,40.0,0.0611,0xea...b864,https://bscscan.com/tx/0x1e3f3e3c461ec5ee94e80fadd9cbd0556e37e63b61b9dda6a82ec21c77282a93
2023-03-19 22:22:25,False,0.516,0.001528,51.1658,0.0781,0x89...1dce,https://bscscan.com/tx/0x4c8446418161f395b4b910c1c5b9bbb3a155179bde458d0f2f3422dfae021447
2023-03-19 22:21:31,False,0.5185,0.001528,295.762,0.4519,0xce...5a49,https://bscscan.com/tx/0xfbfa9da9c2c76e34395db95be0fa866634c6b9c9f823f59b30a1b65f97c1683a
2023-03-19 22:20:10,True,0.5211,0.001535,760.212,1.16754,0x57...4d89,https://bscscan.com/tx/0x6cc90084f494abd800103a129adb5a7324fe4465119ab8b4e31a2ef03636ad4d
2023-03-19 22:18:49,True,0.5211,0.001535,26.8074,0.0411,0xec...9221,https://bscscan.com/tx/0xbbbb2e05d4df21a3472e68090d53bad40866c67621928d9b002c7e22ebcd6900
2023-03-19 22:17:52,False,0.5184,0.001528,67.1312,0.1025,0xab...a476,https://bscscan.com/tx/0xdc57c35db6e9ce952608a0aec694bc9dd64d8b1a099b2eed42fb9cc942be5e87
2023-03-19 22:15:10,False,0.5184,0.001528,323.12,0.4937,0x8c...0ffb,https://bscscan.com/tx/0x459e49b21a836b92c2fdf44c57071362e0b9618684b140fd33865edc76895c28
2023-03-19 22:14:46,False,0.5184,0.001528,30.0824,0.0459,0x6b...192a,https://bscscan.com/tx/0x2fad32ce9fd54e89a369a067461fff5280b1460eae147566bc2fc19d87187585
2023-03-19 22:03:28,False,0.5162,0.001528,1317.7,2.01374,0xd3...ec6f,https://bscscan.com/tx/0x0563003b461df3890cec6483d9f197fff8562c5c42385ae67315dbd9ffc1d7a3
2023-03-19 22:03:22,False,0.5137,0.001528,2549.95,3.89753,0xd3...ec6f,https://bscscan.com/tx/0x5c8236d9c96547d43ac2d5959fcfd19380389c19bdeb54db154f29c2c63c1f8c
2023-03-19 22:02:10,True,0.5163,0.001536,1037.35,1.59362,0x31...4016,https://bscscan.com/tx/0x821a38c0e60ac635319b0ec4bc78a50c9b62184fef9245251784d4fb9e45a4a2
2023-03-19 21:55:40,False,0.5138,0.001528,478.823,0.7319,0xd3...ec6f,https://bscscan.com/tx/0xb32b27e84ef0849614bc1cdaabbd942396d33187e5e597d5257bb20a55aa9685
2023-03-19 21:55:37,False,0.5138,0.001528,478.804,0.7319,0xd3...ec6f,https://bscscan.com/tx/0x7d860f60f8180235b29369e6021528fa7d6f666e331b36cae566a762685c7434
2023-03-19 21:55:31,False,0.5138,0.001528,827.389,1.26481,0xd3...ec6f,https://bscscan.com/tx/0x4f83cc9acf2dd5d53bbf43d27ba5656447561d04adb378c0ac2d241028250e83
2023-03-19 21:55:28,False,0.5138,0.001528,827.332,1.26481,0xd3...ec6f,https://bscscan.com/tx/0xd7ea0261724eaf93cbf4273243313da7c244f513a9fb121cb47bad703ebe50b6
2023-03-19 21:55:22,False,0.5139,0.001528,827.275,1.26481,0xd3...ec6f,https://bscscan.com/tx/0x4c61fd4a3c384d1aa4e8058049331d1202fb078f7e7651324e3765ad5c771275
2023-03-19 21:52:43,False,0.5138,0.001528,0.5185,7.928e-05,0xd3...ec6f,https://bscscan.com/tx/0xb4947884470d86a2fcaa3708b603e7f3946eaa4f3a769ff140921b23c7cb27fb
2023-03-19 21:52:43,False,0.5138,0.001529,1259.7,1.9261,0x4d...74b8,https://bscscan.com/tx/0x57cf858bef05aad2da910a1562875226078275861990d1e6435ce91c6e7f338a
2023-03-19 21:49:40,False,0.5163,0.001529,1651.94,2.52615,0xd3...ec6f,https://bscscan.com/tx/0x18edb8016f11418943b2c49e26bd6bbd825b1f55ae11baf44d3263d4cb7913b3
2023-03-19 21:49:37,False,0.5164,0.001529,1651.71,2.52615,0xd3...ec6f,https://bscscan.com/tx/0xf90bd610dc0c0b820113d3c4d7bc79466f2bd1a525994db26008b1c53babca54
2023-03-19 21:49:22,False,0.5165,0.001529,2002.07,3.06246,0xd3...ec6f,https://bscscan.com/tx/0xf4e51456c82ca455e940f3b79306196886dab0f294ce89ac0abddfa4b51c82dd
2023-03-19 21:49:19,False,0.5165,0.001529,1976.15,3.02331,0xd3...ec6f,https://bscscan.com/tx/0xad65f2ebc679a195d1fb1c568cee69ed720c97daf9db76784b6580e2af4a4592
2023-03-19 21:48:55,False,0.5166,0.00153,1314.0,2.01056,0x67...b7c1,https://bscscan.com/tx/0x9caf8b413bebc4cba25e19ad776a813a1ee9933e177df317bc6cfa4b3516c8b7
2023-03-19 21:47:16,False,0.5136,0.00153,568.802,0.8704,0xd3...ec6f,https://bscscan.com/tx/0x9fd21078648663a8d12126cfa31092839b3bd93322c0203483b0f4d52939c3ec
2023-03-19 21:47:13,False,0.5137,0.00153,956.185,1.46327,0xd3...ec6f,https://bscscan.com/tx/0x1d1c74b586a39572b102c8183b9e08a873d558ebd07d37b1afd0fdedb419c028
2023-03-19 21:47:10,False,0.5137,0.00153,956.109,1.46327,0xd3...ec6f,https://bscscan.com/tx/0x80b0a6cfe21d0714626de919ea97851d8fdf5a3432c9eac2c89fbc39fa30e334
2023-03-19 21:47:07,False,0.5137,0.00153,999.032,1.52909,0xd3...ec6f,https://bscscan.com/tx/0x63ca9f3562b488202700414e0427fd668e669d57e932c3480d1ccfa1e0abb3ce
2023-03-19 21:47:01,False,0.5138,0.00153,956.237,1.46371,0xd3...ec6f,https://bscscan.com/tx/0xe37adff21b48299e6fda201c6407ccb83ef6daaebd86cc233c30856fe653025b
2023-03-19 21:46:55,False,0.5138,0.00153,250.0,0.3826,0x8c...0ffb,https://bscscan.com/tx/0x6a6579c5530fb52b4f2a9556aa37c6a20442c692a62380dc31a0e981dd0b4d38
2023-03-19 21:46:52,False,0.5139,0.001531,2706.7,4.14386,0xc1...b919,https://bscscan.com/tx/0x8800ed6253fe983a6d09c5094e96d4dea5b47f42927abcc93a786f0cc323292b
2023-03-19 21:46:52,False,0.514,0.001531,1905.15,2.91727,0xd3...ec6f,https://bscscan.com/tx/0xcc2a01db5da01d7476ab38304e9f47b82c9d807ad64dad381a26a5f8be889a55
2023-03-19 21:46:49,False,0.514,0.001531,2.91584,0.0044,0xd3...ec6f,https://bscscan.com/tx/0x822eda1c785c928020cedbb619942da79b8d3970c63f9c80ec8aa94deaa718db
2023-03-19 21:46:46,False,0.5141,0.001531,3058.63,4.68452,0xd3...ec6f,https://bscscan.com/tx/0xc807e04b0e84e05216c35435497497a8a346be321c6f34e86386f9e3ee4be116
2023-03-19 21:46:43,False,0.5142,0.001531,410.092,0.6281,0xd3...ec6f,https://bscscan.com/tx/0x30abf2bf1b0e64d112c0657a1c09c8ef6d5d2b8c85201bf91bc6341f7fb03f20
2023-03-19 21:46:40,False,0.5142,0.001531,530.908,0.8132,0xd3...ec6f,https://bscscan.com/tx/0x6fd4efc7b43cae18772cb037f65e4a0d020d586d8a40879905d166af8b8b026a
2023-03-19 21:46:37,False,0.5143,0.001532,3116.24,4.77435,0xd3...ec6f,https://bscscan.com/tx/0xd6859d05493e1cb47151fe8bbaf706aed718b8656ddc0ddab718a425df1334c6
2023-03-19 21:46:34,True,0.5169,0.00154,91.5989,0.141,0x2c...c9c5,https://bscscan.com/tx/0x22decec332558c9af538cc905344c0489d5c4cecc655de6435dd1177844f991c
2023-03-19 21:46:34,False,0.5143,0.001532,493.427,0.756,0xd3...ec6f,https://bscscan.com/tx/0xe5f4b82fccee3e198fd5c898bb869b43ead67d12362f6d99c85c90b19aeae19e
2023-03-19 21:41:33,False,0.5142,0.001532,1910.9,2.92838,0xef...cab1,https://bscscan.com/tx/0xf2b78d5b95f3561c0a51aa0444419ab6afc77b45bfa9e657958f91a901e396c0
2023-03-19 21:41:30,False,0.5144,0.001532,3541.42,5.42831,0xd3...ec6f,https://bscscan.com/tx/0xcc87e2a238f4bf368a94907e126ecbd1b77401fcfc52ebc2078e5f7b0a3da215
2023-03-19 21:41:24,False,0.5146,0.001533,6795.48,10.4206,0xd3...ec6f,https://bscscan.com/tx/0x4b74c910eae97673a45980f4259e1b3d834437c3edf414f2b750ac104360b027
2023-03-19 21:41:24,False,0.5148,0.001534,3884.39,5.95924,0xca...34d7,https://bscscan.com/tx/0x7a68b2140adafb484f72072dcfd3cbba90145dda4bb61a9dd7651e5e33ba5fcd
2023-03-19 21:41:21,False,0.515,0.001534,5672.01,8.70519,0xd3...ec6f,https://bscscan.com/tx/0x0dbce949d440858223d2f0a43ebc6ae04f20d304e07eed6ed7d04e74139445bf
2023-03-19 21:41:18,False,0.5152,0.001535,2647.7,4.065,0xd3...ec6f,https://bscscan.com/tx/0x314c438e5fc9d755963d85ff7d683aeb7b2a627d5b2a9a76cf1de5c8387baf51
2023-03-19 21:39:48,False,0.5155,0.001535,4466.94,6.8601,0xd3...ec6f,https://bscscan.com/tx/0xef9693dc5e3f56c90156736f72073d28539ad96c15a855c3305261306518b63a
2023-03-19 21:39:39,False,0.5156,0.001536,2082.56,3.19917,0xd3...ec6f,https://bscscan.com/tx/0xe93dc5c5187f81962b6e8d3b416126772b9e076bf64df1943ec4ba417e8d32a3
2023-03-19 21:39:30,False,0.516,0.001536,2555.0,3.92567,0x71...69e3,https://bscscan.com/tx/0x506349cffd77eab15b316a79e71630f0de88c355961d24a4211ec4a54b2c0ab5
2023-03-19 21:39:27,False,0.5162,0.001536,2677.53,4.11484,0xd3...ec6f,https://bscscan.com/tx/0x72c117ffc640566b088f8de985ff673c56b1e21df08c2ccc7afdac80556c62fa
2023-03-19 21:39:21,True,0.5199,0.001544,110.055,0.17,0xe5...8ec9,https://bscscan.com/tx/0x53f629a91bfb842bb806428394b038f73e10c019e52a0ef1f92e7c47fe0f5fc7
2023-03-19 21:38:39,False,0.5182,0.001537,1627.85,2.5021,0xd3...ec6f,https://bscscan.com/tx/0x7c25c74b313acb2b1a8843c5316215c8968e8d74bccd9523873ecf2b0772dcba
2023-03-19 21:38:18,False,0.5195,0.001537,848.726,1.30468,0xd3...ec6f,https://bscscan.com/tx/0xb26d5f0e4720ccb4ddad7a9571088bb15cf4863a1991cc60032e0a230b4a050d
2023-03-19 21:37:21,False,0.5226,0.001537,488.522,0.751,0xd3...ec6f,https://bscscan.com/tx/0xc41eff19c9813fe6d6301fcaaad16a7048de3584c0225c51762fa1c917fae49b
2023-03-19 21:37:18,False,0.52,0.001537,462.124,0.7104,0xd3...ec6f,https://bscscan.com/tx/0xc0f032d5631abebcf852e991926211fca7e9e009ad704d907fc33ccabe633d1b
2023-03-19 21:35:24,True,0.5253,0.001545,179.03,0.2766,0xab...a476,https://bscscan.com/tx/0xfc98d903df5e872cae01f27dc8e60837a6c2a6a9ba745a835bc9d0e64728e031
2023-03-19 21:35:03,True,0.5227,0.001545,32.0775,0.0495,0x26...0dd3,https://bscscan.com/tx/0xd54e9544a7bfbf47de77b9f73f619ad73202e3283723d24bd874f9b8839734e5
2023-03-19 21:32:06,False,0.5226,0.001537,250.0,0.3843,0x8c...0ffb,https://bscscan.com/tx/0x530ed0922d4cdd4520ee0a6b555f7f60d6c063890f82c25ad779971f5110aaaa
2023-03-19 21:30:42,False,0.5201,0.001537,5.0,0.0076,0x8c...0ffb,https://bscscan.com/tx/0x3ee5cd0e6d6900c973a9865da2bb362a62d34708e3ad1dd2656bc89c7f2da1cd
2023-03-19 21:30:42,False,0.5201,0.001537,33.0,0.0507,0xda...3787,https://bscscan.com/tx/0x92a10962b2044046ce3591f65e9326d811cae9bb52873e20e9a876cbc84df056
2023-03-19 21:29:30,False,0.5202,0.001537,1594.1,2.45094,0xca...34d7,https://bscscan.com/tx/0xcf5a098fcbe3c7aa346709ec403cf2af36dbb524917ee8045d7801baed36e4a9
2023-03-19 21:29:30,False,0.5202,0.001537,1942.02,2.98631,0xd3...ec6f,https://bscscan.com/tx/0x61f31a8135e928976bc80556d6f3d74033bd756a7f8ecadb0e6f03f3cd30b469
2023-03-19 21:28:57,False,0.5203,0.001537,10.0,0.0153,0x25...1375,https://bscscan.com/tx/0xa76c75d3a83acf3ff3637c926ccd5857b4fcaee10104b7eb9e77aff6099bb414
2023-03-19 21:28:54,False,0.5203,0.001537,5.0,0.0076,0x8c...0ffb,https://bscscan.com/tx/0xfb52beb08cbfb2beb14ca4cbba9cc1b3474c722547a233a08eae839c1c22f451
2023-03-19 21:27:36,True,0.5231,0.001545,641.362,0.9912,0x26...0dd3,https://bscscan.com/tx/0x77ae11fcdc2b3c12878720e37c2f8e6437208e6de147e34f6dca6bae9f3e163f
2023-03-19 21:26:39,False,0.5231,0.001537,2588.15,3.98044,0xd3...ec6f,https://bscscan.com/tx/0xf0d6a061f3467a3bebcc45b5817c3bc29c95f11fba0f1ba09650c21391844b9f
2023-03-19 21:22:44,False,0.5208,0.001538,293.219,0.451,0xc6...3786,https://bscscan.com/tx/0x163c150ebf59725bc9139247acebae48467ee2bd759006dd02443e255c1b3729
2023-03-19 21:19:29,True,0.526,0.001545,21.668,0.0335,0x82...9d96,https://bscscan.com/tx/0x306d4ea7849acf5cd90584aa3a48a656f71b62daf00e0ff439db64199794089f
2023-03-19 21:17:38,False,0.5208,0.001538,6782.19,10.435,0x52...1c7e,https://bscscan.com/tx/0xfe221006b3c5cdc56066dfdfca340a8f69a75cc8256f7af196ee1ae0d1e5cd47
2023-03-19 21:17:05,False,0.5238,0.001539,4456.79,6.86035,0x2f...e155,https://bscscan.com/tx/0xf5d91e28b23411f2893110c7c89f39bcfa93ddb41fd34bb488b8d89fb96a16c3
2023-03-19 21:08:11,False,0.522,0.001539,6.58345,0.0101,0x15...63ce,https://bscscan.com/tx/0xbb2b5247b34789df9a72bb2e9112b7b68033951ead07c4c9c336dd4b13564af8
2023-03-19 21:08:02,False,0.5246,0.001539,148.43,0.2285,0x67...3305,https://bscscan.com/tx/0x50904eaaedee00164d3cd02d340c9dd3e4f44c5ac7d7793b097a679d55e208bc
2023-03-19 21:04:14,False,0.522,0.001539,17.6832,0.0272,0xe6...3705,https://bscscan.com/tx/0xc62e2eadf48ee2b60243e80c7d71a4bf0b0fe6ec0681b7254b29b28d66eb72e4
2023-03-19 21:03:29,False,0.522,0.001539,0.4521,6.961e-05,0x0b...213b,https://bscscan.com/tx/0x8518642d36cdf807fb92cde45c7eeb66ff206ebf1d51830bb542d6053f2d42ec
2023-03-19 21:02:14,True,0.527,0.001547,237.21,0.367,0x3f...66aa,https://bscscan.com/tx/0xed27a00ce97e1e4b25b61fd234e5eb2ad8b110805d8c68bc16f6f8fbeee7e686
2023-03-19 20:58:59,False,0.5238,0.001538,305.267,0.4697,0x15...90fa,https://bscscan.com/tx/0xb17509b2d6f9d9adc1b187be286087c01c95189f5240b9d869f924119a274493
2023-03-19 20:58:29,True,0.5267,0.001547,121.499,0.188,0x56...4465,https://bscscan.com/tx/0x340a9c5dbde10d2d2eddf4759d7dc3b02b386a52022cb19adbc4721abff34f21
2023-03-19 20:51:56,False,0.5237,0.001539,744.688,1.14656,0x01...dcfc,https://bscscan.com/tx/0xc8ee74f33c432f78dc9539fbfbaaa65d6a194a10ee1b622de92c02ed76e56804
2023-03-19 20:48:44,False,0.521,0.001539,588.378,0.9059,0x14...9207,https://bscscan.com/tx/0xb90e3ba91465cc2d8ca74d8203545839c5c3db3c7a937e6802e99ab65efb7a16
2023-03-19 20:47:11,False,0.5236,0.001539,46.7474,0.0719,0xae...c0f3,https://bscscan.com/tx/0x02554e9ab0aad5c5f30e4fb84781405e1453b863341c7547a927cbb39633b416
2023-03-19 20:44:59,False,0.5236,0.001539,38.1839,0.0588,0x02...f2c0,https://bscscan.com/tx/0x7e6c0bd187e6e84b3c7243e7bf109466882dc3ec5bd959856bc027dadc75a260
2023-03-19 20:40:47,False,0.5217,0.00154,7160.01,11.0282,0x0c...8533,https://bscscan.com/tx/0xcbf2d4de1dbcc69442dd230c343f3f56a9c4363fe3e172b4b256cc24e6f24559
2023-03-19 20:40:47,False,0.5218,0.00154,627.17,0.9663,0x8b...88f6,https://bscscan.com/tx/0x66e4d4cb5f9c5159867c128c0a3ca17eac8e2832777dc7cc61df81262bdf3822
2023-03-19 20:40:41,False,0.5219,0.00154,2158.4,3.32594,0xed...4f31,https://bscscan.com/tx/0xef9c45fd58dd16ab38e99cd28dd31f57487d080ed4b65f3f6ffb74a26529af64
2023-03-19 20:39:05,False,0.5244,0.001541,1366.37,2.10579,0x62...1f10,https://bscscan.com/tx/0x4f20d5c9cc8ab43fcafb2033cc2fe0be1fba9b4dd12df0bfd25163f7b8ae1ace
2023-03-19 20:38:59,False,0.5244,0.001541,534.842,0.8243,0xd3...ec6f,https://bscscan.com/tx/0x9985f3bed2cd4c0c9c46b67bd639490c05666660d2c61b5d3ade8692949f8ca6
2023-03-19 20:38:56,False,0.5245,0.001541,1084.63,1.67182,0xed...4f31,https://bscscan.com/tx/0x5038b99cc441ce2f3fc663936c62eea1c472e7e0ec2df239c7ae755a39b9fb59
2023-03-19 20:38:32,False,0.522,0.001541,2437.9,3.75829,0x8b...88f6,https://bscscan.com/tx/0x0296bb06d902c4ccec0cab20474f15a1c67f92f81fa7dd564e36550f629daaf8
2023-03-19 20:38:23,False,0.5221,0.001541,1088.37,1.67808,0xed...4f31,https://bscscan.com/tx/0x8c427ad8bc7d93652df1a99fccb532cde2b5b3772e57eee56b6fe6fe9e25302c
2023-03-19 20:38:17,False,0.5221,0.001542,2431.0,3.74875,0x8b...88f6,https://bscscan.com/tx/0x42b9ca7e34424ee4b5cec9413199d90e6a83ad28fc31342cfdbf251fabf16447
2023-03-19 20:37:29,False,0.5232,0.001542,265.0,0.4086,0x36...d5f2,https://bscscan.com/tx/0x5d19b7e08ef2acac526af9e41346d341d6a23799d4547bd363ca3105529835cd
2023-03-19 20:31:56,True,0.5283,0.00155,207.752,0.322,0x0d...8fa1,https://bscscan.com/tx/0xb5c43cdaa629ace9f2e3943f1bab1d90703e45d7b8df70ff7d1b7128d0ef239b
2023-03-19 20:29:26,True,0.5287,0.001549,1886.16,2.92325,0x59...e9df,https://bscscan.com/tx/0x825ae3f75016498538063e44b23771a22971d11266d4306ee35e036ca5d9db9b
2023-03-19 20:24:53,True,0.5263,0.001549,1735.34,2.6891,0xed...4f31,https://bscscan.com/tx/0x99200321a3bb14cb3474d75c41681b92489ae637866e3992f723d68ab3baf148
2023-03-19 20:24:29,True,0.5288,0.001549,668.979,1.03655,0x62...1f10,https://bscscan.com/tx/0x3b40e66652fa70b5c2de09aaf81daf618d62c0042942ced5f6191b9ec8428072
2023-03-19 20:24:05,True,0.5262,0.001549,2259.14,3.5,0x52...1c7e,https://bscscan.com/tx/0xa88985e47374b8ca91c39ad508d79da1e9eb57db24ee6d3e8e33b4d6a2199a8e
2023-03-19 20:24:05,True,0.5261,0.001549,2259.57,3.5,0x62...1f10,https://bscscan.com/tx/0x758be32e379d2f960ac3f3a93e784053867004e9bc40818d60792ef2a9e6cb6c
2023-03-19 20:21:47,True,0.526,0.001548,2278.87,3.52922,0x00...78d2,https://bscscan.com/tx/0x56e275d8121311b0c8a89e6f48f4f076caff41e9b4f938166774e32f14540922
2023-03-19 20:20:02,False,0.5258,0.00154,60.0,0.0924,0x49...4327,https://bscscan.com/tx/0xb3f499b20200ba73fa5bae86a1cdbdcbc11c215291d69aff9dc6ccb9bb3577ac
2023-03-19 20:17:47,False,0.5246,0.00154,343.0,0.5282,0x59...40cf,https://bscscan.com/tx/0x241edf28c03cbadd1049dd40e9f7cf1e0c608642f9f3a62e4e203174574c51a7
2023-03-19 20:15:08,False,0.5223,0.00154,72.91,0.1123,0x67...3305,https://bscscan.com/tx/0x65ab2b0367f32f685d01f48450af5ba53bd8d07db483a1d973d931e553957b62
2023-03-19 20:13:44,True,0.5249,0.001548,1753.33,2.71499,0xed...4f31,https://bscscan.com/tx/0x926099320b0dd265417545b139a8c9d38d6bed9d5f3c26413f0141a9bb1a04fd
2023-03-19 20:13:32,True,0.5248,0.001548,2260.67,3.5,0x8b...88f6,https://bscscan.com/tx/0xfdffc9da34eb26247f1ce3c66503f3e2b684ca77b27d6248b247cf5ea11fe54a
2023-03-19 20:13:32,True,0.5247,0.001547,2261.09,3.5,0x52...1c7e,https://bscscan.com/tx/0x038d9ca990b801cf4b377d36bbcec510e1f49436942476726b76640739b3d496
2023-03-19 20:13:32,True,0.5246,0.001547,2272.39,3.51682,0x00...78d2,https://bscscan.com/tx/0x866e27049f9c51c7ed99a3b3724e27654a65948f6e1dbb0261b2a5372ac07450
2023-03-19 20:12:53,True,0.5244,0.001547,2261.95,3.5,0xda...6e1f,https://bscscan.com/tx/0x337952a991ef4034eb9cb87ad543a804ddba58b1988db1873b90c15de9272251
2023-03-19 20:12:53,True,0.5243,0.001547,1140.58,1.76462,0x0c...8533,https://bscscan.com/tx/0x37e8040f1f4b749205bbe7b80e6e83d44e5e6f69b1eab6fb5a468c4e465fde44
2023-03-19 20:12:53,True,0.5242,0.001546,2262.6,3.5,0x62...1f10,https://bscscan.com/tx/0xecb55ae13c88d0a7f2b4b2b56bf908068599d262a4a66fe32e8169141d2afb4f
2023-03-19 20:12:14,False,0.5218,0.001539,125.0,0.1923,0x63...120f,https://bscscan.com/tx/0xc9c563e0a1f9cbe0ef37eef6cff6835c4097fd25d67c42cd9a91ab3369fb4a10
2023-03-19 20:03:36,True,0.5257,0.001546,77.795,0.1203,0x4f...9927,https://bscscan.com/tx/0x31ce1a134dd27137dc39b1b0429b8e4ba2793b363f9bcec0eb035da2b6154f63
2023-03-19 20:02:54,True,0.5231,0.001546,50.0,0.0773,0x04...7bd8,https://bscscan.com/tx/0x3d733829f52a88d89ca4871796c2006d9de220d991f533df761fe8e96922436f
2023-03-19 19:59:35,False,0.5204,0.001539,13.6184,0.0209,0xfd...6124,https://bscscan.com/tx/0x0a6c3a0f0e3c750fb2bfc3a3657d07e64e37fb97d6fbca5d08232800b83c4aa6
2023-03-19 19:55:24,False,0.5227,0.001539,29.5434,0.0454,0xcd...9db1,https://bscscan.com/tx/0xe79e5f179c434520c984708ea09be00b5843dba457ad2bd62a4950541ff8049c
2023-03-19 19:52:45,False,0.5224,0.001538,10.6537,0.0163,0x19...7a34,https://bscscan.com/tx/0xd434a003368ca3e8e3274cb0d4df5b0fb5d7040bb14a4ebc252376f5159ac67f
2023-03-19 19:39:57,True,0.5244,0.001546,202.361,0.313,0xf5...d61e,https://bscscan.com/tx/0xc9763452c4e8d900e16b21b4de9c7d570909c1a34b2287d553f4491bdb100e00
2023-03-19 19:39:21,True,0.5243,0.001546,133.175,0.2059,0xf2...23de,https://bscscan.com/tx/0xf7440492673b9cb2adc4efb04ac25f5a8289ff310085c53d13ffa035e88fd659
2023-03-19 19:36:27,False,0.5189,0.001539,10982.1,16.9091,0xf2...bfcf,https://bscscan.com/tx/0xe756f2a59dfe3e32c861d75161870e72b5f9e8a03451edeb44939345f01ae063
2023-03-19 19:31:48,False,0.5189,0.00154,137.31,0.2115,0x67...3305,https://bscscan.com/tx/0xaef9f31fa7f1c74ca83f89812201861093b1cfcb1d410c2d008ab392573ac8a8
2023-03-19 19:31:40,False,0.5217,0.001541,11576.2,17.8408,0x8b...88f6,https://bscscan.com/tx/0x3b8d9bcb2442af606ee9001ec8d4c8a076693af627d244dcc9d4d18916af919d
2023-03-19 19:31:40,False,0.5223,0.001542,11997.1,18.5077,0xda...6e1f,https://bscscan.com/tx/0xdea2e83d83b758fe48be53e02a8c3ff27ad79def23a19e0ea21c5a4903a797be
2023-03-19 19:31:37,False,0.5225,0.001543,62.2692,0.0961,0x70...20ee,https://bscscan.com/tx/0x4e0f3a667583e6b23dd953ce9299a4422a7b28025d9c51bc48905cc6e457df56
2023-03-19 19:31:37,True,0.5251,0.001551,64.466,0.1,0x67...3305,https://bscscan.com/tx/0x17e85666fe951a6bb0bde894e85b1a7962e816b6a7b493f2e6dcc50fcbb98d56
2023-03-19 19:28:57,True,0.5222,0.001551,50.0,0.0775,0x04...7bd8,https://bscscan.com/tx/0xc1d414efddf63172e276a5443a43caa9b9d98b937b88f9d673f62c08feffc060
2023-03-19 19:20:13,True,0.5248,0.001551,500.0,0.7755,0x04...7bd8,https://bscscan.com/tx/0x4def0e4f1382d550ad5330118684490eadc3374535375fbc1ef91c18260ed3b3
2023-03-19 19:19:38,False,0.5197,0.001543,925.818,1.42895,0x62...1f10,https://bscscan.com/tx/0x6812b7723a3823bb524dc1616bbd4b187620a34b1dfafd2b83a65821833f8b91
2023-03-19 19:19:26,False,0.5197,0.001543,9.83,0.0151,0x67...3305,https://bscscan.com/tx/0x793c2cca8498f76eefdd3f27e80cf3a0acd0afd5cd9a65b954609ac7182d5e20
2023-03-19 19:13:53,True,0.5251,0.001551,2063.03,3.2,0x78...e75e,https://bscscan.com/tx/0xf2f67d34cc76507b7ebf576422f519c2d2d091ef64d93b10c68911ef7bb12f51
2023-03-19 19:11:55,True,0.5251,0.00155,671.511,1.04147,0x62...1f10,https://bscscan.com/tx/0xb8e96acc937c1e4dab7dd2e815a83ac031e789e0dc03d2a08ca4e19041e2268e
2023-03-19 19:07:03,True,0.5226,0.001551,191.65,0.2973,0xc9...3b94,https://bscscan.com/tx/0x17cba7afa515ae7b892845caa1d7b32c5dc3a5e4627151916ed73539ceeb9552
2023-03-19 19:06:51,True,0.5223,0.00155,688.4,1.06759,0xb3...55e7,https://bscscan.com/tx/0xdc784a40d913fb5c31e9e255945c5f5eab6ccc894b4e20c36ad064e4347dffb0
2023-03-19 19:05:27,True,0.5249,0.00155,680.252,1.05489,0x52...1c7e,https://bscscan.com/tx/0x5442ea1f4105cadbf88d2097b1ecdfcb298785b47fe446968343f325a1d8f16a
2023-03-19 19:05:27,True,0.5248,0.00155,2257.27,3.5,0x3f...573a,https://bscscan.com/tx/0xd2a59d4bc60763fa8a064e36dd607efa2cfdf1da0bc0ec02a4440c675ccc7868
2023-03-19 19:05:15,False,0.5221,0.001542,19.011,0.0293,0x52...8d7e,https://bscscan.com/tx/0xe37f8635cc8b384f541768a67c5dcdd46651b5825a534f97c2b904a85b38976c
2023-03-19 19:05:12,True,0.5247,0.00155,884.4,1.37112,0xed...4f31,https://bscscan.com/tx/0xc93e8dd0c9f3ee997713fa1c88e31b04b4bcde4fe12fd4f6e651c66529edf6eb
2023-03-19 19:04:15,True,0.5245,0.00155,882.969,1.3688,0x8b...88f6,https://bscscan.com/tx/0x7ff203a1d268b9de6d6a55c2f75cf50ea44c1c112c0d40965bfbc397e3efa6e6
2023-03-19 19:04:03,True,0.5244,0.00155,2287.55,3.54576,0x00...78d2,https://bscscan.com/tx/0x237cd34c2edc6e36a2fa817113498d9a50bf11b8f5e3aa2dafc036d52429a29e
2023-03-19 19:04:00,True,0.5244,0.001549,144.322,0.2236,0xed...4f31,https://bscscan.com/tx/0x371b83dd576ef38c47fe84f7ab84a63c0aa26f36b928891cebd25815bebcb721
2023-03-19 19:04:00,True,0.5243,0.001549,2258.49,3.5,0x91...79fe,https://bscscan.com/tx/0x11efa64adbbc7bfb768147e496de42b3335afcb39db1d85f6840cbf839fd15da
2023-03-19 19:04:00,True,0.5242,0.001549,1697.06,2.62951,0x0c...8533,https://bscscan.com/tx/0x55990480607f29a331785b845e118e3a145373e5a8c704bdc290524a3c95533a
2023-03-19 19:04:00,True,0.5241,0.001549,2296.31,3.55743,0x00...78d2,https://bscscan.com/tx/0x24fb6f1430fb66418d9190dc9e09a16797f834a12cb9b08fdae2f79e3ca7dbda
2023-03-19 19:03:36,True,0.5215,0.001549,912.8,1.41391,0xef...cab1,https://bscscan.com/tx/0x6534e7437ecafe7d4f5c7d1e3cff20ac31ed62612db1ba42f14912152816f286
2023-03-19 19:03:24,True,0.5238,0.001548,6457.83,10.0,0x8d...1b76,https://bscscan.com/tx/0xff5593e9b3535b8681079416e416df0145f2fdda591c48cc939e0abb812738a8
2023-03-19 19:03:24,True,0.5235,0.001547,4149.65,6.42291,0xd3...ec6f,https://bscscan.com/tx/0x9a60e47cc122ef99f7d926e91112e71afc4190117c751f170ad831bdd472da33
2023-03-19 19:03:24,True,0.5234,0.001547,1512.33,2.34026,0x62...1f10,https://bscscan.com/tx/0x208f0ec26705cd5c151d4d2269cc9b39bdfcab9f758472be88452074b1be1449
2023-03-19 19:03:24,True,0.5233,0.001547,2262.14,3.5,0xda...6e1f,https://bscscan.com/tx/0x92efc655f3589a920d569ffb2270a9b9be69e43f42672adbae87e9c687c8828a
2023-03-19 19:03:24,True,0.5232,0.001546,4982.67,7.70688,0xda...c952,https://bscscan.com/tx/0x0201ce32a341b818872eafa40a9dc3571cdb80bcfd157482c23fc9aab3ee4719
2023-03-19 19:03:24,True,0.523,0.001546,2300.71,3.55752,0x00...78d2,https://bscscan.com/tx/0x3e89763738d7a38cb6147d3311975830b3c450bf02e924ca3fc34e427d6ee817
2023-03-19 19:02:51,False,0.5177,0.001538,99.9517,0.1537,0xbb...b852,https://bscscan.com/tx/0x710b3ae08d82e2837eaa83fd25e48f7965f5d6570fca4dd96f1ca07a6253c528
2023-03-19 19:00:27,False,0.5177,0.001538,141.464,0.2176,0xf7...3f4a,https://bscscan.com/tx/0x99cde082fcebe01708a1cb106762a149e2f315190fb9a139cff6aea00b70321f
2023-03-19 18:59:12,False,0.5206,0.001538,2.0,0.003,0xde...5cff,https://bscscan.com/tx/0x741c393615f681b6f2e4d5e5d909651f626b4e63411731cd8f236624fb55a7bc
2023-03-19 18:56:15,True,0.5236,0.001546,47.7391,0.0738,0xb2...5638,https://bscscan.com/tx/0xe08c6ad7be80eb205f9bbe5a72a36de24b26d5cb1d07b23f1f57386f3038cc1c
2023-03-19 18:54:57,False,0.519,0.001538,2295.6,3.53194,0x3e...a7c8,https://bscscan.com/tx/0x0c658451ba0b4c68ab7fedc44aa2eec40de11ba88ba7baf70ff98f0c63189b95
2023-03-19 18:54:57,False,0.5191,0.001538,2293.87,3.52996,0xd3...ec6f,https://bscscan.com/tx/0x3ad59dca33fd0ffbd59142edcb4412ec0b7429a1bce67cdf52ae11d6c6b98d0c
2023-03-19 18:54:03,False,0.5192,0.001539,213.0,0.3278,0x53...6615,https://bscscan.com/tx/0x34113377d47e8c342ec7fe0b95f6389ab0316ed2547b4d9e3bbcde1c10f6468d
2023-03-19 18:53:45,False,0.5216,0.001539,200.0,0.3078,0x53...6615,https://bscscan.com/tx/0x532e3ffff1cef53656da56e7598bb17c6d4cb38e18515bef826b23782f5d90da
2023-03-19 18:52:48,False,0.5187,0.001539,1879.53,2.89295,0xd3...ec6f,https://bscscan.com/tx/0x490ad51bd48fa9493c79dde485d2ebdf9094d769a9482400895abf15d9f98b7a
2023-03-19 18:52:33,True,0.5216,0.001547,25.856,0.04,0x61...0739,https://bscscan.com/tx/0x6b792bd3171f0866fd63b08f43a611aae988bea8029ac9a670963a5fac57f69f
2023-03-19 18:50:30,True,0.5247,0.001547,25.856,0.04,0xe1...310b,https://bscscan.com/tx/0xdb35a6b78cd2303f2d03794715e074e2c81ada5d8667f2058b5c2368f1c6144a
2023-03-19 18:50:06,True,0.5222,0.001547,721.928,1.11681,0x62...1f10,https://bscscan.com/tx/0xc44220031d8e460496990a6764cb3264e94413182c636e5959706fd429b6d577
2023-03-19 18:49:51,False,0.5195,0.001539,97.5,0.15,0x4c...745c,https://bscscan.com/tx/0x98373a05406e9e1c69468260c1bd63f6ae0766c710ae22855b6979c16bf10ef8
2023-03-19 18:49:45,True,0.5221,0.001546,550.869,0.8521,0x62...1f10,https://bscscan.com/tx/0x125c3ae72d1e97ca170699fa4b5636cb4307237e9deaf090dc7e678d27b12ada
2023-03-19 18:49:33,True,0.5223,0.001546,1533.01,2.37122,0x8b...88f6,https://bscscan.com/tx/0x2c1680ce6a46a4808eca684e2f7ddf48fec2553d0aef348e72b0018bae889c96
2023-03-19 18:45:18,True,0.521,0.001546,501.487,0.7756,0xed...4f31,https://bscscan.com/tx/0x4668c986f026a9724890cfb2bc063967e9802a75e9bb1d24dd23c8a9f8e7f16a
2023-03-19 18:45:18,True,0.5209,0.001546,2263.23,3.5,0x91...79fe,https://bscscan.com/tx/0x9002a42e46d50b4d5536d21eff77c85c31bffa6191741d61adf0974645021905
2023-03-19 18:45:18,True,0.5208,0.001546,2110.78,3.26366,0x2f...e155,https://bscscan.com/tx/0x7ee311b82c1521a9461abb43ef89a42faf72ad2ba941b834d992fc9c42f8b97f
2023-03-19 18:45:18,True,0.5207,0.001545,2288.23,3.53737,0x00...78d2,https://bscscan.com/tx/0xcacbde02f482ba0c98d9c58080e007c94494b38ce585d5b062736f02d7fb22db
2023-03-19 18:44:57,True,0.5207,0.001545,1062.55,1.64236,0x62...1f10,https://bscscan.com/tx/0xbabc0864b4d7364ceb041dc5cd42308d5abe30286c77ee43f985af7ee21b214a
2023-03-19 18:44:57,True,0.5206,0.001545,2291.92,3.54208,0x00...78d2,https://bscscan.com/tx/0x3514d4c012d4035a20164d7d05868f40e68ca92838fbc9008f38aac7cb04dbe2
2023-03-19 18:44:21,True,0.5232,0.001545,8.33815,0.0128,0x67...16d5,https://bscscan.com/tx/0xc203d655561c008dae919c19ad266bc220802bbb5673ae2d7197874387c6995c
2023-03-19 18:40:08,True,0.5199,0.001545,676.7,1.04568,0x67...b7c1,https://bscscan.com/tx/0xfde43b0021fa64b5809b6eae5efa747b05ae93801757bb4c734502265205fb99
2023-03-19 18:40:05,True,0.5198,0.001545,1397.5,2.15933,0x00...78d2,https://bscscan.com/tx/0x60a0dfb61aadc18eb2fb460f700e565327b869b91c967f25ceaa168d92152594
2023-03-19 18:40:02,True,0.5197,0.001544,2265.52,3.5,0xda...6e1f,https://bscscan.com/tx/0x00e2642ffeb7a14dce3f00a662a5dab6c0d3bb1483c98c00519ff69b594ff0c0
2023-03-19 18:40:02,True,0.5196,0.001544,2265.95,3.5,0xed...4f31,https://bscscan.com/tx/0xb772a6a26aba4ed7815e8c41a0448795d4ff07a42359e5388427f4708c336eea
2023-03-19 18:40:02,True,0.5195,0.001544,2266.38,3.5,0xda...c952,https://bscscan.com/tx/0x665cfaa0425382d5cb726c687cbd61ce099ddb4ab869575881b82c2e989f4eae
2023-03-19 18:35:35,True,0.5219,0.001544,209.0,0.3227,0xbc...0860,https://bscscan.com/tx/0x8b7f80997450e90f6be14c87596ed9107bba25bb982a4d68a4202bdb199f722a
2023-03-19 18:34:03,False,0.5167,0.001536,300.0,0.4609,0x5a...6d7d,https://bscscan.com/tx/0x4d4689d04efd7e1fb3961407de54bed6c76a434b406ab50754aa6179e7054985
2023-03-19 18:32:08,True,0.5219,0.001544,609.8,0.9416,0xca...34d7,https://bscscan.com/tx/0xd778094b2f2250d8750f30d809f8071d0abd001b3179d6771347f6710c0b8dc6
2023-03-19 18:32:02,True,0.5219,0.001544,547.5,0.8453,0x0e...7558,https://bscscan.com/tx/0xadfb3697fd9e0241115d8d615cf265c43e4a34b1ca9d3d20dca4f8d474b80c92
2023-03-19 18:31:57,True,0.5218,0.001543,2267.01,3.5,0xf2...bfcf,https://bscscan.com/tx/0x5275164a840318e3475b4a354a154e5dcafbaf2c669c3d7e7f149a7f81b29866
2023-03-19 18:31:57,True,0.5217,0.001543,2267.44,3.5,0x91...79fe,https://bscscan.com/tx/0xa1d0eef491e95195f065ee20e40c7f7fabcb4b622277005832c21f06efb29b63
2023-03-19 18:31:57,True,0.5216,0.001543,2167.0,3.34434,0x00...78d2,https://bscscan.com/tx/0x6d669ed3ea792abc7879538db88e5c3c086a0047ab4870e06e3fc7001ec25b74
2023-03-19 18:25:25,True,0.523,0.001543,938.0,1.44743,0xe3...d2ff,https://bscscan.com/tx/0x99b9da95619acc2eec3037a668c12ad199f1eb502138657f596a645a8dc33d13
2023-03-19 18:18:10,True,0.5206,0.001542,2296.99,3.54402,0x00...78d2,https://bscscan.com/tx/0xc507d1eb2d1c8c9817fc2611979697189f6056ee2a21d29fc48a16e8d3e9c627
2023-03-19 18:17:28,True,0.5205,0.001542,1340.14,2.06738,0x62...1f10,https://bscscan.com/tx/0x9dbbb38f4da0f4beb2305722ae149a6753510b8da5b89f9a65848daeeb1f7393
2023-03-19 18:17:25,True,0.5231,0.001542,749.3,1.15582,0xc3...157a,https://bscscan.com/tx/0x53fd7c0df9f4623875495b9cb5a00604d62578167dc0bc2160133c965cbcd2af
2023-03-19 18:17:13,True,0.5231,0.001542,683.87,1.05482,0xed...4f31,https://bscscan.com/tx/0x7b09a9580239e92995ff7a27c19360d4d5a1410263b8051eb9893e58d72f8a1b
2023-03-19 18:17:13,True,0.5231,0.001542,1498.9,2.31174,0x05...7eea,https://bscscan.com/tx/0x684be77020573fe79eb0e81b1a072176d6a4b5f227a1249a5ac8574e569f3660
2023-03-19 18:11:04,False,0.52,0.001533,95.0,0.1457,0x2d...b351,https://bscscan.com/tx/0xbf56d9d70909bba7ffbd19f74e1ba713a5903c986831ea5b085ba3389e69f581
2023-03-19 18:10:25,True,0.5229,0.001542,40.0,0.0616,0xea...b864,https://bscscan.com/tx/0xec0b0eaa79d45e3cb317ad0d10912c088da621ddc0e9ad0dcebef2573befb172
2023-03-19 18:06:58,False,0.5197,0.001535,11329.8,17.3939,0x3f...573a,https://bscscan.com/tx/0x1cecc53d58472ee5777859d9ed76812f20e9b1488cb185b5125ab01d0e2e373e
2023-03-19 18:06:13,False,0.5173,0.001536,2050.04,3.14903,0x0c...8533,https://bscscan.com/tx/0x677b92706b4b90e1d89530ba521bb300698b49ae240ce69e0ed19c5fb6c41e49
2023-03-19 18:06:13,False,0.5174,0.001536,890.722,1.36839,0x62...1f10,https://bscscan.com/tx/0x9e7e303edea96764e0a25f59da4279f1e927ab1e52af382e5041b8d0e9f8c829
2023-03-19 18:05:16,True,0.5223,0.001544,10.8277,0.0167,0x02...a875,https://bscscan.com/tx/0x39a41838a4291739deebc22d7da2883a4bc32e4f20f033eba809c4024afcd30f
2023-03-19 18:00:16,True,0.5258,0.001544,0.028,4.326e-06,0x8b...6566,https://bscscan.com/tx/0xcf9c1dc27af6a39f8a3c3463efb5b5b227ccd5ff77e0013ba59ee3c4fff17540
2023-03-19 17:57:16,False,0.5231,0.001536,5.26006,0.008,0xe3...da61,https://bscscan.com/tx/0x789aae370e7eb1fd8653cbc6d1bdec95cdc7bbfd67943bb8a93e1add02b0903a
2023-03-19 17:56:55,False,0.523,0.001536,1155.48,1.77528,0x8b...88f6,https://bscscan.com/tx/0xb71cf0d46e38d096804091fdc6545101d44b11109fd72268f23cdc7940fb738f
2023-03-19 17:56:37,True,0.5254,0.001544,861.885,1.33087,0x00...bde8,https://bscscan.com/tx/0xd46f189ce0a87522289d738ad533af64f03f1b0214537b6764fe54ca950a0ba7
2023-03-19 17:56:13,False,0.5201,0.001536,573.351,0.8809,0x8b...88f6,https://bscscan.com/tx/0x6f412cda0df7214d9d227782959d8b820f3ee9a1cc8e610cca65081de634809b
2023-03-19 17:54:49,False,0.5226,0.001536,100.0,0.1536,0xe3...da61,https://bscscan.com/tx/0x37cc816585cfd4c3988bc85eb8fc3e4f62e74d69a5e4035e79a0af27ac1c4fbe
2023-03-19 17:50:49,False,0.5227,0.001536,27.8498,0.0427,0x94...d977,https://bscscan.com/tx/0xc85e1b947d7f5e30cbb0c390d824df2f6031eb9735217fd5b3af38a935f3f68a
2023-03-19 17:48:13,False,0.5196,0.001536,1100.57,1.69106,0x5d...f8fc,https://bscscan.com/tx/0x838ffb50d3ff24933d980f0991c330988263c49e7f9dbb22d07d77a85ec6e27e
2023-03-19 17:45:01,False,0.5233,0.001536,4531.79,6.96485,0x03...9fa1,https://bscscan.com/tx/0xd8f765e1ea6814fcddfbee41161f1af84b1ce08b95cec6f98c14746d28b1d941
2023-03-19 17:45:01,False,0.5239,0.001538,25223.3,38.8136,0x91...79fe,https://bscscan.com/tx/0x11dbf4fccf2429f6238200aca953021c6c0d7285800bb4e3d06da11ce449dd2d
2023-03-19 17:44:55,False,0.5245,0.00154,938.266,1.44538,0xed...4f31,https://bscscan.com/tx/0x17e0fdee5ef55c268f64f884f76df28388eabe734e5de93bc5c6529ec08de4ee
2023-03-19 17:44:49,False,0.5245,0.00154,64.9122,0.1,0x4a...bbf3,https://bscscan.com/tx/0x38efbba433e2e91668db813fb7d0b4aa4f566b3e22985abd97e4fd4166fca88d
2023-03-19 17:43:19,True,0.5264,0.001548,35.0,0.0541,0xf1...97aa,https://bscscan.com/tx/0x7683bfa066bc0f7d97802fc13f6e2519437e76a3ac94932647d3b5249a46f34e
2023-03-19 17:34:22,True,0.523,0.001547,6460.55,10.0,0xda...6e1f,https://bscscan.com/tx/0x6aea57615dd449b0d7c7fe6a978c8346bf312909c05e04988683931831324049
2023-03-19 17:34:19,True,0.5227,0.001547,1294.67,2.00331,0x43...fe22,https://bscscan.com/tx/0xa962aa7698fe31a49dfa12e70aeb9d9a47604749de3ecfa361b0772fa596ad26
2023-03-19 17:34:19,True,0.5227,0.001547,1194.8,1.84858,0x00...78d2,https://bscscan.com/tx/0xe6322b6a183fdd5be1f72d363f7c62a09a1d9a9a84894643c6b9fdf2f98aa723
2023-03-19 17:34:16,True,0.5226,0.001547,2296.31,3.55231,0x00...78d2,https://bscscan.com/tx/0x23936cdd864abf0242a8cf96afd6136c486d631236f7ede0a70f65af6414071a
2023-03-19 17:34:10,True,0.5225,0.001546,1586.9,2.45448,0x00...78d2,https://bscscan.com/tx/0xf124c78cf1ebf77734b848e4b73bc1b0caa80958539a4c8a105c3d58c410b3c4
2023-03-19 17:33:37,True,0.5214,0.001546,2742.35,4.24087,0xf9...5ebf,https://bscscan.com/tx/0x59c5633779d80021d1e7da25611833955fe924930454510a096b1c683e8f5e73
2023-03-19 17:33:37,True,0.5213,0.001546,1084.31,1.67655,0x05...7eea,https://bscscan.com/tx/0xa6a00827745d2cc9a9f0102476c99b57aedc14bf4392f770100a9165fbf552a2
2023-03-19 17:33:34,True,0.5209,0.001545,6469.57,10.0,0x91...79fe,https://bscscan.com/tx/0xd76780bba851675785e30f2f3e0af3b274eb7ca7c585e4bed97ab99b777c2452
2023-03-19 17:32:55,False,0.5155,0.001537,114.533,0.1761,0xf7...d760,https://bscscan.com/tx/0xb58a5d385d6df81387aa62c4f7597519cb5045a4048118ee7db5dee99df1e907
2023-03-19 17:32:28,False,0.5155,0.001537,3.0,0.0046,0x7c...8b80,https://bscscan.com/tx/0xe5bf96c5a9654c7d7768191e3e5d27cb58b130422024303199ca494add793cdf
2023-03-19 17:29:13,False,0.5201,0.001538,12213.8,18.7893,0x11...a5bc,https://bscscan.com/tx/0xdc0f786238586342e05d57a2b86ca35dcf066d259858be518dd9f610db5facff
2023-03-19 17:28:46,False,0.5205,0.001539,3560.51,5.48097,0x11...a5bc,https://bscscan.com/tx/0xff8d7750a97810a7217548af4eb7ca87662d99e8e14de7b7702418752882d52f
2023-03-19 17:28:10,False,0.5206,0.001539,3286.28,5.06026,0x11...a5bc,https://bscscan.com/tx/0x86b78badb446a643a5a69a91c0cba608d2a1a9d4eae26589b9829b5317467360
2023-03-19 17:27:16,True,0.5211,0.001547,516.889,0.8,0x42...859c,https://bscscan.com/tx/0x0cda76fe1b06eecc49c9b5e5c20bec66106def38c84cab850cb48953fdb2cdb0
2023-03-19 17:26:55,True,0.5212,0.001547,3231.06,5.0,0x52...1c7e,https://bscscan.com/tx/0x7c93a0db67ca82d9904798d7499989bb1420ec9928caa62e61fa3bcf4deb7c28
2023-03-19 17:26:34,False,0.5186,0.001539,2.0,0.003,0x7c...8b80,https://bscscan.com/tx/0x6d07555025c6527e9e6e6961afe08575a337499da6f6fc32275ec689ac986a2a
2023-03-19 17:26:13,True,0.5237,0.001547,1201.7,1.85926,0x67...b7c1,https://bscscan.com/tx/0x2400e404b703bfba064d0d5d5bd267ffe9edf838b74e6a2508c4476e01b0c66a
2023-03-19 17:26:07,True,0.5237,0.001547,2262.49,3.5,0xf2...bfcf,https://bscscan.com/tx/0x4792a0dea9811fcc19c55e6dbbb01d72458c720424c10aad8da96c09dd7c4664
2023-03-19 17:26:07,True,0.5236,0.001546,2262.92,3.5,0x52...1c7e,https://bscscan.com/tx/0x0cfdce5df2cf46bcb9a69780b562de634332f3ac0fcb04f6d101537e5bc019bd
2023-03-19 17:26:01,True,0.5235,0.001546,2263.35,3.5,0x8d...1b76,https://bscscan.com/tx/0xe0745f25171ea3a69b11192c49d5d7fa0525398c72bf2a066035e771cf3b66dd
2023-03-19 17:26:01,True,0.5234,0.001546,2263.78,3.5,0x91...79fe,https://bscscan.com/tx/0xf63acb7e52b9444a7103825bd2b35f885185898aa8273f848ec659d391064760
2023-03-19 17:25:58,True,0.5233,0.001545,970.321,1.5,0xb0...a41e,https://bscscan.com/tx/0x588e4fcaaa9291cd5224f704333287be0a23259813001ffebad4719667ad1802
2023-03-19 17:25:55,True,0.5232,0.001545,2264.39,3.5,0x3f...573a,https://bscscan.com/tx/0xcd53fff59765003f4eeec96a67930fbcdafbde89042469e88944b227aa16ed8a
2023-03-19 17:25:55,True,0.5231,0.001545,2264.82,3.5,0x52...1c7e,https://bscscan.com/tx/0x5afa1e5d84a1df7beb619359d083c4ade9837dbb5e8849f9045f64ede28b5188
2023-03-19 17:25:55,True,0.523,0.001545,2265.25,3.5,0x27...b6f2,https://bscscan.com/tx/0xeb3ac9bea74d68a92c6c5008e554c8102699f39b4ced2a6b6d0a2aa403ff4d86
2023-03-19 17:25:49,True,0.5229,0.001544,2305.06,3.56083,0xdb...8aba,https://bscscan.com/tx/0x16c4f1d4aa173018d4bc0c5369c8902cf781fb46b34dddb51d6f18996494c129
2023-03-19 17:25:49,True,0.5228,0.001544,2266.11,3.5,0xf2...bfcf,https://bscscan.com/tx/0x159a8b63eb4f5f50833bc783ea948534170e394f64fbf7c4b2c41e59c586a501
2023-03-19 17:25:49,True,0.5227,0.001544,2266.54,3.5,0x03...9fa1,https://bscscan.com/tx/0x7c34a78c0a1978bb05f3ddd7d4ec0b8f2a71591ae5966e767e89edb2cc85c1b2
2023-03-19 17:25:49,True,0.5223,0.001542,19236.3,29.678,0x11...a5bc,https://bscscan.com/tx/0x133c90822291ec464526ae672314a0a5c031a17e3e89136b649998bfe042eca6
2023-03-19 17:25:49,True,0.5218,0.001541,2270.62,3.5,0x91...79fe,https://bscscan.com/tx/0x99c18f88adbea26440cbf260d4282ff8b1bc6b5613275b7e8dc79efb0319e4de
2023-03-19 17:25:49,True,0.5217,0.001541,3893.49,6.0,0xb0...a41e,https://bscscan.com/tx/0xcfd0184bbd96c3a40d427dc61cc7d2e881f86146205d330591674c4ae2615e8b
2023-03-19 17:25:49,True,0.5215,0.00154,2309.57,3.5582,0x00...78d2,https://bscscan.com/tx/0xb70db8e8207b1aa55e7f61df62c3d9eccfe532469ce3a930a044e93f9fb2c798
2023-03-19 17:25:19,True,0.5215,0.00154,1353.44,2.08483,0x2c...015a,https://bscscan.com/tx/0x95d4f3beb835a0fbf0b59369e639d8a433e7e8e0638480894f14582c00f9575d
2023-03-19 17:23:46,True,0.5215,0.00154,2754.33,4.24204,0x67...b7c1,https://bscscan.com/tx/0xb220e7a434f2a1f489ade9389c986e8716967617d74396d14460c5f0b0619323
2023-03-19 17:23:46,True,0.5214,0.001539,1619.4,2.49364,0x00...78d2,https://bscscan.com/tx/0x17c95fcefb3a2cef1158de31b4772e364dd7007a762d169141dc20cb4b11640a
2023-03-19 17:23:16,True,0.5213,0.001539,921.9,1.41944,0xf9...5ebf,https://bscscan.com/tx/0xdead07d828dbfc176a1cc75e2e6eaf2fbc2945439231608a1017c37597dbd0e3
2023-03-19 17:23:10,True,0.5213,0.001539,2273.49,3.5,0xf2...bfcf,https://bscscan.com/tx/0x361d878bd6a64de9c6b86ad31a6942abf87743da6c1ac55deaf55b44a6ce2e58
2023-03-19 17:23:10,True,0.5212,0.001539,526.8,0.8109,0x67...b7c1,https://bscscan.com/tx/0x26dd467a3cd7c81045d10fb61717ff19baeacefd41df6fc285109e9e0ad7ed89
2023-03-19 17:22:34,False,0.5186,0.001531,65.0,0.0995,0xd4...43e7,https://bscscan.com/tx/0x8ec4a2dbc45745c39bfab852d151d93376981872c992975b79912e75327bb7e1
2023-03-19 17:15:43,True,0.5187,0.001539,1418.6,2.18349,0x4d...74b8,https://bscscan.com/tx/0xa9e1ec825a6cac76394f4361c32355dd58ada2a8fd9f92a07b1764b943030de5
2023-03-19 17:15:18,False,0.519,0.001531,21.5169,0.0329,0x52...8d7e,https://bscscan.com/tx/0x3b8965fe6b5b7e53b994deb696e053bb20932cbdb4db9284a6821773f308ce7e
2023-03-19 17:14:15,True,0.5216,0.001539,500.0,0.7695,0x0d...8fa1,https://bscscan.com/tx/0xb7527f29e729fa047b5787ad2d39d470b0bf28bd92d0a4d13c31c4705d0e35fe
2023-03-19 17:14:00,False,0.519,0.001531,3.21212,0.0049,0x58...fce6,https://bscscan.com/tx/0xa1b5b9ddd82813c147e822aa45964b45a12603e294806b1f633f2069675f4791
2023-03-19 17:10:09,True,0.523,0.001539,1043.07,1.60525,0xd3...ec6f,https://bscscan.com/tx/0xa150067ab1e3a3e621cdcc89b5dc6d63dc28e8f638caa7ac9be935e5ed11e187
2023-03-19 17:10:09,True,0.5228,0.001538,6972.97,10.7276,0x7a...c707,https://bscscan.com/tx/0xb0336608331e7fee6ec7216dfa8031fc7f8c83352be3719f0af460526f8067e4
2023-03-19 17:10:07,True,0.5225,0.001537,5292.6,8.13826,0xd3...ec6f,https://bscscan.com/tx/0xad58e323b15bf8348631a63eede0ba52f4ffe0ae14cd7b0c541c1c22c088f80f
2023-03-19 17:09:51,True,0.5198,0.001537,314.4,0.4833,0xd3...ec6f,https://bscscan.com/tx/0x64ba5b0f2662529efbca669d986cca353e4c40ab16b936b603867954791477ec
2023-03-19 17:09:48,True,0.5198,0.001537,314.4,0.4833,0xd3...ec6f,https://bscscan.com/tx/0xcbdabc3dfde57ef86f4db63a33678eb005339233c00fd3058c9e3bce94068aee
2023-03-19 17:09:45,True,0.5198,0.001537,314.4,0.4833,0xd3...ec6f,https://bscscan.com/tx/0xf3ceef2fca42b373a378f1281510a0b5015101fd33ec7a7207508b8bbbf42520
2023-03-19 17:09:40,True,0.522,0.001537,314.4,0.4832,0xd3...ec6f,https://bscscan.com/tx/0xec5c922d19c468b2fea11c21c9d6bb0e17af380d8d96117104fb2dc3ee3ef1a1
2023-03-19 17:09:34,True,0.522,0.001537,314.4,0.4832,0xd3...ec6f,https://bscscan.com/tx/0xf8b32c8dad0499604236e44825718db73842d6c80405082542c9d5741de28095
2023-03-19 17:09:31,True,0.522,0.001537,2038.48,3.13313,0x8b...88f6,https://bscscan.com/tx/0x66ab11fd0df6885c26375551d00d41d87dc5d981080576215a259de1d3009fbf
2023-03-19 17:09:25,True,0.5189,0.001536,314.4,0.4831,0xd3...ec6f,https://bscscan.com/tx/0x2e64c562d238447a466639e136a3327a662b11d123191f94e998a6d655f385ca
2023-03-19 17:09:22,True,0.5189,0.001536,2277.64,3.5,0x2f...e155,https://bscscan.com/tx/0xc7e696c8fdb6bc8374b335dc09a3797f80ea130624fc701d8b902343cd2ad90f
2023-03-19 17:09:16,True,0.5188,0.001536,314.4,0.483,0xd3...ec6f,https://bscscan.com/tx/0x44c135bc81809b55a9ff1ecf3e541f47de6bb30269d968da131c7e4a4938715b
2023-03-19 17:09:13,True,0.5214,0.001536,314.4,0.483,0xd3...ec6f,https://bscscan.com/tx/0x6ba25878932cdde849f8eebe5bad399aa14ed74c025a548f29eb58eb7a6fbbeb
2023-03-19 17:09:06,True,0.5214,0.001536,314.4,0.483,0xd3...ec6f,https://bscscan.com/tx/0x4f4a31097a85bc81e76ce0f5dc7623e1ca53922bf522d4c9f0fb41f0cf47b667
2023-03-19 17:09:03,True,0.5213,0.001536,1519.34,2.33418,0x8b...88f6,https://bscscan.com/tx/0x781f0cab0bed7c05a6a15f0cccf5c206bbad00b1df034f11c448de77523bd807
2023-03-19 17:08:54,True,0.5213,0.001536,622.6,0.9564,0xd3...ec6f,https://bscscan.com/tx/0x822d688f04d0181fba4d7f592a883e95c25b125ebe767e7e2fda2698aff4332c
2023-03-19 17:08:51,True,0.5213,0.001536,622.6,0.9563,0xd3...ec6f,https://bscscan.com/tx/0xadb6142ea1f88340fae2a9321cf4058067f1a650f8a9059b5f934be32e82fb3d
2023-03-19 17:08:07,True,0.5186,0.001536,548.0,0.8417,0xd3...ec6f,https://bscscan.com/tx/0xfcec93217671d3952e925769c62998cd1d6eef16a514bcfd9d999bebd6d22171
2023-03-19 17:08:04,True,0.5186,0.001536,548.0,0.8417,0xd3...ec6f,https://bscscan.com/tx/0x9840b9a60ee5b81fceb407be98b361ca769a54f2f0a73d440bd13fbf9b598d98
2023-03-19 17:08:01,True,0.5186,0.001535,1119.4,1.71923,0xd3...ec6f,https://bscscan.com/tx/0xecfc14d12ab24223f4a82d429dc47cf5ff5c87002fe8b45b8549c005ebaff221
2023-03-19 17:07:58,True,0.5185,0.001535,829.2,1.27342,0xd3...ec6f,https://bscscan.com/tx/0x286ddb8c3df1c18836e3ab3eaa8fb94bd49bbe25f8e43a03fbdb23e6f9809d0c
2023-03-19 17:07:52,True,0.5185,0.001535,699.2,1.07371,0xd3...ec6f,https://bscscan.com/tx/0x7980ce2ec6b24f1fd86a70a2b668ee652048667d159fc0954a31537c4f3136b2
2023-03-19 17:07:48,True,0.5184,0.001535,699.2,1.07365,0xd3...ec6f,https://bscscan.com/tx/0x33f12116a6f2866bc6f8395db6c609baba046fac3810e6074419c9f08ea0adbc
2023-03-19 17:07:45,True,0.5184,0.001535,717.6,1.10183,0xd3...ec6f,https://bscscan.com/tx/0x64e9c06b1f8c9e3f5b03ce0662d103f86a03731454fcf8087db97169bb6d6cfd
2023-03-19 17:07:39,True,0.5184,0.001535,564.2,0.8662,0xd3...ec6f,https://bscscan.com/tx/0xeb8ce53fd1ab9241ae3354fbc28be5f1aabacddeeb16f8d775d1b15993df8626
2023-03-19 17:07:33,True,0.5183,0.001535,564.2,0.8662,0xd3...ec6f,https://bscscan.com/tx/0x9dfd294d00f631269fd6bac8dc3e9f6c2b0f248fadc04feb02856f352de1bdf4
2023-03-19 17:07:27,True,0.5183,0.001535,445.6,0.6841,0xd3...ec6f,https://bscscan.com/tx/0x4fef17c73faf20f4b8a9a975025113decf2fce2beaace675c6d1e5b29c0c604c
2023-03-19 17:07:21,True,0.5207,0.001535,1334.15,2.04807,0x3a...231f,https://bscscan.com/tx/0xc839be8608965868a89c2efafa4440febef0527667042876422cdd0a4b4470fb
2023-03-19 17:07:21,True,0.5207,0.001534,1334.3,2.04807,0xd3...ec6f,https://bscscan.com/tx/0x8a19aa224592bcf68e7d834cd5e8a91681c6215c048e3501c0dcfb717f088e62
2023-03-19 17:07:18,True,0.5206,0.001534,426.2,0.6541,0xd3...ec6f,https://bscscan.com/tx/0x78a67dfdcafcc48c8e06d87a56bf71cc1aa9c26a1e1d0999ae9d52b67e74e096
2023-03-19 17:07:15,True,0.5206,0.001534,426.2,0.6541,0xd3...ec6f,https://bscscan.com/tx/0x4eb160191b4b30df54bae69b60c9f6ce0827a1fdf1935a1908148959a41b5891
2023-03-19 17:07:09,True,0.5202,0.001534,308.1,0.4728,0xd3...ec6f,https://bscscan.com/tx/0x966bf01dd65757667047ee1d71763a3411c1b4f9d9ca79c6d44f8027a0d15dab
2023-03-19 17:07:06,True,0.5202,0.001534,308.1,0.4728,0xd3...ec6f,https://bscscan.com/tx/0xe5ebb87474a3635e46d64f1664b9bd65f0a3862b7f58a98e1e704affc1d2afa7
2023-03-19 17:06:54,True,0.5228,0.001534,979.167,1.50263,0x82...2196,https://bscscan.com/tx/0xb39de7ce9cc81e97d6e81cad372f541921b74b88a2d871dec1ae2704d8d692d3
2023-03-19 17:06:54,True,0.5227,0.001534,1626.6,2.49591,0xd3...ec6f,https://bscscan.com/tx/0xcf1cd8303a0503e89dff94684a733217562bef12cde2f0591b9d580467f78962
2023-03-19 17:06:51,True,0.5227,0.001534,774.613,1.18848,0x4d...74b8,https://bscscan.com/tx/0x453e1da9bfff181c8fd5ba8293952ff9145b515ddaed9948a25210b96cb3a76f
2023-03-19 17:06:51,True,0.5226,0.001534,1341.0,2.05729,0xd3...ec6f,https://bscscan.com/tx/0x80fe551863c1db2d34cde46dd87cf9288fac6bc7d39441ca3228776fea9b183b
2023-03-19 17:06:03,False,0.5175,0.001526,130.0,0.1984,0x7a...4ceb,https://bscscan.com/tx/0x706c23ebec4bb2269cfe8cf1d8af1bf85ff288031b0bad91a0cfc0558b11d14b
2023-03-19 16:59:29,False,0.5197,0.001526,40.8559,0.0623,0xe0...ef53,https://bscscan.com/tx/0x96f8590cde0c7ff68032adb324feae26223fbd8e4b672796dcd31aabe324cd69
2023-03-19 16:59:26,True,0.5221,0.001533,8928.93,13.6926,0x0c...4cbf,https://bscscan.com/tx/0x0cedb1b78d25956195ae44eddf9156b9c5ff3dc91267de4f03bb84c91c9b4e71
2023-03-19 16:58:29,True,0.5223,0.001532,552.1,0.8463,0xd3...ec6f,https://bscscan.com/tx/0x003c718f72a4dd9e2dfb9ebf964ba3b5a13b56de299df760981998447134d97d
2023-03-19 16:57:50,True,0.5199,0.001532,2618.9,4.014,0xd3...ec6f,https://bscscan.com/tx/0xbacf3963496670e3272c6506d27e90c607a539f6ba700d96d18e6a96971b73fe
2023-03-19 16:56:53,True,0.5216,0.001532,553.206,0.8477,0x06...605c,https://bscscan.com/tx/0x247c1731388ef2b0bc5e08c784bdc99abb9e937bf0d653ae312c6545de57c8b2
2023-03-19 16:45:31,False,0.5153,0.001524,3.312,0.005,0xe7...8bc2,https://bscscan.com/tx/0x01a83fa677122e06aa4548af21f7782688933d550b22ea585cfdb04aa67d5b60
2023-03-19 16:45:04,False,0.5159,0.001524,13.248,0.0202,0xe7...8bc2,https://bscscan.com/tx/0x7ba288581fbe5286ee01934e0150cc2fff37450851fcbcd3ad823f208efda6c1
2023-03-19 16:44:42,False,0.5159,0.001524,181.563,0.2768,0xab...63ae,https://bscscan.com/tx/0xcfa9630f543e2fff1e2971d06f4fd3288559ea3b50cfffe629a3e4adf8f56d64
