datetime,buy_order,price_USD,price_native,amount_token,total_native,maker,etherscan_url
2023-03-19 20:24:53,True,0.5263,0.001549,1735.34,2.6891,0xed...4f31,https://bscscan.com/tx/0x99200321a3bb14cb3474d75c41681b92489ae637866e3992f723d68ab3baf148
2023-03-19 20:24:29,True,0.5288,0.001549,668.979,1.03655,0x62...1f10,https://bscscan.com/tx/0x3b40e66652fa70b5c2de09aaf81daf618d62c0042942ced5f6191b9ec8428072
2023-03-19 20:24:05,True,0.5262,0.001549,2259.14,3.5,0x52...1c7e,https://bscscan.com/tx/0xa88985e47374b8ca91c39ad508d79da1e9eb57db24ee6d3e8e33b4d6a2199a8e
2023-03-19 20:24:05,True,0.5261,0.001549,2259.57,3.5,0x62...1f10,https://bscscan.com/tx/0x758be32e379d2f960ac3f3a93e784053867004e9bc40818d60792ef2a9e6cb6c
2023-03-19 20:21:47,True,0.526,0.001548,2278.87,3.52922,0x00...78d2,https://bscscan.com/tx/0x56e275d8121311b0c8a89e6f48f4f076caff41e9b4f938166774e32f14540922
2023-03-19 20:20:02,False,0.5258,0.00154,60.0,0.0924,0x49...4327,https://bscscan.com/tx/0xb3f499b20200ba73fa5bae86a1cdbdcbc11c215291d69aff9dc6ccb9bb3577ac
2023-03-19 20:17:47,False,0.5246,0.00154,343.0,0.5282,0x59...40cf,https://bscscan.com/tx/0x241edf28c03cbadd1049dd40e9f7cf1e0c608642f9f3a62e4e203174574c51a7
2023-03-19 20:15:08,False,0.5223,0.00154,72.91,0.1123,0x67...3305,https://bscscan.com/tx/0x65ab2b0367f32f685d01f48450af5ba53bd8d07db483a1d973d931e553957b62
2023-03-19 20:13:44,True,0.5249,0.001548,1753.33,2.71499,0xed...4f31,https://bscscan.com/tx/0x926099320b0dd265417545b139a8c9d38d6bed9d5f3c26413f0141a9bb1a04fd
2023-03-19 20:13:32,True,0.5248,0.001548,2260.67,3.5,0x8b...88f6,https://bscscan.com/tx/0xfdffc9da34eb26247f1ce3c66503f3e2b684ca77b27d6248b247cf5ea11fe54a
2023-03-19 20:13:32,True,0.5247,0.001547,2261.09,3.5,0x52...1c7e,https://bscscan.com/tx/0x038d9ca990b801cf4b377d36bbcec510e1f49436942476726b76640739b3d496
2023-03-19 20:13:32,True,0.5246,0.001547,2272.39,3.51682,0x00...78d2,https://bscscan.com/tx/0x866e27049f9c51c7ed99a3b3724e27654a65948f6e1dbb0261b2a5372ac07450
2023-03-19 20:12:53,True,0.5244,0.001547,2261.95,3.5,0xda...6e1f,https://bscscan.com/tx/0x337952a991ef4034eb9cb87ad543a804ddba58b1988db1873b90c15de9272251
2023-03-19 20:12:53,True,0.5243,0.001547,1140.58,1.76462,0x0c...8533,https://bscscan.com/tx/0x37e8040f1f4b749205bbe7b80e6e83d44e5e6f69b1eab6fb5a468c4e465fde44
2023-03-19 20:12:53,True,0.5242,0.001546,2262.6,3.5,0x62...1f10,https://bscscan.com/tx/0xecb55ae13c88d0a7f2b4b2b56bf908068599d262a4a66fe32e8169141d2afb4f
2023-03-19 20:12:14,False,0.5218,0.001539,125.0,0.1923,0x63...120f,https://bscscan.com/tx/0xc9c563e0a1f9cbe0ef37eef6cff6835c4097fd25d67c42cd9a91ab3369fb4a10
2023-03-19 20:03:36,True,0.5257,0.001546,77.795,0.1203,0x4f...9927,https://bscscan.com/tx/0x31ce1a134dd27137dc39b1b0429b8e4ba2793b363f9bcec0eb035da2b6154f63
2023-03-19 20:02:54,True,0.5231,0.001546,50.0,0.0773,0x04...7bd8,https://bscscan.com/tx/0x3d733829f52a88d89ca4871796c2006d9de220d991f533df761fe8e96922436f
2023-03-19 19:59:35,False,0.5204,0.001539,13.6184,0.0209,0xfd...6124,https://bscscan.com/tx/0x0a6c3a0f0e3c750fb2bfc3a3657d07e64e37fb97d6fbca5d08232800b83c4aa6
2023-03-19 19:55:24,False,0.5227,0.001539,29.5434,0.0454,0xcd...9db1,https://bscscan.com/tx/0xe79e5f179c434520c984708ea09be00b5843dba457ad2bd62a4950541ff8049c
2023-03-19 19:52:45,False,0.5224,0.001538,10.6537,0.0163,0x19...7a34,https://bscscan.com/tx/0xd434a003368ca3e8e3274cb0d4df5b0fb5d7040bb14a4ebc252376f5159ac67f
2023-03-19 19:39:57,True,0.5244,0.001546,202.361,0.313,0xf5...d61e,https://bscscan.com/tx/0xc9763452c4e8d900e16b21b4de9c7d570909c1a34b2287d553f4491bdb100e00
2023-03-19 19:39:21,True,0.5243,0.001546,133.175,0.2059,0xf2...23de,https://bscscan.com/tx/0xf7440492673b9cb2adc4efb04ac25f5a8289ff310085c53d13ffa035e88fd659
2023-03-19 19:36:27,False,0.5189,0.001539,10982.1,16.9091,0xf2...bfcf,https://bscscan.com/tx/0xe756f2a59dfe3e32c861d75161870e72b5f9e8a03451edeb44939345f01ae063
2023-03-19 19:31:48,False,0.5189,0.00154,137.31,0.2115,0x67...3305,https://bscscan.com/tx/0xaef9f31fa7f1c74ca83f89812201861093b1cfcb1d410c2d008ab392573ac8a8
2023-03-19 19:31:40,False,0.5217,0.001541,11576.2,17.8408,0x8b...88f6,https://bscscan.com/tx/0x3b8d9bcb2442af606ee9001ec8d4c8a076693af627d244dcc9d4d18916af919d
2023-03-19 19:31:40,False,0.5223,0.001542,11997.1,18.5077,0xda...6e1f,https://bscscan.com/tx/0xdea2e83d83b758fe48be53e02a8c3ff27ad79def23a19e0ea21c5a4903a797be
2023-03-19 19:31:37,False,0.5225,0.001543,62.2692,0.0961,0x70...20ee,https://bscscan.com/tx/0x4e0f3a667583e6b23dd953ce9299a4422a7b28025d9c51bc48905cc6e457df56
2023-03-19 19:31:37,True,0.5251,0.001551,64.466,0.1,0x67...3305,https://bscscan.com/tx/0x17e85666fe951a6bb0bde894e85b1a7962e816b6a7b493f2e6dcc50fcbb98d56
2023-03-19 19:28:57,True,0.5222,0.001551,50.0,0.0775,0x04...7bd8,https://bscscan.com/tx/0xc1d414efddf63172e276a5443a43caa9b9d98b937b88f9d673f62c08feffc060
2023-03-19 19:20:13,True,0.5248,0.001551,500.0,0.7755,0x04...7bd8,https://bscscan.com/tx/0x4def0e4f1382d550ad5330118684490eadc3374535375fbc1ef91c18260ed3b3
2023-03-19 19:19:38,False,0.5197,0.001543,925.818,1.42895,0x62...1f10,https://bscscan.com/tx/0x6812b7723a3823bb524dc1616bbd4b187620a34b1dfafd2b83a65821833f8b91
2023-03-19 19:19:26,False,0.5197,0.001543,9.83,0.0151,0x67...3305,https://bscscan.com/tx/0x793c2cca8498f76eefdd3f27e80cf3a0acd0afd5cd9a65b954609ac7182d5e20
2023-03-19 19:13:53,True,0.5251,0.001551,2063.03,3.2,0x78...e75e,https://bscscan.com/tx/0xf2f67d34cc76507b7ebf576422f519c2d2d091ef64d93b10c68911ef7bb12f51
2023-03-19 19:11:55,True,0.5251,0.00155,671.511,1.04147,0x62...1f10,https://bscscan.com/tx/0xb8e96acc937c1e4dab7dd2e815a83ac031e789e0dc03d2a08ca4e19041e2268e
2023-03-19 19:07:03,True,0.5226,0.001551,191.65,0.2973,0xc9...3b94,https://bscscan.com/tx/0x17cba7afa515ae7b892845caa1d7b32c5dc3a5e4627151916ed73539ceeb9552
2023-03-19 19:06:51,True,0.5223,0.00155,688.4,1.06759,0xb3...55e7,https://bscscan.com/tx/0xdc784a40d913fb5c31e9e255945c5f5eab6ccc894b4e20c36ad064e4347dffb0
2023-03-19 19:05:27,True,0.5249,0.00155,680.252,1.05489,0x52...1c7e,https://bscscan.com/tx/0x5442ea1f4105cadbf88d2097b1ecdfcb298785b47fe446968343f325a1d8f16a
2023-03-19 19:05:27,True,0.5248,0.00155,2257.27,3.5,0x3f...573a,https://bscscan.com/tx/0xd2a59d4bc60763fa8a064e36dd607efa2cfdf1da0bc0ec02a4440c675ccc7868
2023-03-19 19:05:15,False,0.5221,0.001542,19.011,0.0293,0x52...8d7e,https://bscscan.com/tx/0xe37f8635cc8b384f541768a67c5dcdd46651b5825a534f97c2b904a85b38976c
2023-03-19 19:05:12,True,0.5247,0.00155,884.4,1.37112,0xed...4f31,https://bscscan.com/tx/0xc93e8dd0c9f3ee997713fa1c88e31b04b4bcde4fe12fd4f6e651c66529edf6eb
2023-03-19 19:04:15,True,0.5245,0.00155,882.969,1.3688,0x8b...88f6,https://bscscan.com/tx/0x7ff203a1d268b9de6d6a55c2f75cf50ea44c1c112c0d40965bfbc397e3efa6e6
2023-03-19 19:04:03,True,0.5244,0.00155,2287.55,3.54576,0x00...78d2,https://bscscan.com/tx/0x237cd34c2edc6e36a2fa817113498d9a50bf11b8f5e3aa2dafc036d52429a29e
2023-03-19 19:04:00,True,0.5244,0.001549,144.322,0.2236,0xed...4f31,https://bscscan.com/tx/0x371b83dd576ef38c47fe84f7ab84a63c0aa26f36b928891cebd25815bebcb721
2023-03-19 19:04:00,True,0.5243,0.001549,2258.49,3.5,0x91...79fe,https://bscscan.com/tx/0x11efa64adbbc7bfb768147e496de42b3335afcb39db1d85f6840cbf839fd15da
2023-03-19 19:04:00,True,0.5242,0.001549,1697.06,2.62951,0x0c...8533,https://bscscan.com/tx/0x55990480607f29a331785b845e118e3a145373e5a8c704bdc290524a3c95533a
2023-03-19 19:04:00,True,0.5241,0.001549,2296.31,3.55743,0x00...78d2,https://bscscan.com/tx/0x24fb6f1430fb66418d9190dc9e09a16797f834a12cb9b08fdae2f79e3ca7dbda
2023-03-19 19:03:36,True,0.5215,0.001549,912.8,1.41391,0xef...cab1,https://bscscan.com/tx/0x6534e7437ecafe7d4f5c7d1e3cff20ac31ed62612db1ba42f14912152816f286
2023-03-19 19:03:24,True,0.5238,0.001548,6457.83,10.0,0x8d...1b76,https://bscscan.com/tx/0xff5593e9b3535b8681079416e416df0145f2fdda591c48cc939e0abb812738a8
2023-03-19 19:03:24,True,0.5235,0.001547,4149.65,6.42291,0xd3...ec6f,https://bscscan.com/tx/0x9a60e47cc122ef99f7d926e91112e71afc4190117c751f170ad831bdd472da33
2023-03-19 19:03:24,True,0.5234,0.001547,1512.33,2.34026,0x62...1f10,https://bscscan.com/tx/0x208f0ec26705cd5c151d4d2269cc9b39bdfcab9f758472be88452074b1be1449
2023-03-19 19:03:24,True,0.5233,0.001547,2262.14,3.5,0xda...6e1f,https://bscscan.com/tx/0x92efc655f3589a920d569ffb2270a9b9be69e43f42672adbae87e9c687c8828a
2023-03-19 19:03:24,True,0.5232,0.001546,4982.67,7.70688,0xda...c952,https://bscscan.com/tx/0x0201ce32a341b818872eafa40a9dc3571cdb80bcfd157482c23fc9aab3ee4719
2023-03-19 19:03:24,True,0.523,0.001546,2300.71,3.55752,0x00...78d2,https://bscscan.com/tx/0x3e89763738d7a38cb6147d3311975830b3c450bf02e924ca3fc34e427d6ee817
2023-03-19 19:02:51,False,0.5177,0.001538,99.9517,0.1537,0xbb...b852,https://bscscan.com/tx/0x710b3ae08d82e2837eaa83fd25e48f7965f5d6570fca4dd96f1ca07a6253c528
2023-03-19 19:00:27,False,0.5177,0.001538,141.464,0.2176,0xf7...3f4a,https://bscscan.com/tx/0x99cde082fcebe01708a1cb106762a149e2f315190fb9a139cff6aea00b70321f
2023-03-19 18:59:12,False,0.5206,0.001538,2.0,0.003,0xde...5cff,https://bscscan.com/tx/0x741c393615f681b6f2e4d5e5d909651f626b4e63411731cd8f236624fb55a7bc
2023-03-19 18:56:15,True,0.5236,0.001546,47.7391,0.0738,0xb2...5638,https://bscscan.com/tx/0xe08c6ad7be80eb205f9bbe5a72a36de24b26d5cb1d07b23f1f57386f3038cc1c
2023-03-19 18:54:57,False,0.519,0.001538,2295.6,3.53194,0x3e...a7c8,https://bscscan.com/tx/0x0c658451ba0b4c68ab7fedc44aa2eec40de11ba88ba7baf70ff98f0c63189b95
2023-03-19 18:54:57,False,0.5191,0.001538,2293.87,3.52996,0xd3...ec6f,https://bscscan.com/tx/0x3ad59dca33fd0ffbd59142edcb4412ec0b7429a1bce67cdf52ae11d6c6b98d0c
2023-03-19 18:54:03,False,0.5192,0.001539,213.0,0.3278,0x53...6615,https://bscscan.com/tx/0x34113377d47e8c342ec7fe0b95f6389ab0316ed2547b4d9e3bbcde1c10f6468d
2023-03-19 18:53:45,False,0.5216,0.001539,200.0,0.3078,0x53...6615,https://bscscan.com/tx/0x532e3ffff1cef53656da56e7598bb17c6d4cb38e18515bef826b23782f5d90da
2023-03-19 18:52:48,False,0.5187,0.001539,1879.53,2.89295,0xd3...ec6f,https://bscscan.com/tx/0x490ad51bd48fa9493c79dde485d2ebdf9094d769a9482400895abf15d9f98b7a
2023-03-19 18:52:33,True,0.5216,0.001547,25.856,0.04,0x61...0739,https://bscscan.com/tx/0x6b792bd3171f0866fd63b08f43a611aae988bea8029ac9a670963a5fac57f69f
2023-03-19 18:50:30,True,0.5247,0.001547,25.856,0.04,0xe1...310b,https://bscscan.com/tx/0xdb35a6b78cd2303f2d03794715e074e2c81ada5d8667f2058b5c2368f1c6144a
2023-03-19 18:50:06,True,0.5222,0.001547,721.928,1.11681,0x62...1f10,https://bscscan.com/tx/0xc44220031d8e460496990a6764cb3264e94413182c636e5959706fd429b6d577
2023-03-19 18:49:51,False,0.5195,0.001539,97.5,0.15,0x4c...745c,https://bscscan.com/tx/0x98373a05406e9e1c69468260c1bd63f6ae0766c710ae22855b6979c16bf10ef8
2023-03-19 18:49:45,True,0.5221,0.001546,550.869,0.8521,0x62...1f10,https://bscscan.com/tx/0x125c3ae72d1e97ca170699fa4b5636cb4307237e9deaf090dc7e678d27b12ada
2023-03-19 18:49:33,True,0.5223,0.001546,1533.01,2.37122,0x8b...88f6,https://bscscan.com/tx/0x2c1680ce6a46a4808eca684e2f7ddf48fec2553d0aef348e72b0018bae889c96
2023-03-19 18:45:18,True,0.521,0.001546,501.487,0.7756,0xed...4f31,https://bscscan.com/tx/0x4668c986f026a9724890cfb2bc063967e9802a75e9bb1d24dd23c8a9f8e7f16a
2023-03-19 18:45:18,True,0.5209,0.001546,2263.23,3.5,0x91...79fe,https://bscscan.com/tx/0x9002a42e46d50b4d5536d21eff77c85c31bffa6191741d61adf0974645021905
2023-03-19 18:45:18,True,0.5208,0.001546,2110.78,3.26366,0x2f...e155,https://bscscan.com/tx/0x7ee311b82c1521a9461abb43ef89a42faf72ad2ba941b834d992fc9c42f8b97f
2023-03-19 18:45:18,True,0.5207,0.001545,2288.23,3.53737,0x00...78d2,https://bscscan.com/tx/0xcacbde02f482ba0c98d9c58080e007c94494b38ce585d5b062736f02d7fb22db
2023-03-19 18:44:57,True,0.5207,0.001545,1062.55,1.64236,0x62...1f10,https://bscscan.com/tx/0xbabc0864b4d7364ceb041dc5cd42308d5abe30286c77ee43f985af7ee21b214a
2023-03-19 18:44:57,True,0.5206,0.001545,2291.92,3.54208,0x00...78d2,https://bscscan.com/tx/0x3514d4c012d4035a20164d7d05868f40e68ca92838fbc9008f38aac7cb04dbe2
2023-03-19 18:44:21,True,0.5232,0.001545,8.33815,0.0128,0x67...16d5,https://bscscan.com/tx/0xc203d655561c008dae919c19ad266bc220802bbb5673ae2d7197874387c6995c
2023-03-19 18:40:08,True,0.5199,0.001545,676.7,1.04568,0x67...b7c1,https://bscscan.com/tx/0xfde43b0021fa64b5809b6eae5efa747b05ae93801757bb4c734502265205fb99
2023-03-19 18:40:05,True,0.5198,0.001545,1397.5,2.15933,0x00...78d2,https://bscscan.com/tx/0x60a0dfb61aadc18eb2fb460f700e565327b869b91c967f25ceaa168d92152594
2023-03-19 18:40:02,True,0.5197,0.001544,2265.52,3.5,0xda...6e1f,https://bscscan.com/tx/0x00e2642ffeb7a14dce3f00a662a5dab6c0d3bb1483c98c00519ff69b594ff0c0
2023-03-19 18:40:02,True,0.5196,0.001544,2265.95,3.5,0xed...4f31,https://bscscan.com/tx/0xb772a6a26aba4ed7815e8c41a0448795d4ff07a42359e5388427f4708c336eea
2023-03-19 18:40:02,True,0.5195,0.001544,2266.38,3.5,0xda...c952,https://bscscan.com/tx/0x665cfaa0425382d5cb726c687cbd61ce099ddb4ab869575881b82c2e989f4eae
2023-03-19 18:35:35,True,0.5219,0.001544,209.0,0.3227,0xbc...0860,https://bscscan.com/tx/0x8b7f80997450e90f6be14c87596ed9107bba25bb982a4d68a4202bdb199f722a
2023-03-19 18:34:03,False,0.5167,0.001536,300.0,0.4609,0x5a...6d7d,https://bscscan.com/tx/0x4d4689d04efd7e1fb3961407de54bed6c76a434b406ab50754aa6179e7054985
2023-03-19 18:32:08,True,0.5219,0.001544,609.8,0.9416,0xca...34d7,https://bscscan.com/tx/0xd778094b2f2250d8750f30d809f8071d0abd001b3179d6771347f6710c0b8dc6
2023-03-19 18:32:02,True,0.5219,0.001544,547.5,0.8453,0x0e...7558,https://bscscan.com/tx/0xadfb3697fd9e0241115d8d615cf265c43e4a34b1ca9d3d20dca4f8d474b80c92
2023-03-19 18:31:57,True,0.5218,0.001543,2267.01,3.5,0xf2...bfcf,https://bscscan.com/tx/0x5275164a840318e3475b4a354a154e5dcafbaf2c669c3d7e7f149a7f81b29866
2023-03-19 18:31:57,True,0.5217,0.001543,2267.44,3.5,0x91...79fe,https://bscscan.com/tx/0xa1d0eef491e95195f065ee20e40c7f7fabcb4b622277005832c21f06efb29b63
2023-03-19 18:31:57,True,0.5216,0.001543,2167.0,3.34434,0x00...78d2,https://bscscan.com/tx/0x6d669ed3ea792abc7879538db88e5c3c086a0047ab4870e06e3fc7001ec25b74
2023-03-19 18:25:25,True,0.523,0.001543,938.0,1.44743,0xe3...d2ff,https://bscscan.com/tx/0x99b9da95619acc2eec3037a668c12ad199f1eb502138657f596a645a8dc33d13
2023-03-19 18:18:10,True,0.5206,0.001542,2296.99,3.54402,0x00...78d2,https://bscscan.com/tx/0xc507d1eb2d1c8c9817fc2611979697189f6056ee2a21d29fc48a16e8d3e9c627
2023-03-19 18:17:28,True,0.5205,0.001542,1340.14,2.06738,0x62...1f10,https://bscscan.com/tx/0x9dbbb38f4da0f4beb2305722ae149a6753510b8da5b89f9a65848daeeb1f7393
2023-03-19 18:17:25,True,0.5231,0.001542,749.3,1.15582,0xc3...157a,https://bscscan.com/tx/0x53fd7c0df9f4623875495b9cb5a00604d62578167dc0bc2160133c965cbcd2af
2023-03-19 18:17:13,True,0.5231,0.001542,683.87,1.05482,0xed...4f31,https://bscscan.com/tx/0x7b09a9580239e92995ff7a27c19360d4d5a1410263b8051eb9893e58d72f8a1b
2023-03-19 18:17:13,True,0.5231,0.001542,1498.9,2.31174,0x05...7eea,https://bscscan.com/tx/0x684be77020573fe79eb0e81b1a072176d6a4b5f227a1249a5ac8574e569f3660
2023-03-19 18:11:04,False,0.52,0.001533,95.0,0.1457,0x2d...b351,https://bscscan.com/tx/0xbf56d9d70909bba7ffbd19f74e1ba713a5903c986831ea5b085ba3389e69f581
2023-03-19 18:10:25,True,0.5229,0.001542,40.0,0.0616,0xea...b864,https://bscscan.com/tx/0xec0b0eaa79d45e3cb317ad0d10912c088da621ddc0e9ad0dcebef2573befb172
2023-03-19 18:06:58,False,0.5197,0.001535,11329.8,17.3939,0x3f...573a,https://bscscan.com/tx/0x1cecc53d58472ee5777859d9ed76812f20e9b1488cb185b5125ab01d0e2e373e
2023-03-19 18:06:13,False,0.5173,0.001536,2050.04,3.14903,0x0c...8533,https://bscscan.com/tx/0x677b92706b4b90e1d89530ba521bb300698b49ae240ce69e0ed19c5fb6c41e49
2023-03-19 18:06:13,False,0.5174,0.001536,890.722,1.36839,0x62...1f10,https://bscscan.com/tx/0x9e7e303edea96764e0a25f59da4279f1e927ab1e52af382e5041b8d0e9f8c829
2023-03-19 18:05:16,True,0.5223,0.001544,10.8277,0.0167,0x02...a875,https://bscscan.com/tx/0x39a41838a4291739deebc22d7da2883a4bc32e4f20f033eba809c4024afcd30f
2023-03-19 18:00:16,True,0.5258,0.001544,0.028,4.326e-06,0x8b...6566,https://bscscan.com/tx/0xcf9c1dc27af6a39f8a3c3463efb5b5b227ccd5ff77e0013ba59ee3c4fff17540
2023-03-19 17:57:16,False,0.5231,0.001536,5.26006,0.008,0xe3...da61,https://bscscan.com/tx/0x789aae370e7eb1fd8653cbc6d1bdec95cdc7bbfd67943bb8a93e1add02b0903a
2023-03-19 17:56:55,False,0.523,0.001536,1155.48,1.77528,0x8b...88f6,https://bscscan.com/tx/0xb71cf0d46e38d096804091fdc6545101d44b11109fd72268f23cdc7940fb738f
2023-03-19 17:56:37,True,0.5254,0.001544,861.885,1.33087,0x00...bde8,https://bscscan.com/tx/0xd46f189ce0a87522289d738ad533af64f03f1b0214537b6764fe54ca950a0ba7
2023-03-19 17:56:13,False,0.5201,0.001536,573.351,0.8809,0x8b...88f6,https://bscscan.com/tx/0x6f412cda0df7214d9d227782959d8b820f3ee9a1cc8e610cca65081de634809b
2023-03-19 17:54:49,False,0.5226,0.001536,100.0,0.1536,0xe3...da61,https://bscscan.com/tx/0x37cc816585cfd4c3988bc85eb8fc3e4f62e74d69a5e4035e79a0af27ac1c4fbe
2023-03-19 17:50:49,False,0.5227,0.001536,27.8498,0.0427,0x94...d977,https://bscscan.com/tx/0xc85e1b947d7f5e30cbb0c390d824df2f6031eb9735217fd5b3af38a935f3f68a
2023-03-19 17:48:13,False,0.5196,0.001536,1100.57,1.69106,0x5d...f8fc,https://bscscan.com/tx/0x838ffb50d3ff24933d980f0991c330988263c49e7f9dbb22d07d77a85ec6e27e
2023-03-19 17:45:01,False,0.5233,0.001536,4531.79,6.96485,0x03...9fa1,https://bscscan.com/tx/0xd8f765e1ea6814fcddfbee41161f1af84b1ce08b95cec6f98c14746d28b1d941
2023-03-19 17:45:01,False,0.5239,0.001538,25223.3,38.8136,0x91...79fe,https://bscscan.com/tx/0x11dbf4fccf2429f6238200aca953021c6c0d7285800bb4e3d06da11ce449dd2d
2023-03-19 17:44:55,False,0.5245,0.00154,938.266,1.44538,0xed...4f31,https://bscscan.com/tx/0x17e0fdee5ef55c268f64f884f76df28388eabe734e5de93bc5c6529ec08de4ee
2023-03-19 17:44:49,False,0.5245,0.00154,64.9122,0.1,0x4a...bbf3,https://bscscan.com/tx/0x38efbba433e2e91668db813fb7d0b4aa4f566b3e22985abd97e4fd4166fca88d
2023-03-19 17:43:19,True,0.5264,0.001548,35.0,0.0541,0xf1...97aa,https://bscscan.com/tx/0x7683bfa066bc0f7d97802fc13f6e2519437e76a3ac94932647d3b5249a46f34e
2023-03-19 17:34:22,True,0.523,0.001547,6460.55,10.0,0xda...6e1f,https://bscscan.com/tx/0x6aea57615dd449b0d7c7fe6a978c8346bf312909c05e04988683931831324049
2023-03-19 17:34:19,True,0.5227,0.001547,1294.67,2.00331,0x43...fe22,https://bscscan.com/tx/0xa962aa7698fe31a49dfa12e70aeb9d9a47604749de3ecfa361b0772fa596ad26
2023-03-19 17:34:19,True,0.5227,0.001547,1194.8,1.84858,0x00...78d2,https://bscscan.com/tx/0xe6322b6a183fdd5be1f72d363f7c62a09a1d9a9a84894643c6b9fdf2f98aa723
2023-03-19 17:34:16,True,0.5226,0.001547,2296.31,3.55231,0x00...78d2,https://bscscan.com/tx/0x23936cdd864abf0242a8cf96afd6136c486d631236f7ede0a70f65af6414071a
2023-03-19 17:34:10,True,0.5225,0.001546,1586.9,2.45448,0x00...78d2,https://bscscan.com/tx/0xf124c78cf1ebf77734b848e4b73bc1b0caa80958539a4c8a105c3d58c410b3c4
2023-03-19 17:33:37,True,0.5214,0.001546,2742.35,4.24087,0xf9...5ebf,https://bscscan.com/tx/0x59c5633779d80021d1e7da25611833955fe924930454510a096b1c683e8f5e73
2023-03-19 17:33:37,True,0.5213,0.001546,1084.31,1.67655,0x05...7eea,https://bscscan.com/tx/0xa6a00827745d2cc9a9f0102476c99b57aedc14bf4392f770100a9165fbf552a2
2023-03-19 17:33:34,True,0.5209,0.001545,6469.57,10.0,0x91...79fe,https://bscscan.com/tx/0xd76780bba851675785e30f2f3e0af3b274eb7ca7c585e4bed97ab99b777c2452
2023-03-19 17:32:55,False,0.5155,0.001537,114.533,0.1761,0xf7...d760,https://bscscan.com/tx/0xb58a5d385d6df81387aa62c4f7597519cb5045a4048118ee7db5dee99df1e907
2023-03-19 17:32:28,False,0.5155,0.001537,3.0,0.0046,0x7c...8b80,https://bscscan.com/tx/0xe5bf96c5a9654c7d7768191e3e5d27cb58b130422024303199ca494add793cdf
2023-03-19 17:29:13,False,0.5201,0.001538,12213.8,18.7893,0x11...a5bc,https://bscscan.com/tx/0xdc0f786238586342e05d57a2b86ca35dcf066d259858be518dd9f610db5facff
2023-03-19 17:28:46,False,0.5205,0.001539,3560.51,5.48097,0x11...a5bc,https://bscscan.com/tx/0xff8d7750a97810a7217548af4eb7ca87662d99e8e14de7b7702418752882d52f
2023-03-19 17:28:10,False,0.5206,0.001539,3286.28,5.06026,0x11...a5bc,https://bscscan.com/tx/0x86b78badb446a643a5a69a91c0cba608d2a1a9d4eae26589b9829b5317467360
2023-03-19 17:27:16,True,0.5211,0.001547,516.889,0.8,0x42...859c,https://bscscan.com/tx/0x0cda76fe1b06eecc49c9b5e5c20bec66106def38c84cab850cb48953fdb2cdb0
2023-03-19 17:26:55,True,0.5212,0.001547,3231.06,5.0,0x52...1c7e,https://bscscan.com/tx/0x7c93a0db67ca82d9904798d7499989bb1420ec9928caa62e61fa3bcf4deb7c28
2023-03-19 17:26:34,False,0.5186,0.001539,2.0,0.003,0x7c...8b80,https://bscscan.com/tx/0x6d07555025c6527e9e6e6961afe08575a337499da6f6fc32275ec689ac986a2a
2023-03-19 17:26:13,True,0.5237,0.001547,1201.7,1.85926,0x67...b7c1,https://bscscan.com/tx/0x2400e404b703bfba064d0d5d5bd267ffe9edf838b74e6a2508c4476e01b0c66a
2023-03-19 17:26:07,True,0.5237,0.001547,2262.49,3.5,0xf2...bfcf,https://bscscan.com/tx/0x4792a0dea9811fcc19c55e6dbbb01d72458c720424c10aad8da96c09dd7c4664
2023-03-19 17:26:07,True,0.5236,0.001546,2262.92,3.5,0x52...1c7e,https://bscscan.com/tx/0x0cfdce5df2cf46bcb9a69780b562de634332f3ac0fcb04f6d101537e5bc019bd
2023-03-19 17:26:01,True,0.5235,0.001546,2263.35,3.5,0x8d...1b76,https://bscscan.com/tx/0xe0745f25171ea3a69b11192c49d5d7fa0525398c72bf2a066035e771cf3b66dd
2023-03-19 17:26:01,True,0.5234,0.001546,2263.78,3.5,0x91...79fe,https://bscscan.com/tx/0xf63acb7e52b9444a7103825bd2b35f885185898aa8273f848ec659d391064760
2023-03-19 17:25:58,True,0.5233,0.001545,970.321,1.5,0xb0...a41e,https://bscscan.com/tx/0x588e4fcaaa9291cd5224f704333287be0a23259813001ffebad4719667ad1802
2023-03-19 17:25:55,True,0.5232,0.001545,2264.39,3.5,0x3f...573a,https://bscscan.com/tx/0xcd53fff59765003f4eeec96a67930fbcdafbde89042469e88944b227aa16ed8a
2023-03-19 17:25:55,True,0.5231,0.001545,2264.82,3.5,0x52...1c7e,https://bscscan.com/tx/0x5afa1e5d84a1df7beb619359d083c4ade9837dbb5e8849f9045f64ede28b5188
2023-03-19 17:25:55,True,0.523,0.001545,2265.25,3.5,0x27...b6f2,https://bscscan.com/tx/0xeb3ac9bea74d68a92c6c5008e554c8102699f39b4ced2a6b6d0a2aa403ff4d86
2023-03-19 17:25:49,True,0.5229,0.001544,2305.06,3.56083,0xdb...8aba,https://bscscan.com/tx/0x16c4f1d4aa173018d4bc0c5369c8902cf781fb46b34dddb51d6f18996494c129
2023-03-19 17:25:49,True,0.5228,0.001544,2266.11,3.5,0xf2...bfcf,https://bscscan.com/tx/0x159a8b63eb4f5f50833bc783ea948534170e394f64fbf7c4b2c41e59c586a501
2023-03-19 17:25:49,True,0.5227,0.001544,2266.54,3.5,0x03...9fa1,https://bscscan.com/tx/0x7c34a78c0a1978bb05f3ddd7d4ec0b8f2a71591ae5966e767e89edb2cc85c1b2
2023-03-19 17:25:49,True,0.5223,0.001542,19236.3,29.678,0x11...a5bc,https://bscscan.com/tx/0x133c90822291ec464526ae672314a0a5c031a17e3e89136b649998bfe042eca6
2023-03-19 17:25:49,True,0.5218,0.001541,2270.62,3.5,0x91...79fe,https://bscscan.com/tx/0x99c18f88adbea26440cbf260d4282ff8b1bc6b5613275b7e8dc79efb0319e4de
2023-03-19 17:25:49,True,0.5217,0.001541,3893.49,6.0,0xb0...a41e,https://bscscan.com/tx/0xcfd0184bbd96c3a40d427dc61cc7d2e881f86146205d330591674c4ae2615e8b
2023-03-19 17:25:49,True,0.5215,0.00154,2309.57,3.5582,0x00...78d2,https://bscscan.com/tx/0xb70db8e8207b1aa55e7f61df62c3d9eccfe532469ce3a930a044e93f9fb2c798
2023-03-19 17:25:19,True,0.5215,0.00154,1353.44,2.08483,0x2c...015a,https://bscscan.com/tx/0x95d4f3beb835a0fbf0b59369e639d8a433e7e8e0638480894f14582c00f9575d
2023-03-19 17:23:46,True,0.5215,0.00154,2754.33,4.24204,0x67...b7c1,https://bscscan.com/tx/0xb220e7a434f2a1f489ade9389c986e8716967617d74396d14460c5f0b0619323
2023-03-19 17:23:46,True,0.5214,0.001539,1619.4,2.49364,0x00...78d2,https://bscscan.com/tx/0x17c95fcefb3a2cef1158de31b4772e364dd7007a762d169141dc20cb4b11640a
2023-03-19 17:23:16,True,0.5213,0.001539,921.9,1.41944,0xf9...5ebf,https://bscscan.com/tx/0xdead07d828dbfc176a1cc75e2e6eaf2fbc2945439231608a1017c37597dbd0e3
2023-03-19 17:23:10,True,0.5213,0.001539,2273.49,3.5,0xf2...bfcf,https://bscscan.com/tx/0x361d878bd6a64de9c6b86ad31a6942abf87743da6c1ac55deaf55b44a6ce2e58
2023-03-19 17:23:10,True,0.5212,0.001539,526.8,0.8109,0x67...b7c1,https://bscscan.com/tx/0x26dd467a3cd7c81045d10fb61717ff19baeacefd41df6fc285109e9e0ad7ed89
2023-03-19 17:22:34,False,0.5186,0.001531,65.0,0.0995,0xd4...43e7,https://bscscan.com/tx/0x8ec4a2dbc45745c39bfab852d151d93376981872c992975b79912e75327bb7e1
2023-03-19 17:15:43,True,0.5187,0.001539,1418.6,2.18349,0x4d...74b8,https://bscscan.com/tx/0xa9e1ec825a6cac76394f4361c32355dd58ada2a8fd9f92a07b1764b943030de5
2023-03-19 17:15:18,False,0.519,0.001531,21.5169,0.0329,0x52...8d7e,https://bscscan.com/tx/0x3b8965fe6b5b7e53b994deb696e053bb20932cbdb4db9284a6821773f308ce7e
2023-03-19 17:14:15,True,0.5216,0.001539,500.0,0.7695,0x0d...8fa1,https://bscscan.com/tx/0xb7527f29e729fa047b5787ad2d39d470b0bf28bd92d0a4d13c31c4705d0e35fe
2023-03-19 17:14:00,False,0.519,0.001531,3.21212,0.0049,0x58...fce6,https://bscscan.com/tx/0xa1b5b9ddd82813c147e822aa45964b45a12603e294806b1f633f2069675f4791
2023-03-19 17:10:09,True,0.523,0.001539,1043.07,1.60525,0xd3...ec6f,https://bscscan.com/tx/0xa150067ab1e3a3e621cdcc89b5dc6d63dc28e8f638caa7ac9be935e5ed11e187
2023-03-19 17:10:09,True,0.5228,0.001538,6972.97,10.7276,0x7a...c707,https://bscscan.com/tx/0xb0336608331e7fee6ec7216dfa8031fc7f8c83352be3719f0af460526f8067e4
2023-03-19 17:10:07,True,0.5225,0.001537,5292.6,8.13826,0xd3...ec6f,https://bscscan.com/tx/0xad58e323b15bf8348631a63eede0ba52f4ffe0ae14cd7b0c541c1c22c088f80f
2023-03-19 17:09:51,True,0.5198,0.001537,314.4,0.4833,0xd3...ec6f,https://bscscan.com/tx/0x64ba5b0f2662529efbca669d986cca353e4c40ab16b936b603867954791477ec
2023-03-19 17:09:48,True,0.5198,0.001537,314.4,0.4833,0xd3...ec6f,https://bscscan.com/tx/0xcbdabc3dfde57ef86f4db63a33678eb005339233c00fd3058c9e3bce94068aee
2023-03-19 17:09:45,True,0.5198,0.001537,314.4,0.4833,0xd3...ec6f,https://bscscan.com/tx/0xf3ceef2fca42b373a378f1281510a0b5015101fd33ec7a7207508b8bbbf42520
2023-03-19 17:09:40,True,0.522,0.001537,314.4,0.4832,0xd3...ec6f,https://bscscan.com/tx/0xec5c922d19c468b2fea11c21c9d6bb0e17af380d8d96117104fb2dc3ee3ef1a1
2023-03-19 17:09:34,True,0.522,0.001537,314.4,0.4832,0xd3...ec6f,https://bscscan.com/tx/0xf8b32c8dad0499604236e44825718db73842d6c80405082542c9d5741de28095
2023-03-19 17:09:31,True,0.522,0.001537,2038.48,3.13313,0x8b...88f6,https://bscscan.com/tx/0x66ab11fd0df6885c26375551d00d41d87dc5d981080576215a259de1d3009fbf
2023-03-19 17:09:25,True,0.5189,0.001536,314.4,0.4831,0xd3...ec6f,https://bscscan.com/tx/0x2e64c562d238447a466639e136a3327a662b11d123191f94e998a6d655f385ca
2023-03-19 17:09:22,True,0.5189,0.001536,2277.64,3.5,0x2f...e155,https://bscscan.com/tx/0xc7e696c8fdb6bc8374b335dc09a3797f80ea130624fc701d8b902343cd2ad90f
2023-03-19 17:09:16,True,0.5188,0.001536,314.4,0.483,0xd3...ec6f,https://bscscan.com/tx/0x44c135bc81809b55a9ff1ecf3e541f47de6bb30269d968da131c7e4a4938715b
2023-03-19 17:09:13,True,0.5214,0.001536,314.4,0.483,0xd3...ec6f,https://bscscan.com/tx/0x6ba25878932cdde849f8eebe5bad399aa14ed74c025a548f29eb58eb7a6fbbeb
2023-03-19 17:09:06,True,0.5214,0.001536,314.4,0.483,0xd3...ec6f,https://bscscan.com/tx/0x4f4a31097a85bc81e76ce0f5dc7623e1ca53922bf522d4c9f0fb41f0cf47b667
2023-03-19 17:09:03,True,0.5213,0.001536,1519.34,2.33418,0x8b...88f6,https://bscscan.com/tx/0x781f0cab0bed7c05a6a15f0cccf5c206bbad00b1df034f11c448de77523bd807
2023-03-19 17:08:54,True,0.5213,0.001536,622.6,0.9564,0xd3...ec6f,https://bscscan.com/tx/0x822d688f04d0181fba4d7f592a883e95c25b125ebe767e7e2fda2698aff4332c
2023-03-19 17:08:51,True,0.5213,0.001536,622.6,0.9563,0xd3...ec6f,https://bscscan.com/tx/0xadb6142ea1f88340fae2a9321cf4058067f1a650f8a9059b5f934be32e82fb3d
2023-03-19 17:08:07,True,0.5186,0.001536,548.0,0.8417,0xd3...ec6f,https://bscscan.com/tx/0xfcec93217671d3952e925769c62998cd1d6eef16a514bcfd9d999bebd6d22171
2023-03-19 17:08:04,True,0.5186,0.001536,548.0,0.8417,0xd3...ec6f,https://bscscan.com/tx/0x9840b9a60ee5b81fceb407be98b361ca769a54f2f0a73d440bd13fbf9b598d98
2023-03-19 17:08:01,True,0.5186,0.001535,1119.4,1.71923,0xd3...ec6f,https://bscscan.com/tx/0xecfc14d12ab24223f4a82d429dc47cf5ff5c87002fe8b45b8549c005ebaff221
2023-03-19 17:07:58,True,0.5185,0.001535,829.2,1.27342,0xd3...ec6f,https://bscscan.com/tx/0x286ddb8c3df1c18836e3ab3eaa8fb94bd49bbe25f8e43a03fbdb23e6f9809d0c
2023-03-19 17:07:52,True,0.5185,0.001535,699.2,1.07371,0xd3...ec6f,https://bscscan.com/tx/0x7980ce2ec6b24f1fd86a70a2b668ee652048667d159fc0954a31537c4f3136b2
2023-03-19 17:07:48,True,0.5184,0.001535,699.2,1.07365,0xd3...ec6f,https://bscscan.com/tx/0x33f12116a6f2866bc6f8395db6c609baba046fac3810e6074419c9f08ea0adbc
2023-03-19 17:07:45,True,0.5184,0.001535,717.6,1.10183,0xd3...ec6f,https://bscscan.com/tx/0x64e9c06b1f8c9e3f5b03ce0662d103f86a03731454fcf8087db97169bb6d6cfd
2023-03-19 17:07:39,True,0.5184,0.001535,564.2,0.8662,0xd3...ec6f,https://bscscan.com/tx/0xeb8ce53fd1ab9241ae3354fbc28be5f1aabacddeeb16f8d775d1b15993df8626
2023-03-19 17:07:33,True,0.5183,0.001535,564.2,0.8662,0xd3...ec6f,https://bscscan.com/tx/0x9dfd294d00f631269fd6bac8dc3e9f6c2b0f248fadc04feb02856f352de1bdf4
2023-03-19 17:07:27,True,0.5183,0.001535,445.6,0.6841,0xd3...ec6f,https://bscscan.com/tx/0x4fef17c73faf20f4b8a9a975025113decf2fce2beaace675c6d1e5b29c0c604c
2023-03-19 17:07:21,True,0.5207,0.001535,1334.15,2.04807,0x3a...231f,https://bscscan.com/tx/0xc839be8608965868a89c2efafa4440febef0527667042876422cdd0a4b4470fb
2023-03-19 17:07:21,True,0.5207,0.001534,1334.3,2.04807,0xd3...ec6f,https://bscscan.com/tx/0x8a19aa224592bcf68e7d834cd5e8a91681c6215c048e3501c0dcfb717f088e62
2023-03-19 17:07:18,True,0.5206,0.001534,426.2,0.6541,0xd3...ec6f,https://bscscan.com/tx/0x78a67dfdcafcc48c8e06d87a56bf71cc1aa9c26a1e1d0999ae9d52b67e74e096
2023-03-19 17:07:15,True,0.5206,0.001534,426.2,0.6541,0xd3...ec6f,https://bscscan.com/tx/0x4eb160191b4b30df54bae69b60c9f6ce0827a1fdf1935a1908148959a41b5891
2023-03-19 17:07:09,True,0.5202,0.001534,308.1,0.4728,0xd3...ec6f,https://bscscan.com/tx/0x966bf01dd65757667047ee1d71763a3411c1b4f9d9ca79c6d44f8027a0d15dab
2023-03-19 17:07:06,True,0.5202,0.001534,308.1,0.4728,0xd3...ec6f,https://bscscan.com/tx/0xe5ebb87474a3635e46d64f1664b9bd65f0a3862b7f58a98e1e704affc1d2afa7
2023-03-19 17:06:54,True,0.5228,0.001534,979.167,1.50263,0x82...2196,https://bscscan.com/tx/0xb39de7ce9cc81e97d6e81cad372f541921b74b88a2d871dec1ae2704d8d692d3
2023-03-19 17:06:54,True,0.5227,0.001534,1626.6,2.49591,0xd3...ec6f,https://bscscan.com/tx/0xcf1cd8303a0503e89dff94684a733217562bef12cde2f0591b9d580467f78962
2023-03-19 17:06:51,True,0.5227,0.001534,774.613,1.18848,0x4d...74b8,https://bscscan.com/tx/0x453e1da9bfff181c8fd5ba8293952ff9145b515ddaed9948a25210b96cb3a76f
2023-03-19 17:06:51,True,0.5226,0.001534,1341.0,2.05729,0xd3...ec6f,https://bscscan.com/tx/0x80fe551863c1db2d34cde46dd87cf9288fac6bc7d39441ca3228776fea9b183b
2023-03-19 17:06:03,False,0.5175,0.001526,130.0,0.1984,0x7a...4ceb,https://bscscan.com/tx/0x706c23ebec4bb2269cfe8cf1d8af1bf85ff288031b0bad91a0cfc0558b11d14b
2023-03-19 16:59:29,False,0.5197,0.001526,40.8559,0.0623,0xe0...ef53,https://bscscan.com/tx/0x96f8590cde0c7ff68032adb324feae26223fbd8e4b672796dcd31aabe324cd69
2023-03-19 16:59:26,True,0.5221,0.001533,8928.93,13.6926,0x0c...4cbf,https://bscscan.com/tx/0x0cedb1b78d25956195ae44eddf9156b9c5ff3dc91267de4f03bb84c91c9b4e71
2023-03-19 16:58:29,True,0.5223,0.001532,552.1,0.8463,0xd3...ec6f,https://bscscan.com/tx/0x003c718f72a4dd9e2dfb9ebf964ba3b5a13b56de299df760981998447134d97d
2023-03-19 16:57:50,True,0.5199,0.001532,2618.9,4.014,0xd3...ec6f,https://bscscan.com/tx/0xbacf3963496670e3272c6506d27e90c607a539f6ba700d96d18e6a96971b73fe
2023-03-19 16:56:53,True,0.5216,0.001532,553.206,0.8477,0x06...605c,https://bscscan.com/tx/0x247c1731388ef2b0bc5e08c784bdc99abb9e937bf0d653ae312c6545de57c8b2
2023-03-19 16:45:31,False,0.5153,0.001524,3.312,0.005,0xe7...8bc2,https://bscscan.com/tx/0x01a83fa677122e06aa4548af21f7782688933d550b22ea585cfdb04aa67d5b60
2023-03-19 16:45:04,False,0.5159,0.001524,13.248,0.0202,0xe7...8bc2,https://bscscan.com/tx/0x7ba288581fbe5286ee01934e0150cc2fff37450851fcbcd3ad823f208efda6c1
2023-03-19 16:44:42,False,0.5159,0.001524,181.563,0.2768,0xab...63ae,https://bscscan.com/tx/0xcfa9630f543e2fff1e2971d06f4fd3288559ea3b50cfffe629a3e4adf8f56d64
2023-03-19 16:41:43,False,0.5187,0.001524,30.2702,0.0461,0xfa...ea7f,https://bscscan.com/tx/0x39e498976a60271b6ab76405e8ee6df14758995208c7eff13ed9d4d35f377b02
2023-03-19 16:41:40,True,0.5212,0.001532,3559.29,5.45379,0xd3...ec6f,https://bscscan.com/tx/0xabe65800f759565ea5e8341e26f1ff8c239f3b824a6854498a89d2be6f415d4a
2023-03-19 16:39:53,False,0.5182,0.001524,98.7305,0.1505,0xa9...63cf,https://bscscan.com/tx/0x4be24d3adb9cce799ca6c28523d32607d8ce3df1c2e9d89d5f49fe5f4a9b9371
2023-03-19 16:39:08,True,0.5184,0.001532,68.2715,0.1046,0x27...c17e,https://bscscan.com/tx/0xcd37fc49699f9ee4c6fcd785982c5028200747a709aaa26e48a2541f60764715
2023-03-19 16:39:04,True,0.5181,0.001531,3529.19,5.40609,0xd3...ec6f,https://bscscan.com/tx/0x510cd922e0c0b4d7bd927d23ff13f2aadd67e214f1b5b6b0f1e4510346126b20
2023-03-19 16:38:19,True,0.5205,0.001531,3007.42,4.60558,0xd3...ec6f,https://bscscan.com/tx/0xb97b6cecc2c7ccd298208fda5683f013c76e516301acc4893a2e6464f1fc62e5
2023-03-19 16:37:31,True,0.5203,0.001531,3535.58,5.41293,0xd3...ec6f,https://bscscan.com/tx/0x32dd0aad322132301f8adce5ba22849c35a3128abd4c6f9e285bceb95d10c6e7
2023-03-19 16:37:22,True,0.5201,0.00153,4488.52,6.86957,0xd3...ec6f,https://bscscan.com/tx/0x77bcc37ea5f088685e15ab2e76170d18d03783ee29cbb1409a152363d46b362a
2023-03-19 16:32:13,True,0.5201,0.00153,786.196,1.20299,0x78...4fb5,https://bscscan.com/tx/0xe7d9f7e441d293a93280bdd3671af598b974020983f1c8034cc0a5721885e283
2023-03-19 16:30:34,True,0.5204,0.00153,189.906,0.2907,0x78...4fb5,https://bscscan.com/tx/0x8592177e9c687ef378a06ec8cf039025edb37a030f21aa8481bf92ed3a835bf1
2023-03-19 16:27:28,False,0.5151,0.001522,173.618,0.2643,0xb6...5659,https://bscscan.com/tx/0xa875308e1c2d7cd4e3e22919fb65143429d0a779d268f5f603d1d0c70d5fafb2
2023-03-19 16:27:04,False,0.518,0.001522,84.8937,0.1292,0x82...7bb1,https://bscscan.com/tx/0x55529470e1685cbd02fd4f045c6d36268a2ea8ea87e018dc969b54d490184b1e
2023-03-19 16:25:07,False,0.5152,0.001522,25.8183,0.0393,0x52...8d7e,https://bscscan.com/tx/0xcf57a52442c4b2407f7368f682cb82d066c80ee84a0ba26965d6d86ef20de008
2023-03-19 16:23:37,True,0.5189,0.00153,926.7,1.41789,0xd3...ec6f,https://bscscan.com/tx/0x93f6d8a8eb51fbcd2a1ff513d2048c688ba3b964a2d9c8d72b92c70158917a7b
2023-03-19 16:23:34,True,0.5188,0.001529,926.7,1.41778,0xd3...ec6f,https://bscscan.com/tx/0x25384d3009038f0891d26198ca8951fae964c8bb9283bee8ebc08122b30d0af7
2023-03-19 16:23:31,True,0.5188,0.001529,926.7,1.41767,0xd3...ec6f,https://bscscan.com/tx/0x957ebfb86aa30ab6053c6aac1a72441e885d85a34d5ea83b3ab327b8a9b7e7ac
2023-03-19 16:23:25,True,0.519,0.001529,4.78574,0.0073,0xd3...ec6f,https://bscscan.com/tx/0x9f1754b3cfebc5786ed47fb40abfa78aacf220828b74abe1321ae4ac2153ac23
2023-03-19 16:23:25,True,0.519,0.001529,3829.2,5.85678,0x71...69e3,https://bscscan.com/tx/0x969251dd0f13177bce8f61e5010f1df25ec7b3514a631933b7d620f4686c6cc7
2023-03-19 16:22:10,True,0.5215,0.001529,26.1564,0.04,0x42...859c,https://bscscan.com/tx/0x04ebe3d8033367c0d2cd0a3ac51e8423265a0a7e96b651deea05fc10565b10cc
2023-03-19 16:13:37,True,0.5218,0.001529,176.778,0.2703,0x97...ab44,https://bscscan.com/tx/0x138f7f0bf6f490a4ec712181f7d0a8489229e94ef0d9e643e0c0027b09d963a8
2023-03-19 16:08:10,True,0.5226,0.001529,1152.0,1.76159,0xd3...ec6f,https://bscscan.com/tx/0xde10765a8e87bf74715a73166ca67b9bb0315c863e0a92e306e2432fda137e96
2023-03-19 16:08:07,True,0.5225,0.001529,2166.5,3.31247,0xd3...ec6f,https://bscscan.com/tx/0x8fad793965bf82a80c8fd868d0f913dcc9ac4f6d63775c8699480458274d4032
2023-03-19 16:08:04,True,0.5227,0.001528,2625.9,4.01407,0xd3...ec6f,https://bscscan.com/tx/0x8efafa22bde95e4af090e826b545aa6f9cefb9fec3fa3fdc4e60feb58eecdb88
2023-03-19 16:07:13,True,0.5226,0.001528,3271.5,4.99974,0xd3...ec6f,https://bscscan.com/tx/0x6428b77819131759178eff33e699ae4a820ca90a774e8edcd10e19a7a309eaba
2023-03-19 16:07:10,True,0.5225,0.001528,1751.0,2.67544,0xd3...ec6f,https://bscscan.com/tx/0x2327dcb1033dedd4134f767121de2b89525f26d22ae17db4404f44fe11639cbc
2023-03-19 16:06:16,True,0.522,0.001527,594.473,0.9082,0xd3...ec6f,https://bscscan.com/tx/0xa92d6a2964438cdf9809918bbcfa312aba017fa00be701c3e6f10718ce0a6298
2023-03-19 16:06:13,True,0.5221,0.001527,1018.2,1.55551,0x2c...015a,https://bscscan.com/tx/0x71169f81acc8ceb9cc388f5dc9ff71d4999565cf90a9ed2c091e5ff6848cfdc0
2023-03-19 16:06:10,True,0.522,0.001527,1018.2,1.55537,0xd3...ec6f,https://bscscan.com/tx/0xd566d30a0725c7e5aac1511641cfda80e352fe01fbc55923a0fac07c786ae23f
2023-03-19 16:06:07,True,0.522,0.001527,1018.2,1.55524,0xd3...ec6f,https://bscscan.com/tx/0xdab06ed8923468a1deb050dcf40fa5396e15fc197d910a79e623262b45013c67
2023-03-19 16:06:04,False,0.5196,0.00152,10278.7,15.6277,0x9a...10b5,https://bscscan.com/tx/0xef6a2d662b476b6af4cd0b9113ea57ee85863fe3d344e37b2ace4d120f63aeb5
2023-03-19 16:05:58,True,0.5197,0.001528,1020.8,1.56041,0xd3...ec6f,https://bscscan.com/tx/0x34ecb08fee61eb96a42d9bc612c4502a4d0fa483bc6a3f5d95eea0a58fb45098
2023-03-19 16:05:49,True,0.5197,0.001528,906.8,1.38604,0xd3...ec6f,https://bscscan.com/tx/0x649b7f80d213221d3ff8f8be8572b4c64fa24232d75db41b05cedcb77aa30045
2023-03-19 16:05:46,True,0.5222,0.001528,1202.8,1.83831,0xd3...ec6f,https://bscscan.com/tx/0x1c2e293459f146c4ecd6dfaa67ffe0ef061c662ce56a1600abf2273d48f5a9a2
2023-03-19 16:05:40,True,0.5222,0.001528,1048.9,1.60295,0xd3...ec6f,https://bscscan.com/tx/0x11f61263cd4833eec2e0516df3859c958670b79e8c9ad7b33ca0b4e8a793c737
2023-03-19 16:04:04,True,0.5186,0.001528,17.0,0.0259,0x52...92cc,https://bscscan.com/tx/0xa7245e2f3517150fd3830f7bb09e2d5b663281e96b7fe5cbd8d3b647e93be4c4
2023-03-19 16:03:22,False,0.5165,0.001522,23973.6,36.4886,0xb6...8f09,https://bscscan.com/tx/0x601f6b6049fa03ca90f240b21add472c0991a61bedad93fcefbfcee2c4fad9dc
2023-03-19 16:02:52,False,0.5197,0.001523,116.0,0.1767,0x50...1b11,https://bscscan.com/tx/0xa5e956bbb892fc8a46c7737548955a7a8cc09da92ff64fd3269523026311db27
2023-03-19 16:01:07,False,0.5166,0.001523,20.2999,0.0309,0x89...5385,https://bscscan.com/tx/0x3458d36dda1323679d0869d17b8d1e215ea40260ee19e2db5103eb16ce52a52d
2023-03-19 16:01:07,False,0.5166,0.001523,100.0,0.1523,0xa4...7531,https://bscscan.com/tx/0xcdeed08ebe1c2846fcb1d71fb90c7075a9154f33a778245fb0ea7f4ad8e46493
2023-03-19 15:57:04,True,0.5213,0.001531,97.0,0.1485,0xef...a440,https://bscscan.com/tx/0xfea40bff5f10e7e5404397df9a7502615ad3cdfe4893e092f71575aa197995f4
2023-03-19 15:55:43,True,0.5186,0.001531,26.1232,0.04,0x52...92cc,https://bscscan.com/tx/0x3f228602c684eb059425cdcd328518ce327b70a4c3b192e61bc7864b69d912d6
2023-03-19 15:54:04,False,0.5183,0.001523,249.666,0.3803,0x37...dfb1,https://bscscan.com/tx/0x83ac7e54165273e8d30f0c68ae6815d1bc8d7cec18f14dbf349ae817194c1edf
2023-03-19 15:53:22,False,0.5184,0.001523,1100.3,1.67648,0x00...78d2,https://bscscan.com/tx/0x3a1df53000d6862cec81b7b8c5e2cb73e0a6813532aa9ae7b89bc2468706644a
2023-03-19 15:52:52,True,0.521,0.001531,146.5,0.2243,0x34...e4a7,https://bscscan.com/tx/0x66f259349eb666567ee9c8241cd6294102c5ce010c45f5e894126ef4273f3f4c
2023-03-19 15:52:37,True,0.5184,0.001531,69.3524,0.1062,0x1a...ece3,https://bscscan.com/tx/0xd2e9b1c72319ff219cc4ee7a81bb9dd4e814eb620181363e413dfca0cd89c9cd
2023-03-19 15:52:25,True,0.521,0.001531,58.7718,0.09,0x42...859c,https://bscscan.com/tx/0x4cf104720c04775470d32a95c6deb6a92027588b21843c92812112996ba3b3e5
2023-03-19 15:47:55,True,0.5184,0.001531,1096.47,1.679,0x35...aca7,https://bscscan.com/tx/0xccf210993a85db07b19fe44ed886dc28e32342ebcf914c4002eba783a9887c67
2023-03-19 15:41:28,True,0.5211,0.001531,81.4552,0.1247,0xf8...2526,https://bscscan.com/tx/0x689c2f7b2d446af605bc58c7adce7f50792bf807a4b81d95b578bd93c5724fde
2023-03-19 15:36:28,False,0.5163,0.001523,37.7992,0.0575,0xb7...60d3,https://bscscan.com/tx/0xce6b9b0ce65629857b7f949e19198c88612f5cdf8ea3d95784ab358ace33779c
2023-03-19 15:27:28,False,0.5155,0.001523,134.971,0.2056,0xd6...6fa0,https://bscscan.com/tx/0x673214c0429bb72a73c942dee017ad1001122006c05be904b743ec2c898da59f
2023-03-19 15:25:31,True,0.518,0.001531,245.0,0.3751,0x5d...2e53,https://bscscan.com/tx/0x1182539979cc67d978834f22e3b0b6928d9de438ca3eeac9579e9c1fbec5d1c5
2023-03-19 15:23:12,False,0.518,0.001523,73.216,0.1115,0x7b...7358,https://bscscan.com/tx/0x6558d1c586e424598d569d005afd76160a408ef28de18c162ade329c5cf73b05
2023-03-19 15:19:30,False,0.5177,0.001523,12.9892,0.0197,0xf6...fcfe,https://bscscan.com/tx/0xe2bc755b53a6e3fe55bb447843ac24a0cec5230ca4b01473abccc9ad4dd67149
2023-03-19 15:18:39,False,0.5173,0.001522,1.5169,0.0023,0x4c...b032,https://bscscan.com/tx/0xac6ab9eb2a357fd29045a7e0bb4648d16803bcbd13bb0fd369d2adf5274bae58
2023-03-19 15:07:21,True,0.5206,0.001532,39.6735,0.0607,0xae...f0c0,https://bscscan.com/tx/0x68a17c8e8f6e479e92ca34b66c37bb25954a871163b35546196c8ea34ad8b527
2023-03-19 15:05:36,False,0.5155,0.001523,1148.89,1.75046,0xf8...5033,https://bscscan.com/tx/0x1952e06acbed046a39c4a4ffc650dbfd8e44e504ab917e5137a31cda566fbb74
2023-03-19 15:02:00,False,0.5182,0.001523,541.909,0.8257,0x2e...7131,https://bscscan.com/tx/0x989a9ac42a4b4ab2f5ddf08b57b3524be1cba31a4d64105e64c2d6b896487756
2023-03-19 14:58:45,True,0.5204,0.001531,417.925,0.64,0x42...859c,https://bscscan.com/tx/0x122955c0c3f2ba2b261a79569e3109dc8223beb78a49e205bd5f3e8d88fbaa62
2023-03-19 14:58:12,True,0.5178,0.001531,8.04577,0.0123,0x36...daab,https://bscscan.com/tx/0x5de9b370a1a1feb0911ebd0e3a92c5b6dcf45b05065ecbc1b6a3b62f69741492
2023-03-19 14:57:12,True,0.5203,0.001531,17.8633,0.0273,0x36...daab,https://bscscan.com/tx/0x2940e3cfcfd1266038f1b47246566231b9cfe7d534de19725aed562a537e3244
2023-03-19 14:56:03,True,0.5205,0.001532,5.48891,0.0084,0xde...367a,https://bscscan.com/tx/0xaf79b90340cec735cd49141fb52030c99cbdc63afcb96036ed648e964093fc9a
2023-03-19 14:53:48,False,0.5177,0.001523,267.631,0.4077,0xff...677b,https://bscscan.com/tx/0xd3501ca8e80cb550d4673e7723e148edaa6b3a030e8b2729b8690a3704d4d1f4
2023-03-19 14:47:54,True,0.521,0.001532,45.2878,0.0693,0xfa...520c,https://bscscan.com/tx/0x016d17d9133264df39957196e8b6cdee47e2becaa4d607e139ad69bb58f98c6d
2023-03-19 14:46:54,True,0.5181,0.001531,214.056,0.3278,0x91...2bbe,https://bscscan.com/tx/0xea95db20ed632ea2a3f10b723ae0875ac8cf3fb1342316a7ca3c1e8d87b23721
2023-03-19 14:45:33,False,0.5155,0.001523,1333.4,2.03181,0x00...78d2,https://bscscan.com/tx/0xff794af4c1ba57fecbc6aaa76c074ac9b81cee38b1b642601af1510e377fb52c
2023-03-19 14:45:15,False,0.5156,0.001524,2327.49,3.54714,0x00...78d2,https://bscscan.com/tx/0x1a28ed5cf55379d10f989efd05ba15897ba8e9517f3dc538b9898af6085bca1c
2023-03-19 14:35:39,False,0.5178,0.001524,2323.67,3.542,0x00...78d2,https://bscscan.com/tx/0xbc98773868aff561b661385f51d74062c44c10d245578dfdff0b55188eb22f50
2023-03-19 14:34:51,False,0.5178,0.001524,38.6786,0.0589,0xc4...1286,https://bscscan.com/tx/0xa4d81a7b5c950eea257e0f5bc0fb669dd65c9457cfaf70daf0e2fe39a0c7127d
2023-03-19 14:34:48,False,0.5178,0.001524,62.3734,0.095,0xb6...5659,https://bscscan.com/tx/0x67136cdf294eeeefa74ca1b2950788eb745c6e86363112fc6692c3f3eca07a88
2023-03-19 14:33:57,False,0.5179,0.001524,20.0,0.0304,0xc4...1286,https://bscscan.com/tx/0xb1f7e6fb88c8e7a0aaeca59bf2f61a8a9940463d1fe56dfbe39334a4c604de52
2023-03-19 14:33:30,False,0.5177,0.001524,2255.3,3.43847,0x00...78d2,https://bscscan.com/tx/0xd9b591093524d1a5a8e8299d77a6e179642e1417841f30c9fccc646144d24326
2023-03-19 14:31:03,False,0.5183,0.001524,1816.7,2.77024,0x00...78d2,https://bscscan.com/tx/0x7ded66e5582d30e31bc4e05f80bd58f05b50184e3c8bf0e5bb4bdc1f221419a4
2023-03-19 14:29:15,False,0.5183,0.001525,2322.99,3.54287,0x00...78d2,https://bscscan.com/tx/0xb8f2380f768dfa5712056b2fc352b7bc0d8127efdb7c5b2d41a8741e9751fe2e
2023-03-19 14:29:06,False,0.5184,0.001525,42.0,0.064,0xd0...10bf,https://bscscan.com/tx/0xae24f887ab7facb4bbd9244d47c5183e259f413999a8e6f16af839e4f125c168
2023-03-19 14:25:24,True,0.5187,0.001532,32.6752,0.05,0xd5...23a8,https://bscscan.com/tx/0xe1301f4ce8c50c4081706246935fae4180f6103b949de89c75df0695512f93d5
2023-03-19 14:01:33,True,0.5212,0.001532,216.843,0.3324,0xd3...2e46,https://bscscan.com/tx/0x1997a606845de44ed482c5308376e8075070cb457cba087059e5878448c6f982
2023-03-19 13:59:27,False,0.5184,0.001525,63.9689,0.0975,0x2e...b0b8,https://bscscan.com/tx/0xe320dfb699f51b1a0e8e9778cfa10e8abca06234442a8f1ffefe1b0221c3c943
2023-03-19 13:57:12,False,0.5156,0.001524,75.9154,0.1157,0xb9...9fd3,https://bscscan.com/tx/0x8f1eb7489a7d453e6d233976f14b0dad689d3ac31a7ec017a45cd40e8f76afaf
2023-03-19 13:57:00,False,0.5184,0.001525,59.5651,0.0908,0x64...9ae8,https://bscscan.com/tx/0xc07ef1c58d59ff70bb374b7f356d75a5d89314f0a4f22e93cf2c88f0602d1c6b
2023-03-19 13:49:47,False,0.5165,0.001525,260.0,0.3965,0xf4...489c,https://bscscan.com/tx/0xb26e7117231a494fc745ac3f908296ffc6ff1d6df25faab7b19a0ada75d5479e
2023-03-19 13:48:08,False,0.5181,0.001525,2319.18,3.53782,0x09...18f7,https://bscscan.com/tx/0x31ae9505a4d94c6ff982280175d6e0c2c5669669fbc34768dd687eb5d65185f3
2023-03-19 13:45:43,False,0.5178,0.001525,59.0,0.09,0x9c...1316,https://bscscan.com/tx/0x6bc3c00b9974debf7b40d3f8ae4574c78d66470a104c4eca9b736b54d4ccae2d
2023-03-19 13:42:04,True,0.5198,0.001534,168.005,0.2577,0xaa...7223,https://bscscan.com/tx/0x7c201da54ff8565c7676d0bc65276fe188bc32b0349e9d0df88fe50671da5750
2023-03-19 13:40:25,False,0.5143,0.001525,200.0,0.3051,0xca...ee11,https://bscscan.com/tx/0x5a4b585354227eea62607248435ede5bf8ddd18aae7268d5d19a8965690c7554
2023-03-19 13:39:49,True,0.5172,0.001534,168.005,0.2577,0x31...e920,https://bscscan.com/tx/0x71b100ecf9f36ff0517bf546cd8a7a0799b8e9c828137921cb9eb49137cc4c3c
2023-03-19 13:37:52,False,0.5138,0.001525,1383.7,2.11109,0x05...7eea,https://bscscan.com/tx/0x2138a6bd503c5ebfb16d25f30de8bd25e8b1b8c2db961c56b504bf2d6299fc59
2023-03-19 13:36:24,False,0.5161,0.001525,290.0,0.4424,0xd5...37db,https://bscscan.com/tx/0x650c4ded948c966ba737c6c3295d93695b2f053529b198d45235e02b3a07ee66
2023-03-19 13:28:06,False,0.5169,0.001525,30.0765,0.0458,0x9f...54bd,https://bscscan.com/tx/0x55d5d7774079b6b54ba01ce0673b9ddc912379858c21a97065f92033dd5985d4
2023-03-19 13:27:27,False,0.5169,0.001525,14.2935,0.0218,0x4d...a228,https://bscscan.com/tx/0xa0de56c8edb635acd936f538b204fdde10b51403642e8ded1b25f5f89a908f34
2023-03-19 13:18:30,False,0.5139,0.001525,5.26897,0.008,0x01...e8d5,https://bscscan.com/tx/0xf82bc3a89b95f822234ee83e65f4f7965848c0f65fc52a19637e58073e8ff5a0
2023-03-19 13:15:12,False,0.5134,0.001525,148.596,0.2267,0xb2...1fdd,https://bscscan.com/tx/0x16d1c17b98492fe64e60da88c2a71901802162fc4830dbf28b7803de94fe8808
2023-03-19 13:15:06,False,0.5134,0.001525,40.6164,0.0619,0xd3...2e46,https://bscscan.com/tx/0x45377a12b4a8360c81e214a4522a4ba1127636ccf31db834115d5f64a248c1aa
2023-03-19 13:10:00,True,0.5188,0.001533,22.8892,0.0351,0xdb...cdbe,https://bscscan.com/tx/0x9b9cfe8a201b12528d1e2026f2667850a8f437202ed0c7c3535739ac1456e3cb
2023-03-19 13:06:45,True,0.5152,0.001533,15.0,0.023,0x2c...5c85,https://bscscan.com/tx/0xc65e1fce3183baabf8de3ff32525f16961f028c9413708efc09a1255c4944034
2023-03-19 13:00:20,True,0.5152,0.001533,25.0608,0.0384,0x1a...efe3,https://bscscan.com/tx/0x488362dd42ee913c46640d972802bc9394c59841b1c08fa541179134cf1507f2
2023-03-19 12:57:41,True,0.5175,0.001533,130.422,0.2,0x02...930e,https://bscscan.com/tx/0xb365dfa9794acd06d7e29ccb4aca3a31303c40d22c886c8daa2c805350be1deb
2023-03-19 12:56:14,False,0.5122,0.001525,1121.3,1.71098,0x00...78d2,https://bscscan.com/tx/0xc628da788a20289feef9f69ea161cf323b2356fc715af20478a751b3c39478f6
2023-03-19 12:42:26,False,0.5121,0.001526,114.657,0.1749,0xf0...383d,https://bscscan.com/tx/0x7552fe21619d2101825147850f484c5451ea5766b0470de741d073f18f065089
2023-03-19 12:36:20,False,0.5143,0.001526,23.0,0.0351,0xa0...7cb8,https://bscscan.com/tx/0x5c85901d910e2c1e57f4c8bb0443fceb5b52a9d8696e0637a6b275e0f9c2a96e
2023-03-19 12:36:17,True,0.5168,0.001533,52.8952,0.0811,0x2c...c9c5,https://bscscan.com/tx/0xede3fc75c2fbebf3606a94f59a7c9a30448c6f39ce2f3a11123d31734dff6729
2023-03-19 12:35:17,False,0.5139,0.001526,1366.8,2.08581,0x00...78d2,https://bscscan.com/tx/0x259bd7eeda8fa6395d46f3b32ad04409db2fa52b0e8287e176500d1dc57bee84
2023-03-19 12:34:02,False,0.5113,0.001526,121.155,0.1849,0x98...89f4,https://bscscan.com/tx/0xc6ded55c966b61bc48d19b2b547d1f276dcbebabf5d4fed104b54c0c916c1d97
2023-03-19 12:21:17,False,0.5121,0.001526,590.0,0.9004,0xaf...847e,https://bscscan.com/tx/0xbe4a76d468340c14f83f158af39be23d6560e0608b1d39defb4ade9defebfcd0
2023-03-19 12:20:20,False,0.5119,0.001526,1182.05,1.80417,0x34...7c76,https://bscscan.com/tx/0x7f956e7c0711dd4ab7c2594f4a4279e39e47bac1c4c2b7ca48d19812a2454ba2
2023-03-19 12:20:17,False,0.5119,0.001526,2350.99,3.58886,0x00...78d2,https://bscscan.com/tx/0xfa4734c350ea525cd92b0c9c54c3450e57d0898d64ea9944a014618081cb8752
2023-03-19 12:19:26,True,0.512,0.001534,12.3292,0.0189,0xd7...fd4f,https://bscscan.com/tx/0xe8d3821ff4db184c046eddee46358c0f22cf808da4888b9dc981335dabcb17f8
2023-03-19 12:18:56,False,0.512,0.001526,471.7,0.7201,0x9d...6dab,https://bscscan.com/tx/0x456506131b932c9e116ff715175c47170c2b016a3a3461e4bd13b097290075fa
2023-03-19 12:18:53,False,0.5095,0.001526,853.1,1.30251,0xef...cab1,https://bscscan.com/tx/0x9a41d7ac389c9877564210125d89e221f8aa33a5653fdc4ae9747dea12bed652
2023-03-19 12:18:50,False,0.5095,0.001527,2346.39,3.58293,0x00...78d2,https://bscscan.com/tx/0x5c00d2226431ea51b484b937998dd4a1c004e56097a4bea1a2fb37617908d643
2023-03-19 12:15:56,True,0.5148,0.001534,48.5618,0.0745,0xa9...99a1,https://bscscan.com/tx/0x1cab256162aa7bc2c3c4c82a568f963d10ac7eacc4441b2c6a58124c6e3c4d3c
2023-03-19 12:15:08,False,0.5118,0.001527,956.579,1.46089,0xd3...ec6f,https://bscscan.com/tx/0xcc96e1b64fddccf5f28d4499f23c817ea9cd4b13d9dd42b940f24e4fda17e9d4
2023-03-19 12:09:59,False,0.509,0.001527,32.1852,0.0491,0x23...18c1,https://bscscan.com/tx/0x55c08f0d757f6e2e2390a0ae49406a8891bce88a814acf45ef89709a7ad54453
2023-03-19 12:07:02,True,0.5121,0.001534,1089.4,1.67208,0xd3...ec6f,https://bscscan.com/tx/0xeefc19c96346853508177ac8e93e0c111b2e5a6ef4400d35508fbdfad551396f
2023-03-19 12:04:05,True,0.5161,0.001534,91.218,0.14,0xa7...08aa,https://bscscan.com/tx/0xbeec673bb86e3d6dd3a7834b27dbbde7db608624aa70324217c3de5501b03689
2023-03-19 12:01:23,True,0.516,0.001534,372.278,0.5713,0x51...c2f7,https://bscscan.com/tx/0x034bfd118ddfea47cbc4f5830a9c4ed897d8ecec863b9024867d05bb84e2cf78
2023-03-19 11:51:05,False,0.5117,0.001527,1.0,0.0015,0x19...cf67,https://bscscan.com/tx/0x4fb8688364fef3edc0bc1a1740a2d9962de0c34bae39dcd526350374aab1a0a1
2023-03-19 11:50:41,True,0.5143,0.001534,2.0,0.003,0x9f...cfa1,https://bscscan.com/tx/0xfc8611c5c59bf2f817668e29d5c0f5fe0f0d4c21df398a618e575d2ce23cc72c
2023-03-19 11:50:08,False,0.5143,0.001527,533.299,0.8144,0x32...9b3a,https://bscscan.com/tx/0xc953dd62bbcca6aaddeddd202d416f3e107275f1f81283c2eebced6f35363266
2023-03-19 11:47:35,False,0.5144,0.001527,10.0,0.0152,0x53...b978,https://bscscan.com/tx/0x108d9e698abfe4cebcae2df7e1e30ad8fda009f00be57825edfa5093e3259cea
2023-03-19 11:46:17,True,0.5171,0.001534,21.0678,0.0323,0xa7...3b1a,https://bscscan.com/tx/0xd670540847932e78cf9f57df1783e469d8a506f9eff24f0b9cc9596c84023023
2023-03-19 11:36:24,False,0.514,0.001527,3135.4,4.7888,0xf9...5ebf,https://bscscan.com/tx/0xd4b1ca9d738e02c9d0a3f31f5e3e9efe6be0bfd106c1eff9514c6ad560e1f8e8
2023-03-19 11:33:51,False,0.514,0.001527,2341.11,3.57648,0x05...7eea,https://bscscan.com/tx/0x94242f657a68e05f46c126e219b1f7c2c8d2d37ba58cea0b22210bf0dc96db8e
2023-03-19 11:33:48,False,0.5141,0.001528,2337.25,3.57127,0x00...78d2,https://bscscan.com/tx/0xf4c2227b1fb3221a51799241be9e11647be5b4cc2a6a16d2673182908d18b390
2023-03-19 11:31:21,False,0.5116,0.001528,19.2492,0.0294,0xe7...2b1c,https://bscscan.com/tx/0x50c3b4b1da724168129a1e728a4d8f79f476324673262cb1ab96ec36d0f33402
2023-03-19 11:31:06,False,0.514,0.001527,241.396,0.3687,0x09...a570,https://bscscan.com/tx/0x9f60af04c08159b0e0f8eb345b941bb6d84d2851961fc2ed8decc20290af69f3
2023-03-19 11:29:15,False,0.5117,0.001528,2110.86,3.22602,0xd3...ec6f,https://bscscan.com/tx/0xcb75a136ceec97adca3cb4e9af1d41512549be8e008d7a0bde59f0c134b5ff7e
2023-03-19 11:26:54,False,0.5141,0.001528,3843.51,5.87546,0xd3...ec6f,https://bscscan.com/tx/0x35c06b1e5605e95bebbac8b2d42f5df5e16083aa4fb45402f6eeef3fb485d032
2023-03-19 11:26:00,False,0.5139,0.001529,2218.2,3.39176,0xd3...ec6f,https://bscscan.com/tx/0xa94f0b33d10624b30d1263afe0b57cc662bf222d74e4db73c80fb0f14f3f6425
2023-03-19 11:25:57,False,0.514,0.001529,1984.49,3.03492,0xd3...ec6f,https://bscscan.com/tx/0x39a2f084275fdc6740f763f86d6a09d5b211a3ddea4eed2c38b910c956bb16f0
2023-03-19 11:25:54,False,0.514,0.001529,1647.23,2.51953,0xd3...ec6f,https://bscscan.com/tx/0x24f7da84ed09eb1920b8190276b1dba08ab22cf61837257a71392ea981bf34a5
2023-03-19 11:25:42,False,0.5141,0.001529,961.739,1.47119,0xd3...ec6f,https://bscscan.com/tx/0xecd12e0f7b70fea18dcf0c5a5461cde51a8a3e3498b9d3ca1097db4f703525e7
2023-03-19 11:25:39,False,0.5141,0.001529,961.662,1.47119,0xd3...ec6f,https://bscscan.com/tx/0xbc6f3c2e051136bf39110525d7966d38a094945e40e8ddd6c0852b2c43a5a78d
2023-03-19 11:25:12,False,0.5141,0.001529,672.818,1.02938,0xd3...ec6f,https://bscscan.com/tx/0x356f45e06d527e0ddc52ab43197e78264e68f54c58a978e56eec7cd6156e16b5
2023-03-19 11:25:09,False,0.5141,0.00153,672.78,1.02938,0xd3...ec6f,https://bscscan.com/tx/0x1fa810fc1cd255132a3c2c015a77ef0383ed0f6ab39c0e0a781008267f018565
2023-03-19 11:25:06,False,0.5142,0.00153,672.742,1.02938,0xd3...ec6f,https://bscscan.com/tx/0xba4e54f764a2662cca2b10bb69234038d86438524dc987a50afe05e03869d084
2023-03-19 11:25:03,False,0.514,0.00153,672.705,1.02938,0xd3...ec6f,https://bscscan.com/tx/0xb2ddb96b82df5ff9c374af8f51d9f112df833307d4d2cd94074d5541ae48413b
2023-03-19 11:24:54,False,0.514,0.00153,77.1357,0.118,0xae...e937,https://bscscan.com/tx/0x1b8e3617c73e199be6db543b759ab8f9a8080ddaaccd6ad67b0cd4ee79022f57
2023-03-19 11:24:51,False,0.5141,0.00153,791.817,1.21172,0xd3...ec6f,https://bscscan.com/tx/0x5557a109934fc94e586045f0a4d5d3b6f634bb54aae5530b1e477b086154c1a4
2023-03-19 11:24:48,False,0.5141,0.00153,1080.53,1.65367,0xd3...ec6f,https://bscscan.com/tx/0x1098d4605bb352d1aa9750fed0a8c0eb024e67c983bc37c7fa79d733dad32cd8
2023-03-19 11:24:24,False,0.5116,0.00153,34.5997,0.0529,0x63...57d5,https://bscscan.com/tx/0x674d7e0263d7f6a97e2c08635d89f34a6b5a0bfb2f9794b859e4eb49132e1d08
2023-03-19 11:24:18,False,0.5116,0.00153,1271.1,1.94552,0xd3...ec6f,https://bscscan.com/tx/0xe0d9af1a5566788a4fcc28bcc22d23c660ba3da5337389dfb4b417c96ad68c5e
2023-03-19 11:24:12,False,0.5116,0.00153,1270.96,1.94552,0xd3...ec6f,https://bscscan.com/tx/0xa0820bffbabb4debefc75a9889bf441d0458d7af1ea3edae23335bee036ac0b2
2023-03-19 11:23:45,False,0.5117,0.00153,5.0,0.0076,0x77...88ad,https://bscscan.com/tx/0x94dbd6c0a868fb74adbfa534f376c724be34c79d91058fb4cf35990c66140446
2023-03-19 11:21:00,False,0.5115,0.00153,74.7048,0.1143,0x53...6615,https://bscscan.com/tx/0x6197fb58b27a27aec322cf9f8f3ff3f4582b32461c4caca2ddb38549e308050f
2023-03-19 11:19:00,False,0.5114,0.001531,2898.14,4.43711,0xd3...ec6f,https://bscscan.com/tx/0x073cac4f1dd64f606e054ac2e220f8f3582254b198c80a23c647581fdebb3a4b
2023-03-19 11:13:15,False,0.5143,0.001531,3524.44,5.39743,0xd3...ec6f,https://bscscan.com/tx/0x089de230bc8db8275862c5f04115a95314734b9ca90e523f19c1067e06d5f6b7
2023-03-19 11:11:06,False,0.5143,0.001531,318.673,0.4881,0x91...9b2a,https://bscscan.com/tx/0xc5ab9910b7741c53bc7ff5835697b7a5812fb6dcbf093a702e469ae53f8f9cac
2023-03-19 11:03:24,False,0.5148,0.001531,689.825,1.05663,0xd3...ec6f,https://bscscan.com/tx/0x3f555223bfc353ef7c65095ac26b06c638cd7e51c5c0aebed2bb442607ed40e3
2023-03-19 11:03:21,False,0.5149,0.001531,689.786,1.05663,0xd3...ec6f,https://bscscan.com/tx/0x44b2c09a0a6f83049bba1c604d442d3fe6bd17f83eee4258ce6f5f0cab211ca8
2023-03-19 11:03:18,False,0.5149,0.001531,689.746,1.05663,0xd3...ec6f,https://bscscan.com/tx/0xe39cf57b40def269d6b61d6889c6df71a90ed5925280c68e5ed0c73a27c56711
2023-03-19 11:00:21,False,0.5148,0.001532,58.9948,0.0903,0xae...60d9,https://bscscan.com/tx/0x7948959c3950beecb9702d93c033852a1913f2c5a7db6cc4b1f048d28cf6d58e
2023-03-19 10:51:48,True,0.5147,0.001539,192.064,0.2957,0xf6...0562,https://bscscan.com/tx/0x6feca5e130c007f8e61b6e46311479198d1dd68fd264abe7ccbc37868f1e75a9
2023-03-19 10:46:30,False,0.5147,0.001532,290.0,0.4442,0x5d...2e53,https://bscscan.com/tx/0x6c079c09f79365315c9317231899e14902d436d32a43c7f3d2688f0de5942e70
2023-03-19 10:39:14,False,0.5117,0.001532,43.6241,0.0668,0xad...b702,https://bscscan.com/tx/0x4f48cbcc7bfdb341263950188cee5e12a27eccc6629c47bf6c3e41c50431eb55
2023-03-19 10:33:02,False,0.5143,0.001532,3576.44,5.47986,0xd3...ec6f,https://bscscan.com/tx/0x3e8a3151aa667a98536b0167048d1934dcda747be00573972e3e1ff2b35c0a5d
2023-03-19 10:32:32,False,0.5118,0.001532,3576.97,5.48231,0xd3...ec6f,https://bscscan.com/tx/0x89e830b989126709e253accbe2fb6ccb6d29038b6583392029cc76fdbaafcc96
2023-03-19 10:32:29,False,0.5145,0.001533,3577.5,5.48476,0xd3...ec6f,https://bscscan.com/tx/0x4aa99abdc9b3747328216e4b77dff9d2e8fcea348542927ee8aecdbd9c3cb1c1
2023-03-19 10:32:23,False,0.5147,0.001533,3578.03,5.48721,0xd3...ec6f,https://bscscan.com/tx/0xcd9a51e982fa43a3bb3c6be59872e0cca1f5dd59f2ce1afc9bc7b53ed12d94c7
2023-03-19 10:30:53,False,0.5124,0.001534,3578.57,5.48967,0xd3...ec6f,https://bscscan.com/tx/0x465c20af3f1deca54f7d22dc64a2471f39374efe83a4d81823e3dccb2dc61270
2023-03-19 10:30:47,False,0.5151,0.001534,3579.1,5.49212,0xd3...ec6f,https://bscscan.com/tx/0x87cf4db7451aea8eae3830e28db0759abf1924b500b21f0a6908a74dc5924756
2023-03-19 10:30:38,False,0.5152,0.001535,3579.4,5.49422,0xd3...ec6f,https://bscscan.com/tx/0x838de590c1085e98e32c46bb9c8b120173921b742aae134d32d91484022756c3
2023-03-19 10:30:35,False,0.5154,0.001535,3766.69,5.78347,0xd3...ec6f,https://bscscan.com/tx/0x98e290ef6d0cc2a3a6cc0e1c31f219aa52d3c010ecb742b0dac9db24c27bebbb
2023-03-19 10:27:44,False,0.513,0.001535,1.99497,0.003,0x14...cc9e,https://bscscan.com/tx/0x2d272c43de8a3057d2d28ba8b61f604bc3bae574e8d7fbb5fb9716ca20ee0304
2023-03-19 10:27:35,False,0.513,0.001535,1129.7,1.73492,0xa0...cc8d,https://bscscan.com/tx/0x2625ceb2b8897b4e9bc8d2170593fd286db4fff00b6cc796853eb5b41a5517c0
2023-03-19 10:27:35,False,0.5131,0.001535,1128.85,1.73378,0xd3...ec6f,https://bscscan.com/tx/0x511eab4151a7b3b8c3fccc238dc81fa0e492542b0d14faeabfedf52d39166da1
2023-03-19 10:27:29,False,0.5131,0.001536,1129.08,1.7343,0xd3...ec6f,https://bscscan.com/tx/0xd4c52e91efd6da6c89fbabe643f5fdb527dd621abf69206e21a92d788c37c914
2023-03-19 10:27:26,False,0.5158,0.001536,1128.97,1.7343,0xd3...ec6f,https://bscscan.com/tx/0xbf456018a19f31da1a83b9587c0b702f241568fed4317cdbe3a2c448d1ac0b58
2023-03-19 10:27:23,False,0.5159,0.001536,1128.87,1.7343,0xd3...ec6f,https://bscscan.com/tx/0xb6ba6d17a9239d89d615c904b29a7828a9c2500a53755ab0b82dce23d1da3bf4
2023-03-19 10:27:20,False,0.5159,0.001536,550.755,0.8461,0xd3...ec6f,https://bscscan.com/tx/0x721da4d7619cfd9ad4ab576aeedca6839c22eca7c209a7b20e329675e8363b33
2023-03-19 10:27:17,False,0.5159,0.001536,4.0,0.0061,0x14...cc9e,https://bscscan.com/tx/0xc00ade82bf20048827dbcfb440853de7eae9d4fb0905905ec6edfcfca2970d4d
2023-03-19 10:27:17,False,0.5159,0.001536,550.565,0.8459,0xd3...ec6f,https://bscscan.com/tx/0x943697b870cb8f8268cd6d7c3e75f08a3438fbbe2cabd76e46dbce7b6b36e761
2023-03-19 10:27:14,False,0.516,0.001536,550.869,0.8464,0xd3...ec6f,https://bscscan.com/tx/0xec5971033f3c4ae74eb47316fcbcd2ad3bf343b9c5dc7a290c34df7bdce4aee3
2023-03-19 10:27:02,False,0.5134,0.001536,1415.5,2.17519,0x7a...c707,https://bscscan.com/tx/0x34c0316d09c98aa88d50a667e5953fa7a09d9b0767f0b026c06d794856e27d88
2023-03-19 10:27:02,False,0.5135,0.001536,677.775,1.04162,0xd3...ec6f,https://bscscan.com/tx/0x506397bf9183c4ad1de39b576aa32776ec92f4a4a910c660bced969e4a78d934
2023-03-19 10:26:59,False,0.5136,0.001537,2321.4,3.56804,0xf9...5ebf,https://bscscan.com/tx/0xe95a42c66318ad8b3af870345463efcebda20bd08eeb472f3960e36af038e998
2023-03-19 10:26:56,False,0.5136,0.001537,125.0,0.1921,0x0a...3882,https://bscscan.com/tx/0x9c05d9c9158e23f8202514ae05261dd737ce2fa6a0a88455cb72b5c1e544a1d0
2023-03-19 10:26:56,False,0.5137,0.001537,4662.8,7.16898,0xd8...bcda,https://bscscan.com/tx/0xa57c4060fb4f0df7ff78ba6c2535b68d8804b35d7881d7483cc60203c0a5c062
2023-03-19 10:26:56,False,0.514,0.001538,8264.86,12.7139,0x2f...e155,https://bscscan.com/tx/0xe1915634cd61712159786424cfa2bc497c8cf43c2bc354c503b16ea5ddbbfc03
2023-03-19 10:26:56,False,0.5143,0.001539,3489.72,5.37091,0x3a...231f,https://bscscan.com/tx/0x6681609c29abc69a2a79586961c9f99510e8aec5bac19fbb91e336c299071c07
2023-03-19 10:26:13,False,0.5147,0.001539,34.8627,0.0536,0x02...f2c0,https://bscscan.com/tx/0x2ee005cc4987bd1dbcadec8eb5c3141b880622987b49a561e052106191a72371
2023-03-19 10:23:15,False,0.5147,0.001539,18.7566,0.0288,0x04...9055,https://bscscan.com/tx/0xc14224dd38ec823c392cd69fc4214eb5666fa53d1f31f50ab89ae55f955e454f
2023-03-19 10:21:09,True,0.5174,0.001546,1409.23,2.17999,0xd3...ec6f,https://bscscan.com/tx/0x75c1b0bb50efb3a15112ee83988175a1ce7da5c09e82f12242dcfb65db61b6f3
2023-03-19 10:21:03,True,0.5173,0.001546,2369.2,3.66441,0xd3...ec6f,https://bscscan.com/tx/0x046fc56a57274e610a70812395e089e76cb85ec39988030e089b8f7b3778284e
2023-03-19 10:20:36,True,0.5198,0.001546,1520.9,2.35197,0xd3...ec6f,https://bscscan.com/tx/0x8ec8fc4b7c853981de670af52a92c2981a3c9a36665e1585132c4a5c3d033cc2
2023-03-19 10:20:33,True,0.5197,0.001546,1520.9,2.35168,0xd3...ec6f,https://bscscan.com/tx/0xb156c5bbb37cfa4af3cdaeb9be0923ea41946a1907bc66840d789a0213b74c81
2023-03-19 10:20:30,True,0.5196,0.001546,1520.9,2.35138,0xd3...ec6f,https://bscscan.com/tx/0x2d826292ba5fef006115b103fd370467968a50fb14237d11d5274041b17fd10a
2023-03-19 10:20:27,True,0.5196,0.001545,1560.7,2.4126,0xd3...ec6f,https://bscscan.com/tx/0x8affa335d84b424b6128684c09bdf00deac5f6455771157259025a0e55290afd
2023-03-19 10:20:24,True,0.5195,0.001545,843.151,1.30325,0xd3...ec6f,https://bscscan.com/tx/0xc39047a986f4f146e01221e4e44348b27df9f2fff351be6c66c66fa34f6f9798
2023-03-19 10:18:54,False,0.5169,0.001537,39.0138,0.06,0x02...f2c0,https://bscscan.com/tx/0x73d31b77ccd95120fe17b65530ff8bb24a8123e480b889e18da6e882d4c4239f
2023-03-19 10:16:45,False,0.5142,0.001537,46.5208,0.0715,0x02...f2c0,https://bscscan.com/tx/0xf14c9b85792dd5f1d5f9310dc162795652f2f5d9f2be42929f3d3decb5068d5d
2023-03-19 10:14:48,False,0.517,0.001537,33.7835,0.0519,0x52...8d7e,https://bscscan.com/tx/0x52f61edcf49be5e3d3342170fae300ef0719457df87a5d5998bd22fe1437ea3e
2023-03-19 10:14:30,False,0.517,0.001538,352.844,0.5426,0x7a...4ceb,https://bscscan.com/tx/0x951cbcb6766ffc8eb604dd0590361fe58c0ad7365f2cf71ea0a005abaaadd497
2023-03-19 10:14:00,False,0.5171,0.001538,20.0,0.0307,0x7a...4ceb,https://bscscan.com/tx/0xa4512db41b7c70c00f9b3a81de9d092faaf03b764d6c4588e341eb91078d8866
2023-03-19 10:11:27,False,0.517,0.001538,52.17,0.0802,0x86...4103,https://bscscan.com/tx/0x110e57bc98741e7f102edda955a8e591681295869989e41ef842c46c09e7cac4
2023-03-19 10:11:24,False,0.517,0.001538,25.0,0.0384,0x5a...00a7,https://bscscan.com/tx/0x7de09f7d604921cd14904993fffe0db3aa3d48a700fc968f4d13cabca2b16917
2023-03-19 10:10:27,False,0.517,0.001538,278.937,0.429,0x02...f2c0,https://bscscan.com/tx/0x75fe83e89532f71ae7b0d4ccd98dbe55e63e29c2ed342ea8012fbaa404bb4996
2023-03-19 10:04:42,False,0.5143,0.001538,116.75,0.1795,0x67...3305,https://bscscan.com/tx/0x078e38e5a128cd3328c675c9dfcdfb517295679fd2769bcac30e45c679a719f2
2023-03-19 10:01:38,False,0.5171,0.001538,19.16,0.0294,0x67...3305,https://bscscan.com/tx/0xdf12e68b9ef4ad0ab814236a3f6f5ca02ab6a6de7be21e572d6c34a9f1a80760
2023-03-19 10:01:02,False,0.5145,0.001538,4531.13,6.97039,0x52...1c7e,https://bscscan.com/tx/0x5ba4542314d7110b2c61bb0cc6997b391fb421e94454677bbc499ada2ad88365
2023-03-19 09:58:14,False,0.5147,0.001538,4531.29,6.97326,0x62...1f10,https://bscscan.com/tx/0x3cffc9beb6122a0145f099773f3eb3d9bcdf536c3f1b501de81430717cc77d4d
2023-03-19 09:58:14,False,0.5149,0.001539,4529.41,6.97302,0x8d...1b76,https://bscscan.com/tx/0xc1167dff3e07e4c1497fd4b0b85c7a8c66bdffb733db0895da31165f49630176
2023-03-19 09:44:53,True,0.5209,0.001547,1020.8,1.57964,0xd3...ec6f,https://bscscan.com/tx/0x27736f1612c4c16e52ccc6e423caac749b08cb5fef322e0c35d56a103b98e9bf
2023-03-19 09:44:50,True,0.5209,0.001547,1283.0,1.98519,0xaf...847e,https://bscscan.com/tx/0xa77318fb7f93b6e000570caaec24a03b1f5513f588e7d9179b2d81492de92b36
2023-03-19 09:44:47,True,0.5208,0.001547,494.58,0.7652,0xd3...ec6f,https://bscscan.com/tx/0xe6a0ddcd7c3a2f3ba0b47f707f810ef763d405c322b72e69dde33df3a4909e63
2023-03-19 09:44:47,True,0.5207,0.001546,5872.0,9.08265,0x34...7c76,https://bscscan.com/tx/0xbbe13e8785659c6584a62e10cb8b11971b1baad7ffdaf8712b02cd11c180b748
2023-03-19 09:44:44,True,0.5205,0.001546,2263.55,3.5,0x3f...573a,https://bscscan.com/tx/0x44713bff4dc13343769b396e2b6c52eb179a4e7b853661015fb082e6faf9e7b3
2023-03-19 09:44:44,True,0.5204,0.001546,2263.98,3.5,0x52...1c7e,https://bscscan.com/tx/0xd9e1e5ba682809c48e6bbb697285a366b77827a49ddd444bb2378fb286ee11bf
2023-03-19 09:44:44,True,0.5203,0.001545,836.556,1.29311,0x0c...8533,https://bscscan.com/tx/0x8a5e3c04536116233ef23d6a4b4942cf6164f9440ebf44dd4e23b203c8be631b
2023-03-19 09:44:44,True,0.5203,0.001545,2264.56,3.5,0x8b...88f6,https://bscscan.com/tx/0xd6c46a9b44eb85c3ff3c9157fbca7229c91e9cfa037ea87f6e58703948ffc1ad
2023-03-19 09:44:44,True,0.5201,0.001545,3883.11,6.0,0xb0...a41e,https://bscscan.com/tx/0x90b66c9d14f6af0e6eb8a5f8db0999f0502e459986846f32e7b3a025d272037a
2023-03-19 09:44:41,True,0.52,0.001544,735.7,1.13655,0xef...cab1,https://bscscan.com/tx/0x5fc55b30304eaaa0d185e1cad218978804705e257e2674759b3d37c38512cec6
2023-03-19 09:44:38,True,0.52,0.001544,2265.87,3.5,0xf2...bfcf,https://bscscan.com/tx/0xa45effc891b342de6b97ee07368a5ba1d9accd5e991d33b28d90339e452dad59
2023-03-19 09:44:38,True,0.5199,0.001544,2266.3,3.5,0x2f...e155,https://bscscan.com/tx/0xcb0043f30ffbfca19ff6c5714af78eef410f02ef4fd48eea9badf08d41df77a5
2023-03-19 09:44:38,True,0.5198,0.001544,2266.73,3.5,0xed...4f31,https://bscscan.com/tx/0xefad7d43d8feef8cd581cc7135fa32ad69009e93a189a8091cd8ac34b62916de
2023-03-19 09:44:38,True,0.5197,0.001543,2267.16,3.5,0xda...6e1f,https://bscscan.com/tx/0x8d84ee3645a821db63453a8302e31a4f214229926b8a085e9ce5702ab212928c
2023-03-19 09:44:38,True,0.5196,0.001543,3.42973,0.0052,0xd3...ec6f,https://bscscan.com/tx/0x3cf377435acc48534f064026eb46fa3d709ac3f51997d52037ad91524de74347
2023-03-19 09:44:38,True,0.5196,0.001543,2744.1,4.23541,0x9d...6dab,https://bscscan.com/tx/0x369e04bb9674326644b699bcfe3aa7b816846fda70e7a344bfdf1b428a4f575d
2023-03-19 09:43:23,True,0.5195,0.001543,3571.3,5.5107,0xd3...ec6f,https://bscscan.com/tx/0x269757e776a3d54a4ae2f50a40cab3e7bd4a10e76b8ece6358798b7d31d18160
2023-03-19 09:42:44,True,0.5164,0.001542,3556.77,5.48665,0xd3...ec6f,https://bscscan.com/tx/0x2b7990ca1002e7c17ddc03e4f0d9c7931318de3a53eedb0c4d7e258b798eea5f
2023-03-19 09:42:32,True,0.5164,0.001542,11.9577,0.0184,0x99...072f,https://bscscan.com/tx/0x418fcf0ab8b7fa354a48404a4ac634a76c43bba885c5ae9a1e56427ee91c4318
2023-03-19 09:42:29,True,0.5163,0.001542,5171.74,7.97498,0xd3...ec6f,https://bscscan.com/tx/0x024bf26f2f56dfc54c705a91ceb3f4f335e56f34e20bf5e488f8eaef00164eb5
2023-03-19 09:40:23,False,0.5138,0.001534,80.0,0.1227,0x22...edb6,https://bscscan.com/tx/0x53d165287243e82ad722d95d6c1b5c4e0406c71f35f9a2ce8f51b0dccb6060c1
2023-03-19 09:38:26,True,0.5162,0.001541,2270.43,3.5,0x2f...e155,https://bscscan.com/tx/0xb1f9af399660c436db402b86c72b58ac0a68b8df1f3b77c5d20fba2f687f00e1
2023-03-19 09:38:26,True,0.5161,0.001541,2418.11,3.72694,0x67...b7c1,https://bscscan.com/tx/0x4b1cdf84437cbcd006ea315ef55138d1b37010eb697ab1f2640eed900fed023b
2023-03-19 09:38:26,True,0.516,0.001541,930.9,1.43456,0x00...78d2,https://bscscan.com/tx/0xed002060e52c2ab15c3f8f57b55b94b46ba5225ee365e4047319ec7e957834ad
2023-03-19 09:37:17,True,0.5163,0.00154,3305.2,5.09255,0xd3...ec6f,https://bscscan.com/tx/0x2b225267f3cf586096d0506fb3fb3966a1c6a31a9a9fae27f58c0bc77c57b951
2023-03-19 09:37:14,True,0.5161,0.00154,3933.54,6.05886,0xd3...ec6f,https://bscscan.com/tx/0xbf770da8122a388808b2cc4539b8e892d0c53247dbfec1683d40f4d21c92ac4a
2023-03-19 09:36:53,False,0.5134,0.001532,102.271,0.1567,0x86...4103,https://bscscan.com/tx/0xf21300a597bc34868db94d6fcf24e6b9ecc4781287c2a2ab49f4c3f451d829a4
2023-03-19 09:36:47,True,0.5159,0.001539,3282.8,5.05504,0xd3...ec6f,https://bscscan.com/tx/0x7238a68a774140957116e522d5f7b60ce9183a0820587530719cc783d0811340
2023-03-19 09:36:41,True,0.5156,0.001539,7336.57,11.2922,0xd3...ec6f,https://bscscan.com/tx/0xd5cb23c0a3ad49c824e16f5fea7e4422cad607f35c24b08e2d457045e9d52745
2023-03-19 09:36:38,True,0.518,0.001538,3249.93,5.0,0xda...c952,https://bscscan.com/tx/0x446d68aae71eaf9717d3016140976d01c623586ba4f9ac8fefa793e3f65ff5dd
2023-03-19 09:36:38,True,0.5177,0.001537,12618.2,19.4002,0xd3...ec6f,https://bscscan.com/tx/0xf4d96e3450767838af4c2b939c9e01a0b6a54e56cbc9f4d2fe102b33458ea08f
2023-03-19 09:36:02,True,0.5141,0.001536,6364.72,9.77785,0xd3...ec6f,https://bscscan.com/tx/0xfe02b400883b53da93ad012b69069408b2cc9b9766a9804f9442e2335feb871c
2023-03-19 09:35:53,True,0.514,0.001535,461.1,0.7081,0xd3...ec6f,https://bscscan.com/tx/0x4b867807da23e8c8362348b34f3149625b524c98fe9b8d06281924f2ddbeabb6
2023-03-19 09:35:50,True,0.5166,0.001535,488.2,0.7497,0xd3...ec6f,https://bscscan.com/tx/0x808ea318d16ebecc9ef4031cd364de72c8c22eb0d27aed3113e5fa499b7970e3
2023-03-19 09:35:44,True,0.5165,0.001535,828.7,1.27261,0xd3...ec6f,https://bscscan.com/tx/0x043271750a720b80ced8821c473029b2e62ae322c8fa2aa88ad3efef965da42d
2023-03-19 09:35:18,True,0.5165,0.001535,1432.33,2.19939,0x71...69e3,https://bscscan.com/tx/0x54ade9e704751bcbe93b9fe3f850ea6f0d74aaf63818e3f01adca4870c2d30de
2023-03-19 09:35:18,True,0.5164,0.001535,1432.5,2.19939,0xd3...ec6f,https://bscscan.com/tx/0x894e96b77553d716c5c5f9875c00639850009a1f2e4d7920396315676e6ce8d0
2023-03-19 09:30:51,True,0.5167,0.001535,48.2617,0.074,0x46...fbef,https://bscscan.com/tx/0xb562a82ffb17507ee4055b88feaddaeb3b316312cff95fc31b94a6dbdda59817
2023-03-19 09:30:24,False,0.5141,0.001527,98.324,0.1502,0xab...a224,https://bscscan.com/tx/0x0149af26b165774ecc8bdb0bc582ab26a53a8349157f8c6930a6158f488a0cd7
2023-03-19 09:28:57,True,0.5135,0.001535,178.821,0.2745,0x5f...b08e,https://bscscan.com/tx/0x0f65950b5eebe6f83eee20f4469344bcc6dee90e87724556a00f10451d52adf9
2023-03-19 09:20:54,False,0.5131,0.001527,15.0,0.0229,0xed...6168,https://bscscan.com/tx/0x049b71a58dc47dd28e86557a81b540f92ea80009f90de247b2492b259f10db9b
2023-03-19 09:19:27,False,0.5106,0.001527,598.7,0.9145,0x56...0086,https://bscscan.com/tx/0x6ff2e8853d0db6ac775401496e9d38b3e0c7dc49d1d034994cbd53577257c645
2023-03-19 09:19:21,False,0.5106,0.001527,1943.3,2.96892,0x00...78d2,https://bscscan.com/tx/0xd7cf0cb81275e1e4cab29816ba93d62a0bee44d1173cead7eb33929546c86549
2023-03-19 09:17:00,False,0.5132,0.001527,695.0,1.06192,0x00...78d2,https://bscscan.com/tx/0x014ca363dc25658fd8a348bb34c8f4d9a09d8a5182909181d257e744425b3ea3
2023-03-19 09:16:03,False,0.5132,0.001528,933.4,1.42628,0x00...78d2,https://bscscan.com/tx/0xb3080603045fb691a28f42f5b430166a84746a77a60d9a2c09f4778fa00cd8c5
2023-03-19 09:16:00,False,0.5133,0.001528,1089.9,1.66556,0x00...78d2,https://bscscan.com/tx/0x472bf45cd5e9ed9fb38705924e2f8bb81d2f245f24924bc7052b99f328a8802b
2023-03-19 09:06:51,False,0.5107,0.001528,10.1171,0.0154,0xcf...cea8,https://bscscan.com/tx/0xa67311294b4fe58784035dc9186ac540c515994f899eb43145ce282fd5b34b51
2023-03-19 09:06:02,False,0.5106,0.001528,70.0,0.1069,0xcf...cea8,https://bscscan.com/tx/0xa799bb0d59ef18aa9bb780b8b4689a5f29d79dfad6ed2e625b5f6796fb5947a1
2023-03-19 09:02:15,True,0.5157,0.001535,240.678,0.3696,0x3f...66aa,https://bscscan.com/tx/0x47b9f0d62a5db7216c26576c7e4444d41f137bf85b8a4fe2ec0d645b284b6e56
2023-03-19 08:59:57,True,0.5127,0.001535,5665.8,8.7,0xbf...fe27,https://bscscan.com/tx/0xd7b830227ef25b6d753caad6819990e2086e0df9a4d7a60f968191e7fc30dbba
2023-03-19 08:59:45,False,0.5101,0.001527,50.0,0.0763,0x57...2510,https://bscscan.com/tx/0x9669088bd67149c1cec3df0d4810ab963b048be7205a6dfba36342c480287970
2023-03-19 08:58:45,False,0.5124,0.001526,351.022,0.5359,0xc3...8c05,https://bscscan.com/tx/0x8b9ea9c4304090e4f19ab1b8070bcb2dcb04ff118d1dc83847521a9011f4d5b3
2023-03-19 08:57:33,True,0.5153,0.001535,12.5629,0.0192,0x89...fa67,https://bscscan.com/tx/0x020257c73190326791ac3b5c8f140ab70fa91cc2846246075fb6cc3293e69cc9
2023-03-19 08:53:39,False,0.5124,0.001527,150.856,0.2304,0xdf...3682,https://bscscan.com/tx/0xa26466bacd8df6cc4af342e9562ab5db609d9e776b5bb45c680b2d389e2bba4b
2023-03-19 08:49:12,True,0.5123,0.001535,67.1947,0.1031,0x89...fa67,https://bscscan.com/tx/0xc0c099e25c9bfee751b578c556299af890b12c6cbda75c8e4b8f5b21556cb8b1
2023-03-19 08:39:09,True,0.5147,0.001535,96.9198,0.1487,0xec...9221,https://bscscan.com/tx/0xe36a9f718ab0864ec40c78fb573cb86437a4d2f71376b521e652758a0f785584
2023-03-19 08:36:45,False,0.5097,0.001527,560.07,0.8555,0x4d...dc2c,https://bscscan.com/tx/0xffa93d024aa5c24003c2d7d6d58996702084940c42cb8003b0fc9284870b6f1f
2023-03-19 08:31:09,False,0.5115,0.001527,1418.1,2.16645,0x00...78d2,https://bscscan.com/tx/0x713b754b9a3886dbbae16527914b45d642113d372c1872ff0256b4a115ee37df
2023-03-19 08:30:24,False,0.5091,0.001527,1403.4,2.14424,0x00...78d2,https://bscscan.com/tx/0xc008eabf75bfb2c7ca4567bbe9a27e4bacdb548bb1173dfa0bab50198002e58e
2023-03-19 08:26:45,False,0.5088,0.001528,43.0919,0.0658,0x02...f2c0,https://bscscan.com/tx/0xeb84f5e8fbfd89476cd393d620beafb2f91f8e67b9bdd875b7c285b4e9733e75
2023-03-19 08:26:27,False,0.5115,0.001528,2355.6,3.59967,0x00...78d2,https://bscscan.com/tx/0x59195f137d5da0f2064c116336ee5f0c67425cf6a14f4a924f9be9de55eb1495
2023-03-19 08:25:48,False,0.5115,0.001528,76.0159,0.1161,0x38...2b36,https://bscscan.com/tx/0xd703bd362d2b1f7224acda58cff9db4f474beb4761c7cd2453b1e8e55096ffb0
2023-03-19 08:19:48,False,0.5116,0.001528,1972.83,3.01531,0x9e...8f82,https://bscscan.com/tx/0xce82380d3edd491d03301445da59e75b8e4c62432622b47d7b7cf8c6608d3d96
2023-03-19 08:17:21,True,0.5136,0.001536,18.9474,0.0291,0x39...ed62,https://bscscan.com/tx/0x6014dabd29b8f9495d5f5f5fd8fd4816ad6822b5970de2b401a747618b27caaf
2023-03-19 08:14:20,False,0.511,0.001528,967.4,1.47877,0x00...78d2,https://bscscan.com/tx/0x30420fda59583a0e82e6da147d1695892fafae5b9eab984fc7d7f350398608f7
2023-03-19 08:12:41,False,0.511,0.001528,2364.89,3.61547,0x05...7eea,https://bscscan.com/tx/0x290e885f5530c285152f926d4a7fdc51be662f641ea4330f1e0b0afb478bccf2
2023-03-19 08:11:59,False,0.5086,0.001529,560.0,0.8562,0x0e...7558,https://bscscan.com/tx/0x91a7391e88cec3c9968013abc2ba266b28105e719d952e19351b5c344a5e2e38
2023-03-19 08:11:56,False,0.5086,0.001529,2102.8,3.21554,0xc3...157a,https://bscscan.com/tx/0x8185a9f934328edb3690452fa54563dbfb5786b3d956546f54a3672ffdec4064
2023-03-19 08:03:02,False,0.5127,0.001529,1468.2,2.24546,0x43...fe22,https://bscscan.com/tx/0xcaccb4612ef77e0702ca8458b514d5a1e253cce4553e32d58e79c6b347d67ddb
2023-03-19 08:02:53,False,0.5128,0.001529,1292.8,1.97743,0x56...0086,https://bscscan.com/tx/0xe8a81a16f141cb637105b059f93e1adb7fbfe94ff8c341732f27c91cf39f884f
2023-03-19 07:56:11,False,0.5127,0.001529,3154.4,4.82578,0xf9...5ebf,https://bscscan.com/tx/0xaea33431c29557a427853b31064bcabd7f909f62305c93a961a0ec90986f0242
2023-03-19 07:50:11,False,0.5104,0.00153,1652.7,2.5289,0xc3...157a,https://bscscan.com/tx/0x0c42327bc71341fe1dd1d8cf6c2e80fafd707481334206487e065a72013cdf1e
2023-03-19 07:46:44,True,0.5134,0.001537,5195.79,7.98912,0xbb...6234,https://bscscan.com/tx/0xf68df8d1d6bdfb99dc3d178bafcc231d137a22a33163f1626bc671fb6464932c
2023-03-19 07:46:26,False,0.5133,0.001529,50.8032,0.0777,0x02...f2c0,https://bscscan.com/tx/0xe2678fb8dec5b9180a39bde34be2fdf7528289b6bef495ff85e8861f39045388
2023-03-19 07:40:29,True,0.5132,0.001537,27.8079,0.0427,0xc0...5fdd,https://bscscan.com/tx/0x129be3213403028286bab2ba0ffb817c3fa82c40c3c254d8b90e2e951c4e1784
2023-03-19 07:40:29,True,0.5131,0.001537,42.8204,0.0658,0x90...48cd,https://bscscan.com/tx/0xa1c717da2bc4c34a3309aa35e8d82bdf3101aa0a11e4a1e4fa39b2fc971050a4
2023-03-19 07:40:26,False,0.5114,0.001532,37132.8,56.8864,0x91...5db1,https://bscscan.com/tx/0x4b0769a6d53c6997438a9539c9e21426c97de4f17357ae12b5cb3729771094c0
2023-03-19 07:37:50,False,0.5122,0.001534,2724.66,4.18103,0x7a...c707,https://bscscan.com/tx/0x600516f61d5ba57efc4d6758119469a5562fa8dc2e2eab47c64a13d5c1cfe3ae
2023-03-19 07:35:41,False,0.5122,0.001534,70.6614,0.1084,0x17...a353,https://bscscan.com/tx/0x187891ed2c9920ad1b6cc5a785b66401dc16458a9614fabc40d4062643ba827a
2023-03-19 07:33:00,True,0.5143,0.001542,134.785,0.2078,0xec...9221,https://bscscan.com/tx/0x8f3c912275c475a8f316b1c6657e3f3b8d5343e4ff9da33a88febc6870029a40
2023-03-19 07:32:42,False,0.5118,0.001534,3875.5,5.94861,0x2c...015a,https://bscscan.com/tx/0x0f889852465b153eedd474bb9c2fed46ab6f68e65b891ba790ebfc9739e9c30f
2023-03-19 07:32:42,False,0.5119,0.001535,2337.25,3.58844,0x00...78d2,https://bscscan.com/tx/0xcc6b8e58e904822730384b43f962f481a4cdcfd46675a29876050975ba6f22e7
2023-03-19 07:32:15,False,0.512,0.001535,90.0,0.1381,0x17...a353,https://bscscan.com/tx/0x0f0a4787f311402637b1fd636bb202859b3f1a2213d0df122bf4c4476eeafdb7
2023-03-19 07:31:54,False,0.5147,0.001535,5261.3,8.08042,0x34...7c76,https://bscscan.com/tx/0xd725cc4916ab33de79125e975273d201972f0c5e88cf6d9193b2a92565b669c7
2023-03-19 07:30:54,False,0.5147,0.001536,10.0,0.0153,0x17...a353,https://bscscan.com/tx/0x2466e3ceba9f0d79a464ca3014cc829eaa445a20abdb802c889a8169d1806460
2023-03-19 07:27:18,False,0.5146,0.001536,25.0271,0.0384,0x07...0daa,https://bscscan.com/tx/0xefbdca8d9bfb45cc8024ddd4bac2f5a103a798c4d4e23229a5be9cdd60ebb5b8
2023-03-19 07:26:57,False,0.5121,0.001536,3589.07,5.51421,0xd3...ec6f,https://bscscan.com/tx/0x09d2c6b8e3411cec74e7ca90e47a909c6e2bf538ba47f26be22832764e839b4f
2023-03-19 07:26:51,False,0.5123,0.001536,3591.44,5.51951,0xd3...ec6f,https://bscscan.com/tx/0x5a5818489fb04d13ffaf9bc6bfe0c750b4e112b899acf742d9c15bf2d97c8edb
2023-03-19 07:26:36,False,0.5124,0.001537,2124.89,3.26642,0xd3...ec6f,https://bscscan.com/tx/0x384aed8e145aa48680219ddbf69e02666a99fdd4636c84de15bc453b4dc3886e
2023-03-19 07:24:21,False,0.5126,0.001537,1008.42,1.55037,0xd3...ec6f,https://bscscan.com/tx/0x7c20552b76c2c85522b301aa933a96689ff181f4a4b1d75de8cb131de5efb067
2023-03-19 07:24:18,False,0.5153,0.001537,1009.4,1.552,0xe3...d2ff,https://bscscan.com/tx/0xa99baa9c745aa7a737592eece0410ea6755672bf971350314146683d82d90d57
2023-03-19 07:24:18,False,0.5153,0.001537,1008.25,1.55037,0xd3...ec6f,https://bscscan.com/tx/0xa6f94722b1e8421eab6f93a3d6ca6db5c2e5448b2f78cf92496ea35df944835d
2023-03-19 07:24:15,False,0.5154,0.001537,667.594,1.02661,0xd3...ec6f,https://bscscan.com/tx/0xf1ba9c68dc7c8218a3f3542508a33f075c56db9991a1d0a86514155ded88b270
2023-03-19 07:24:12,False,0.5154,0.001537,1361.8,2.09433,0xaf...847e,https://bscscan.com/tx/0x789c2703baefc4dee121478ee052be97e20521755f4af05130146820f38ac7bd
2023-03-19 07:23:00,False,0.5129,0.001538,2488.52,3.82774,0xd3...ec6f,https://bscscan.com/tx/0x67bfe111ba26da89ac4e353cfe50ac2a5f5e4f91a3f28af0368350b2ea3839e0
2023-03-19 07:22:48,False,0.513,0.001538,1516.79,2.33346,0xd3...ec6f,https://bscscan.com/tx/0xe697c234e1ef7603ec26b4c39bc131d447e6e35f22c5859b4badce8ce37eb9a6
2023-03-19 07:22:45,False,0.513,0.001538,1439.53,2.21488,0xd3...ec6f,https://bscscan.com/tx/0xb5afec79a968453a5fd4ea7a4af0165ad4dc84fc7d36a7509a2467179d0cd758
2023-03-19 07:22:39,False,0.5131,0.001538,1439.36,2.21488,0xd3...ec6f,https://bscscan.com/tx/0xde197b44284c33ea2b39ebc0c27f021acfb10f5d6e19f24b3bc82eb31672c85f
2023-03-19 07:22:36,False,0.5131,0.001539,1439.19,2.21488,0xd3...ec6f,https://bscscan.com/tx/0x17c02cceecf9e3ba7778a3789c9cce242714ac227845a389685ae9d96564e1db
2023-03-19 07:22:33,False,0.5132,0.001539,1056.0,1.62533,0x0e...7558,https://bscscan.com/tx/0x3d729cf9db98cbc77a8546d9c20f168947d4e5950f1166538d2968bc5c3e7430
2023-03-19 07:22:33,False,0.5132,0.001539,1054.81,1.62364,0xd3...ec6f,https://bscscan.com/tx/0xb0a9072ab0c645363b15dbf9865b16df94e873a5069d0f9918843249cb7c201d
2023-03-19 07:21:42,False,0.5132,0.001539,23.2446,0.0357,0xf4...e856,https://bscscan.com/tx/0x0e7298137cd75f930266db88959b65437e621548f31716998b7df43f2f67dfa8
2023-03-19 07:17:54,False,0.5137,0.001539,524.541,0.8074,0xd3...ec6f,https://bscscan.com/tx/0x02754639d56faa63fe507850a18b37e42843ceac98673182ef71c62f5c358352
2023-03-19 07:17:51,False,0.5137,0.001539,524.518,0.8074,0xd3...ec6f,https://bscscan.com/tx/0x44a32d5f41ea08ec2b0f148a5bb609cc8ce688461466d12fc99bb65499d2caea
2023-03-19 07:17:48,False,0.5137,0.001539,524.495,0.8074,0xd3...ec6f,https://bscscan.com/tx/0xc552a5a0da3a1e2d2808178e3e0a1b55915045f6deac24e2f1f182ade4e99b7f
2023-03-19 07:17:45,False,0.5137,0.001539,524.516,0.8075,0xd3...ec6f,https://bscscan.com/tx/0xfa99906331b36e0fc5b86e54a0f8de79c11229ecd92aafd81406933b0617aa94
2023-03-19 07:17:39,False,0.5138,0.001539,1398.57,2.15338,0xd3...ec6f,https://bscscan.com/tx/0xec91948a6d29a8be8d08dbd37b327e059d79f590ced34e180055699fab701247
2023-03-19 07:17:33,False,0.5164,0.001539,524.544,0.8077,0xd3...ec6f,https://bscscan.com/tx/0x7d3611d46009ffbbc0bab9ad1f500293f2b4cddaa70e5823fe4e751bad17d381
2023-03-19 07:17:30,False,0.5164,0.001539,524.522,0.8077,0xd3...ec6f,https://bscscan.com/tx/0x5381c427b69b4a3bbdcf82c48ad84a7e2e7171bd89fcd8b6c5c70aa73f82c993
2023-03-19 07:17:12,False,0.5165,0.00154,524.543,0.8077,0xd3...ec6f,https://bscscan.com/tx/0x194f1bd286a408520fcdb3647a8deace318a77d54206a4371fa46776a6f5e92e
2023-03-19 07:12:09,False,0.5164,0.00154,800.0,1.23204,0x9d...67b5,https://bscscan.com/tx/0xc251ddee8a23629852f3a34493c2989253006e9102de65a4c9dc89dbc3cb0d98
2023-03-19 07:10:21,False,0.5138,0.00154,179.0,0.2756,0xae...e937,https://bscscan.com/tx/0x6067c1250a3c4b1190cee6b040dc23aba49f6ae86372f1482cfb9437e003e764
2023-03-19 07:10:21,True,0.5164,0.001547,76.9089,0.119,0xec...9221,https://bscscan.com/tx/0x7609376b923afde595f9e4a774f11f883234b3e2db2df75371cbc1928550061b
2023-03-19 07:02:33,False,0.5137,0.00154,34.9658,0.0538,0x02...f2c0,https://bscscan.com/tx/0xd55a6bffcd113dd1eb900770a8bb6f118fe317a34c13b71048c20388f221601f
2023-03-19 07:01:12,False,0.5134,0.00154,457.534,0.7046,0xd3...ec6f,https://bscscan.com/tx/0xa3c75bfddb229366c30b52538c81409a22ab6ea4785f8c00fd08db531d918d2b
2023-03-19 07:01:09,False,0.5135,0.00154,457.516,0.7046,0xd3...ec6f,https://bscscan.com/tx/0xdee700f445e447404071e2bccbfe06ba79be6142c918f1807eab4751148114be
2023-03-19 07:01:06,False,0.5135,0.00154,457.499,0.7046,0xd3...ec6f,https://bscscan.com/tx/0x5a8e20f0b5299ea5f5dacb0e28bc812583fc70a9fd23823d8844431f64e1f303
2023-03-19 07:01:03,False,0.5135,0.00154,457.481,0.7046,0xd3...ec6f,https://bscscan.com/tx/0xe47221b4d9e254245bda491ceab7eec01dcf5c9b71cca3feb4f7441720456eed
2023-03-19 07:01:00,False,0.5136,0.00154,457.464,0.7046,0xd3...ec6f,https://bscscan.com/tx/0x37e8b38e919b7dc3d4a90a8e2c17b508dee55c78fa015e86efe9202163d88866
2023-03-19 07:00:57,False,0.5136,0.00154,457.447,0.7046,0xd3...ec6f,https://bscscan.com/tx/0xe50cb92677a7a58825c1bd3290a9e2f0029ba0acb098e4ce5be61c09e5507e26
2023-03-19 07:00:54,False,0.5136,0.00154,457.429,0.7046,0xd3...ec6f,https://bscscan.com/tx/0xa3184c1c4152e14b1cb3c349804159f7827c234db6bb6c0f1db9af3bd6708524
2023-03-19 07:00:48,False,0.5136,0.00154,457.412,0.7046,0xd3...ec6f,https://bscscan.com/tx/0x47d718b86571c4ba17a8763408edbd65e90d4ea2958971e13a9345ccc8807e14
2023-03-19 07:00:45,False,0.5136,0.00154,457.394,0.7046,0xd3...ec6f,https://bscscan.com/tx/0xa5aa966fd0fe3be460025860037b9c30450a7d843a1a08fc2716e720a6ffb7c2
2023-03-19 07:00:39,False,0.5137,0.00154,457.377,0.7046,0xd3...ec6f,https://bscscan.com/tx/0xd4de9233dc83c39ab71174d465c8885dfcf79d78b4c30028088524bffaf22ab5
2023-03-19 07:00:36,False,0.5137,0.00154,457.496,0.7048,0xd3...ec6f,https://bscscan.com/tx/0xd60a0ce924478a692f1a5dca62cd10167aeb2d890c228d219449c5c7c5cdbee6
2023-03-19 07:00:33,False,0.5137,0.00154,482.061,0.7427,0xd3...ec6f,https://bscscan.com/tx/0xa8f2142038d0e1b278ecee930ee05b0e90d18b3b85f8467f3b605039bc2c2942
2023-03-19 07:00:27,False,0.5163,0.00154,482.041,0.7427,0xd3...ec6f,https://bscscan.com/tx/0xda9fddb456e9986fe0eb0f287850eef7f79a4f3de7b5a126711e26812acc985f
2023-03-19 07:00:24,False,0.5163,0.00154,482.022,0.7427,0xd3...ec6f,https://bscscan.com/tx/0x2bba3c3513a2a196b0f2cdd2b3d194f2e95a2278b5d1348da5e5510ff20fc623
2023-03-19 07:00:21,False,0.5164,0.001541,482.003,0.7427,0xd3...ec6f,https://bscscan.com/tx/0xba6f71fed18078e072a90c0f5f36d172c6c010a7070ec5e38789a4e0f1175f78
2023-03-19 07:00:18,False,0.5164,0.001541,482.127,0.7429,0xd3...ec6f,https://bscscan.com/tx/0xf3f35e7278a0fc0abcf689d61c99e0f7b6807126d5b73e2e05b75324a134e3e6
2023-03-19 06:59:57,False,0.5164,0.001541,482.151,0.743,0xd3...ec6f,https://bscscan.com/tx/0x1e1a4d1f79ce8cc3d6e591551c3a8501e69084e7739d26bfcd29e1323e71cd3c
2023-03-19 06:59:54,False,0.5162,0.00154,110.187,0.1697,0x41...b6a3,https://bscscan.com/tx/0xc3d3d168dd7dc433940de57be455d22165d8d22302f57080060eb3db5f67e21f
2023-03-19 06:59:54,False,0.5165,0.001541,482.127,0.743,0xd3...ec6f,https://bscscan.com/tx/0x46c2800cbc3fb3dea2cef61fbd0bea064a5c87e9f0d8d20dfc29563dc47104ec
2023-03-19 06:59:51,False,0.5165,0.001541,482.108,0.743,0xd3...ec6f,https://bscscan.com/tx/0x33f360f529c9f364f3ac2935551ff04cfc13480b6d6d5ead278b35c098c6265c
2023-03-19 06:59:48,False,0.5165,0.001541,482.089,0.743,0xd3...ec6f,https://bscscan.com/tx/0xfbf4137d35460d209133edb0180aabfd9e796404103c0e63d9a2a82600d33c4b
2023-03-19 06:59:45,False,0.5139,0.001541,482.069,0.743,0xd3...ec6f,https://bscscan.com/tx/0xe29ac19096d598fd4a35e572519a6c6222b62525160f0ee203893ddb579ddc26
2023-03-19 06:59:42,False,0.514,0.001541,482.151,0.7432,0xd3...ec6f,https://bscscan.com/tx/0xd78f2d2bb2f753f5f19c790220024f3ef2385f8957b43eaf6181c23f6238944a
2023-03-19 06:56:36,False,0.5166,0.001541,2477.43,3.81924,0xd3...ec6f,https://bscscan.com/tx/0x46da29741fa89d5ce2c78492c5aa771c1d47c03816fc17eb0e6be4b930c4f3eb
2023-03-19 06:56:33,False,0.5167,0.001541,2476.92,3.81924,0xd3...ec6f,https://bscscan.com/tx/0x57ccab608c575476f4fa9d71afddf5e2e223719885955027f9341847c30706b3
2023-03-19 06:56:30,False,0.5168,0.001542,1777.98,2.74201,0xd3...ec6f,https://bscscan.com/tx/0x536a07782a0bdb242847499e409ac70e789009b884f25d5efd4be099fb82a383
2023-03-19 06:53:21,False,0.5142,0.001542,510.608,0.7875,0xd3...ec6f,https://bscscan.com/tx/0x3dc3f7cb13bf9dbbb5588ff4782961b821f32b5df38e90b7c7fb229fac5468d4
2023-03-19 06:53:18,False,0.5142,0.001542,2027.4,3.1273,0x43...fe22,https://bscscan.com/tx/0x67b3edefaf6aa84d489234f244671ae3b1ebbb496b6a64a6d3c048aa1867c874
2023-03-19 06:53:15,False,0.5169,0.001543,4941.07,7.62391,0xd3...ec6f,https://bscscan.com/tx/0xe7f43c2c3ff976bffba39e6cba25da5f0548344f3ea38ea2a53a29877999779d
2023-03-19 06:53:12,False,0.517,0.001543,1856.8,2.86579,0x00...78d2,https://bscscan.com/tx/0x130290072cb86996ef7459cc78e84eefa8e4aeed01f1b2b3921ef9ad5a5384ab
2023-03-19 06:53:12,False,0.5171,0.001543,1489.03,2.29849,0xd3...ec6f,https://bscscan.com/tx/0x4514f09b6435204680e9377e5ffd961695179829528677e9e8910930ff348ad0
2023-03-19 06:50:42,False,0.5168,0.001543,3114.91,4.80916,0xd3...ec6f,https://bscscan.com/tx/0x069da8abd5436c4f6076e6e42e54ff0a4352ba6d61eb5d9c1b2a11e4c2b7935a
2023-03-19 06:50:39,False,0.5169,0.001544,3190.35,4.92693,0xd3...ec6f,https://bscscan.com/tx/0xf7861ef4eaf8c1dd8767f2f65152dd2cc0ac0f94277b0b4242e2f7333bfe8581
2023-03-19 06:50:36,False,0.517,0.001544,3189.5,4.92693,0xd3...ec6f,https://bscscan.com/tx/0x27548aaabd81fc7350470270a4c65793318d08cd4e2056a4797a2079b80243ea
2023-03-19 06:50:15,True,0.5196,0.001552,95.7407,0.1486,0xec...9221,https://bscscan.com/tx/0x0e60ec3dbd9c07282b62e5e33b5953455a7bd1a9eb44100af0debb27609c9a41
2023-03-19 06:46:15,False,0.5168,0.001545,1361.0,2.10277,0x2f...490e,https://bscscan.com/tx/0xf5ab9d21263bc5a077ed8e99f502b99a8fe8ba00c41b3553da82944893cb50f5
2023-03-19 06:44:03,True,0.5196,0.001552,276.912,0.43,0x42...859c,https://bscscan.com/tx/0x1304a86fc010c98b20f7c7b19aaa44f11af5a1b25ecf626afae6f87c0488431a
2023-03-19 06:42:03,False,0.5172,0.001545,10624.7,16.4231,0xf2...bfcf,https://bscscan.com/tx/0x761f0a119b58d3e017cd4967d5c53a6d14bc66e67211578b898129604b353201
2023-03-19 06:41:57,False,0.518,0.001548,25590.6,39.6168,0x52...1c7e,https://bscscan.com/tx/0x8812d3936022898f1d454f62b4d2638ef15ec8147bbe368b1beb19c2ab445612
2023-03-19 06:39:12,True,0.5185,0.001557,134.013,0.2087,0xec...9221,https://bscscan.com/tx/0x2cf67a8d443cea2bb5b2f9e859b7f5de63e89af64e96732119dbd39a2c7160cf
2023-03-19 06:36:18,False,0.5161,0.001549,5.12819,0.0079,0xee...8089,https://bscscan.com/tx/0x6b832fd0432fd971615895022275aec7f1b5c3197454eec564219d2be03bcfbe
2023-03-19 06:33:33,False,0.5185,0.001549,40.0,0.0619,0x7c...ed51,https://bscscan.com/tx/0x9eec00a02378be49eecd0a9561b4dc7f1e3f71ef08264ed1b3fec22e739b8586
2023-03-19 06:31:56,False,0.5159,0.00155,14712.5,22.8146,0x3f...573a,https://bscscan.com/tx/0x84dab48fad38d5e5f243565eb354bafa4861fa02ac9f10b53dba38ab2e04b770
2023-03-19 06:30:28,False,0.5187,0.001551,2245.7,3.48486,0x9d...6dab,https://bscscan.com/tx/0x08c92ffb3d1c5c1201394f6bc121fb12e34d2a4b83f985872b084345ede5050a
2023-03-19 06:30:19,False,0.5188,0.001552,2423.87,3.76208,0xd3...ec6f,https://bscscan.com/tx/0xc44b49e632b664ffc8913923a1d8f04c7e77688468bafc58019909094cdc880b
2023-03-19 06:29:45,False,0.5189,0.001552,224.635,0.3486,0x1b...5c50,https://bscscan.com/tx/0x5433ca38e861d92271e3ce38ba5067e44a95108746738af096f9856c43cf4ce6
2023-03-19 06:27:27,False,0.5186,0.001552,2424.05,3.7632,0xd3...ec6f,https://bscscan.com/tx/0x2ac8a973367d967dfabb355bcb80b3fe758fbd6dcaa4846d0748900229771aef
2023-03-19 06:26:15,False,0.5186,0.001552,2242.7,3.48235,0x5a...6651,https://bscscan.com/tx/0x128799288dd7052e79dd4d1882a6c39c9cc8e113ed41ec838153fa03f24619bc
2023-03-19 06:22:35,False,0.5155,0.001552,64.5472,0.1002,0xea...eb34,https://bscscan.com/tx/0xf700388d55e2e24f15417b53ca194a2e70cf19e1b20c1efe23c4e3cb7f938473
2023-03-19 06:19:47,False,0.5157,0.001552,105.0,0.163,0x91...5db1,https://bscscan.com/tx/0xa0e65ba787d11747e4f0dbdbedb0e55c6c946f5d9d2ec55ab7e3d96c07c35882
2023-03-19 06:18:53,False,0.5183,0.001552,120.0,0.1863,0x44...d7ca,https://bscscan.com/tx/0x4c643501f8903df6da521861475fd11f31ea41057de24dcf88f56222056bf299
2023-03-19 06:16:14,False,0.5159,0.001553,3776.03,5.86484,0x11...a5bc,https://bscscan.com/tx/0x49f2ace916f57f295a7884839c36bc18fbcfd8a139af78197cf30fd270b692d9
2023-03-19 06:14:05,False,0.5182,0.001553,3.5757,0.0055,0x79...5537,https://bscscan.com/tx/0xba6de345c72110d14758f546b98045532931fed8889b9a4feef1389a95388e02
2023-03-19 06:08:37,False,0.518,0.001553,24.7273,0.0384,0x49...b36f,https://bscscan.com/tx/0x8263eabe2ace378b3284a836b7d8f2939ada6b02a561297e6b0e06454f7ff9f9
2023-03-19 06:05:22,False,0.518,0.001553,395.0,0.6136,0x8d...9075,https://bscscan.com/tx/0x325794dbc17a123a6da471fb955d70fc386c4fc24d92a71fe9ff4952ced8784f
2023-03-19 06:00:19,False,0.5178,0.001553,438.889,0.6818,0xf6...0562,https://bscscan.com/tx/0x377dceca2455a078aa606b5062965ff6596717c47363941c92417a94106c8cde
2023-03-19 05:57:13,True,0.5178,0.001561,138.879,0.2168,0xec...9221,https://bscscan.com/tx/0x7fee564b9d0ddff01eccff4ea7ad60dcfef66282ccd98b66d0f0d821b523757a
2023-03-19 05:56:37,False,0.5178,0.001553,100.0,0.1553,0x81...3662,https://bscscan.com/tx/0x66000e32a595de0ff19368fe419403c6ced62eb9893f65ed2aa657a23d06fab3
2023-03-19 05:55:13,True,0.5177,0.001561,1972.83,3.07997,0x9e...8f82,https://bscscan.com/tx/0x46dfc06fd6fcdaf6ca64ba5933b2ac69817904dfa90b796440a690dc22ea32c7
2023-03-19 05:54:49,True,0.5176,0.00156,2305.13,3.5981,0x00...78d2,https://bscscan.com/tx/0x0a3ebfe3f2661ed280f64e4d0eb1ac63dbd54510266f877c452a3a75fa1adbb4
2023-03-19 05:54:43,True,0.5201,0.00156,2242.7,3.5,0x03...9fa1,https://bscscan.com/tx/0xe598b6eff01aa8385ac909bbae345f6c13dcf3a1cd48b49fffb19417376fe1ba
2023-03-19 05:54:43,True,0.52,0.00156,2563.61,4.0,0xb0...a41e,https://bscscan.com/tx/0x5bf51a8440f857494358253521ffe54196488bdcb516e85bb897b70d65a29153
2023-03-19 05:54:43,True,0.5199,0.00156,2309.56,3.60288,0x00...78d2,https://bscscan.com/tx/0x53d3f2300fdb2fd1d94122a57412761020f784580e3ce79edc3f6b8854bddb57
2023-03-19 05:46:07,True,0.5205,0.001559,1628.1,2.53939,0x00...78d2,https://bscscan.com/tx/0xf44fcafe6821a6c64e43749ca4250bd27f8bbc7ada027a51c90033889a327fed
2023-03-19 05:44:13,True,0.5208,0.001559,2305.13,3.59477,0x00...78d2,https://bscscan.com/tx/0x8980eac5c7dd8d6ba80c36f68c2fdedfbcbee510904180e1d331d938554bf19a
2023-03-19 05:44:10,True,0.5207,0.001559,2305.13,3.59407,0x00...78d2,https://bscscan.com/tx/0x5a7f0456d2809b097aac661f83b1730492c06a2070ffdea67e220608d26602f0
2023-03-19 05:44:07,True,0.5206,0.001558,2305.13,3.59338,0x00...78d2,https://bscscan.com/tx/0xa7bb322063ad965c5671b59bde47e2593a351f48c9dd7cb1a87187676bea9c68
2023-03-19 05:41:30,False,0.5177,0.001551,464.535,0.7204,0xf6...0562,https://bscscan.com/tx/0xb05c440345b48d042fc807f3c688555f9d34605c8ee1ca37edd910b1ce5b7936
2023-03-19 05:41:24,True,0.5177,0.001558,2309.56,3.59974,0x00...78d2,https://bscscan.com/tx/0xd86e61938800283d0ee0ace6d162280fca4ef4cfa29131e265d9af4c38d11dd3
2023-03-19 05:41:18,True,0.5176,0.001558,2314.02,3.60598,0x00...78d2,https://bscscan.com/tx/0xd23192236b9352fa13c70168022d92910260d7af4fafda5b1235235029752ff4
2023-03-19 05:36:39,True,0.5209,0.001558,552.1,0.8602,0x7a...c707,https://bscscan.com/tx/0x66a3474017e4b634baec751eeac2687e9dd3116590518c3608830e4ee0f4c3ae
2023-03-19 05:36:36,True,0.5209,0.001558,2237.8,3.48638,0x00...78d2,https://bscscan.com/tx/0xc2708f5b3b55eaf5308d168f439c1959a00c1d6dd32e84ced8ac7eeb70c04aa4
2023-03-19 05:34:42,True,0.5184,0.001557,2305.13,3.59059,0x00...78d2,https://bscscan.com/tx/0x40d080d65875e0244169af00185ba50f293894ed36ff04e1a088c51b2c394ca9
2023-03-19 05:34:39,True,0.5208,0.001557,2305.13,3.5899,0x00...78d2,https://bscscan.com/tx/0x426693551893051726a2ce5f2701dea9e7daa80cf8d96601206b75e889b4c5d9
2023-03-19 05:34:06,True,0.5182,0.001557,2305.13,3.5892,0x00...78d2,https://bscscan.com/tx/0x42d930a468350aa0f35106b865578eb6c9b07eb65617d0e5f8563de77645ec98
2023-03-19 05:33:24,True,0.5207,0.001556,1861.08,2.89729,0xf2...bfcf,https://bscscan.com/tx/0x765ba094a97c4a24da912e6971c0dec42ffcc8fa1235ceae5c34b8f51a307d71
2023-03-19 05:33:24,True,0.5206,0.001556,865.543,1.34731,0x91...79fe,https://bscscan.com/tx/0x602bcb652d280558c11959b52a19cfb760bece87e325c45c2835e1ae7084fd4c
2023-03-19 05:33:15,True,0.5205,0.001556,3212.67,5.0,0x8d...1b76,https://bscscan.com/tx/0x9de852a1553073f4c06cec53a916c9aa331b6e5c6cfba9291331cde677f7b498
2023-03-19 05:33:15,True,0.5204,0.001556,2249.39,3.5,0x52...1c7e,https://bscscan.com/tx/0xb03881de19d17a2e7297704221210207b2a73f6da3440b668874c61e15387373
2023-03-19 05:33:03,True,0.5177,0.001555,2249.81,3.5,0xda...6e1f,https://bscscan.com/tx/0xc3bce8158679f1176ce877e8cc83ffb4485134f6f5095486a9a807f22157f34e
2023-03-19 05:32:54,True,0.5202,0.001555,2250.23,3.5,0x52...1c7e,https://bscscan.com/tx/0x9848acbadcb67c236d940db2a5cda7b1ea70772f70544203973391535b979d5a
2023-03-19 05:32:45,True,0.5175,0.001555,2250.66,3.5,0xda...6e1f,https://bscscan.com/tx/0x3d522cd722cf25b30208e26321b2c0bbd076a9ad342d1846bedcba5b343a3692
2023-03-19 05:32:36,True,0.5174,0.001554,970.3,1.50871,0x00...78d2,https://bscscan.com/tx/0xb430b789d4b2158ab3495225166e1af6962c8c0c24db4ad5fd52ebc60108d166
2023-03-19 05:32:18,True,0.5174,0.001554,2251.27,3.5,0x91...79fe,https://bscscan.com/tx/0x5b65722483803c26ec29fa046176b7537456e4b5494cb4b54259bea70a815cee
2023-03-19 05:32:15,True,0.5173,0.001554,425.7,0.6617,0x92...a7f2,https://bscscan.com/tx/0x0c2e56a8c9bcd91ca1b2eed4cb31f94d0a9e68528d15e38519ee9e190e7b9edc
2023-03-19 05:32:06,True,0.5173,0.001554,2251.77,3.5,0x52...1c7e,https://bscscan.com/tx/0x78af2a8d1f3583eb2f0a6d9797ca62ce8ea802cb1ef8e6613780509dbe5e5bf9
2023-03-19 05:31:51,True,0.5197,0.001553,6435.98,10.0,0x3f...573a,https://bscscan.com/tx/0x7da49f65fcde95371e1070bb49255689d2f19a57cd638866a4ef36fc39fae0c4
2023-03-19 05:31:51,True,0.5195,0.001553,2253.41,3.5,0xda...6e1f,https://bscscan.com/tx/0xd3bd76cf3f22a848959048c5773dfe9af10836c167f52a82cd755e5b43490871
2023-03-19 05:31:48,True,0.5194,0.001552,3918.03,6.08392,0x11...a5bc,https://bscscan.com/tx/0x00763fa344f4f7ab825625fa33336d67a90c94f999a2b5b9d4fd82bacbbe7210
2023-03-19 05:31:48,True,0.5192,0.001552,2309.57,3.58536,0x00...78d2,https://bscscan.com/tx/0x27c0bf63be7f3333e8134fc569a21099f57c30220e50b8866a0c406d12fe3430
2023-03-19 05:31:45,True,0.5191,0.001552,2255.01,3.5,0xf2...bfcf,https://bscscan.com/tx/0xb67945f960faeb26eaa54470edd8761572b27cbd302e4d319f07eb32b2479a68
2023-03-19 05:31:45,True,0.519,0.001551,2255.44,3.5,0x91...79fe,https://bscscan.com/tx/0x45e22e0ecb0072887e579d5874e493b159cfdd498564902454ae2eeee7fcef7e
2023-03-19 05:31:42,True,0.5164,0.001551,650.1,1.00871,0x2c...015a,https://bscscan.com/tx/0xa2c8f180b1125e2816eb12a8c78542c3666dd7dc9fd805f12ece66b74c416275
2023-03-19 05:31:39,True,0.5163,0.001551,2255.99,3.5,0x52...1c7e,https://bscscan.com/tx/0x9f07d1f906b49ee26f404480aae175e0fb883a10cb0e77c7133f27e5e6ab91a7
2023-03-19 05:31:39,True,0.5162,0.001551,2256.41,3.5,0x8d...1b76,https://bscscan.com/tx/0xfeeba8b1c50745d3178c5c000014f44d122e8a04aa9d60e07ef7111bd2f8a17f
2023-03-19 05:31:39,True,0.5161,0.00155,2153.25,3.33936,0x00...78d2,https://bscscan.com/tx/0x20be4882c4a43361284450bf9cfda17ffeee61d3b7d800275e550b8e688c2129
2023-03-19 05:31:39,True,0.516,0.00155,4185.03,6.48863,0xd3...ec6f,https://bscscan.com/tx/0xe62b1d6605f3da0877d334e3b80dbdf88ff1096b5977990eee9643c131dfe032
2023-03-19 05:30:51,False,0.5134,0.001542,35.0887,0.0541,0x93...f52b,https://bscscan.com/tx/0x6774d590b81e88fcaf256e3bf3bd8f62b5e4e5829ab36ad84e0acaefbf4f2848
2023-03-19 05:30:18,False,0.5134,0.001542,25.0,0.0385,0x93...f52b,https://bscscan.com/tx/0xadec16a258fe38450ddecf021027a31e8411f73cd6e1d7918627136dd6f52e09
2023-03-19 05:29:45,True,0.5186,0.00155,48.1116,0.0745,0xec...9221,https://bscscan.com/tx/0x71b3afeb742aa440f8b19e87ad84e8b326da220d8d5445b72e8caf0d57670487
2023-03-19 05:28:25,False,0.5134,0.001542,150.0,0.2313,0x95...b5ae,https://bscscan.com/tx/0xdfad377ec9b07b7d0dd30089166cf8dfc135249be31f612906b7f8c85b2a7158
2023-03-19 05:25:26,True,0.516,0.00155,21.6767,0.0336,0x52...8d7e,https://bscscan.com/tx/0x31f10ba106d1aa9ec78daf375aca29df19990143be8c3b558e387f2b4acb1447
2023-03-19 05:20:54,False,0.5161,0.001542,1285.23,1.98251,0x28...d10c,https://bscscan.com/tx/0x9897e07a4261c8eeac800f4287183457efcd5f0f2e51d6c0b6a1e4af7e1a140a
2023-03-19 05:20:51,False,0.5162,0.001542,1706.51,2.63267,0x9e...8f82,https://bscscan.com/tx/0x4a006f17bc64d8bc8b487cb10d3016a6dd252cc6d6d6f91aa8c3f64c5255aab4
2023-03-19 05:20:51,False,0.5167,0.001544,21167.2,32.6863,0x91...79fe,https://bscscan.com/tx/0xb4231dbcdcf20a7c8387121f86846119761b131d2da7958d620b81cbd56c2eb2
2023-03-19 05:18:12,False,0.5171,0.001545,11.4367,0.0176,0xb6...a9af,https://bscscan.com/tx/0xf5324f00e70d25aa48315b0a0c691c15c8e76c244911c6c6e84a7085534175ff
2023-03-19 05:16:00,False,0.5145,0.001545,352.821,0.5453,0x62...1f10,https://bscscan.com/tx/0xce997494a578f9575f80b70e3bf7b8082981366299306db7a754180ad36bc112
2023-03-19 05:13:48,False,0.5145,0.001545,3090.45,4.77723,0x62...1f10,https://bscscan.com/tx/0xfc4ea5a587d78a9a9c3f723386bfdcc9d338a2b397c9ccc4a1f0cee352b89a17
2023-03-19 05:01:58,False,0.5147,0.001546,1100.0,1.70068,0xea...85f7,https://bscscan.com/tx/0xf499fca1da069548784cb2ed0fd206aaf1c1318e59590812072c416a1ce30f36
2023-03-19 04:50:21,False,0.5148,0.001546,330.0,0.5102,0x8a...ef93,https://bscscan.com/tx/0x2de49e8111547da26d942767b95619fd0e2bc972e905f51e14ae54a4b44a0ba1
2023-03-19 04:49:33,True,0.5201,0.001553,1315.24,2.0437,0x35...aca7,https://bscscan.com/tx/0xe66ad8cf9a3339623b6133f9a1863adae08a77127292b0f65c5f153c1983f2c2
2023-03-19 04:47:33,False,0.5175,0.001546,40.0,0.0618,0x0e...0d9b,https://bscscan.com/tx/0x7bff6a944e0110dcb01bf0304a78472401faf8b1ef96169eec9961ad10ea954b
2023-03-19 04:47:06,False,0.5175,0.001546,24.1687,0.0373,0x97...ab44,https://bscscan.com/tx/0xa23598b8c1e07ca0cad4aa9a38759a26d66670d02dd58c0f9271ac6cdd9b302a
2023-03-19 04:43:18,True,0.5203,0.001554,28.5034,0.0443,0xc6...6d71,https://bscscan.com/tx/0x99939f4835c1a0230a095409c947b699c0e5c0d68d2da79fa4053ce7fdef42d6
2023-03-19 04:38:32,False,0.5163,0.001546,28.873,0.0446,0xe1...c054,https://bscscan.com/tx/0xb215dfc85c6806efcdfb21e214c95f9a37faf347c9876747a46868f83910e32f
2023-03-19 04:35:35,False,0.5162,0.001546,49.4,0.0763,0x5a...00a7,https://bscscan.com/tx/0x2a1d5d04f6daa5957cff7c3799dc1fc6fe2d322432b8e3e2987b1bced392aca3
