datetime,buy_order,price_USD,price_native,amount_token,total_native,maker,etherscan_url
2023-03-29 20:43:46,False,0.4756,0.001508,4.0,0.006,0xc1...f549,https://bscscan.com/tx/0x05c6a8060718ac44fd5a82e6790e580980b157870ae79d505b4fd60dd41dd888
2023-03-29 20:43:19,False,0.478,0.001508,54.3321,0.0819,0xe2...1f65,https://bscscan.com/tx/0xbed4b2a8863ec7cb4e1351975892f249aa5be11cf76f325ae9cc911ead28b3d1
2023-03-29 20:42:31,True,0.4804,0.001515,1.0,0.0015,0x57...d6ca,https://bscscan.com/tx/0xaa9f9167e5fe5cb9d49938bf6aa4da6dd0057e0d563398909b368a58a872acee
2023-03-29 20:41:58,False,0.478,0.001508,21.8313,0.0329,0x94...1dea,https://bscscan.com/tx/0x219b11d453fad2e731ad43ccd8e49033bf8b09e49b595b5c46ee44ed5805e37d
2023-03-29 20:30:25,False,0.4772,0.001508,0.73,0.0011,0xc9...07cb,https://bscscan.com/tx/0x10fc75d60b91e5f6e0d90143a39746e0eb6cc0d15c2f514e50b75e4a020a0362
2023-03-29 20:23:37,True,0.4774,0.001515,823.583,1.24826,0x8c...ae2a,https://bscscan.com/tx/0xd8d26f58092e4e6baee1fcb82d96e7c6c4114a9aae87ee1b5274cfcff0c7b43d
2023-03-29 20:23:28,True,0.4774,0.001515,14.6301,0.0221,0x38...28dc,https://bscscan.com/tx/0x6abb4602a1d78caf0efea486293a5d9093e86e45b8f27e0b1962c817cee17251
2023-03-29 20:16:43,False,0.4773,0.001508,10.0,0.015,0x17...4721,https://bscscan.com/tx/0x5fdeb5250638f75b6145e4cae1273c0f6faa512d71946d6016a75bfb7ce80af7
2023-03-29 19:53:30,True,0.4776,0.001515,40.0,0.0606,0x02...ec79,https://bscscan.com/tx/0x0b4d931f693465b3d4f02b2fb49e87c82b54c28bed6ed32230245462a19e2ecd
2023-03-29 19:45:18,False,0.4775,0.001508,9.71224,0.0146,0x7c...d579,https://bscscan.com/tx/0x639705391532703f1e925e04cb62a1500a8df9dd543810b232b765a4d051da60
2023-03-29 19:43:05,True,0.4798,0.001515,2309.54,3.5,0xed...4f31,https://bscscan.com/tx/0x857c8a453640f5a6a977c07073c929794217ead7feefeeae82744da466063e80
2023-03-29 19:42:23,True,0.4773,0.001515,1002.62,1.51922,0x0c...8533,https://bscscan.com/tx/0x74429c33f9d9b6cb947b6052c33a0d50b7b0e2751300c278c3d1229ab64b609c
2023-03-29 19:42:23,True,0.4773,0.001515,3300.36,5.0,0x62...1f10,https://bscscan.com/tx/0xcf7737bb346620c1b5bfa541d12f61c7ac041533989225804707ca85f69c92a0
2023-03-29 19:41:32,True,0.4772,0.001514,2310.77,3.5,0x8b...88f6,https://bscscan.com/tx/0x068d8b2d604f4a545470f828830ba36a9c7d1f0e839d498d2b08e62618979d60
2023-03-29 19:37:02,True,0.4771,0.001514,15.0,0.0227,0x49...b0fa,https://bscscan.com/tx/0x7e437b05d1881e7ba5faa429808753c974cc2e89a14da3d3700b3bdb83cd2fc1
2023-03-29 19:35:26,False,0.4748,0.001507,143.982,0.2169,0xc4...de76,https://bscscan.com/tx/0x71e1f9f7d80e457e78b9d9289c762fe25a6cf8a50dc1b0db7940a0862f97681a
2023-03-29 19:34:20,True,0.4796,0.001514,78.3151,0.1186,0x2c...c9c5,https://bscscan.com/tx/0xef40d5341fd5d721e93515634158af13a336f67f4839d8854d8cb5e8909f0a8c
2023-03-29 19:33:14,True,0.477,0.001514,45.0,0.0681,0x94...4557,https://bscscan.com/tx/0x32f3f20dc5aa7c0f0d973a65732db8fe4abb613ba1a8b8bc773a6a2d9119dbd6
2023-03-29 19:33:05,True,0.4794,0.001514,45.0,0.0681,0x73...9a19,https://bscscan.com/tx/0x01358f403194bbf5f2f82ff8991806e8da31111ff521d63d64c5e8f43d32e157
2023-03-29 19:32:50,True,0.4794,0.001514,45.0,0.0681,0x60...2fa2,https://bscscan.com/tx/0x0411fc61fe23720dcbf74cc9e55108f921b7a80a1f292ba53d18ed3cd33fb539
2023-03-29 19:32:29,True,0.4769,0.001514,45.0,0.0681,0xfc...dce1,https://bscscan.com/tx/0x640d879de7f8cd335ecfa4ff3dcddbad281fa7d8f6886f9cc83d415625c4202b
2023-03-29 19:31:59,True,0.4769,0.001514,45.0,0.0681,0x59...2f49,https://bscscan.com/tx/0x9476ab2cbe96b3b826906968ed777d3fef795206e9d064746291eca2d6578557
2023-03-29 19:30:23,True,0.4793,0.001514,45.0,0.0681,0x13...33ae,https://bscscan.com/tx/0x26331465dc16d6e9eabb8fe5fc7e4d20c517e714259c8be1127028f787a60f67
2023-03-29 19:29:26,False,0.4745,0.001506,17.1999,0.0259,0xa8...d4db,https://bscscan.com/tx/0x618c1b8de8599c120180fb8ee135a5ff3e93d846061a1ff5e9a5ef1adfa8a5ad
2023-03-29 19:17:32,True,0.4769,0.001514,9.92455,0.015,0xf1...5e1f,https://bscscan.com/tx/0xccacc2a20b05e435f04e8b6e5c2f906f8016596ca552344393ec9c840c3995ae
2023-03-29 19:10:23,False,0.4769,0.001506,5.0,0.0075,0x11...7789,https://bscscan.com/tx/0xc78ea2c3a73da8168dd47be666529f8789f3194419535c291e69a6a17856f20f
2023-03-29 19:07:17,False,0.4745,0.001506,429.517,0.6472,0x9c...c360,https://bscscan.com/tx/0xe142006a28c111e149b707b5b14cb4944e4844d1f1024389eb1204c246412cc0
2023-03-29 19:06:08,False,0.4769,0.001507,56.6795,0.0854,0x97...14c8,https://bscscan.com/tx/0xa1c133f6b877b4dec3241c9ef9f633d15c379dbcf629c9d0f156593a2239bafc
2023-03-29 19:05:50,False,0.4769,0.001507,10.0,0.015,0x97...14c8,https://bscscan.com/tx/0xec8d962b9ff7dbd348461fedf3939a2e463ccce2ed6ccd2d840f8c9364600684
2023-03-29 19:02:11,True,0.4793,0.001514,18.0,0.0272,0xb1...8d7b,https://bscscan.com/tx/0xe11281f33a1187bd975fe9e8436a303aaca07f774ffeaea62ee9d1a8d3fb0bb0
2023-03-29 19:00:17,True,0.4792,0.001514,0.0281,4.258e-06,0x8b...6566,https://bscscan.com/tx/0x76f9e2ddaadd989bf107f60fdb9bc140965c448185bdc3830e850ed4b5a18be7
2023-03-29 19:00:14,False,0.4766,0.001506,46.6942,0.0703,0xae...8535,https://bscscan.com/tx/0x217b4964aaceaca4a29a0967bb801bbd61187394ad0944931cbddd662acd77fd
2023-03-29 19:00:08,False,0.4768,0.001507,57.5056,0.0866,0x97...14c8,https://bscscan.com/tx/0xfb59769ff87dcfcf3456a7f54f61224e8ac74438726990cb41ede8270796a0d7
2023-03-29 18:53:02,False,0.4745,0.001507,55.7508,0.084,0x97...14c8,https://bscscan.com/tx/0x923031fb7f26ba2bcaa53519a7ded3061011f8c3627ded9cfcf661c1296c9798
2023-03-29 18:52:20,True,0.4792,0.001514,24.6851,0.0373,0x78...fb53,https://bscscan.com/tx/0xc013fed083b523fe162787056ac2728958d18171cc6c5730a8325821684ab41c
2023-03-29 18:49:35,False,0.4745,0.001507,17.2762,0.026,0x9b...13dc,https://bscscan.com/tx/0xb46f7c06b61225bd6e99b2e69a2445623eeecc9bcb7b281a275ce60ccdb94627
2023-03-29 18:36:20,False,0.4748,0.001507,53.8483,0.0811,0x97...14c8,https://bscscan.com/tx/0x8bd798649eded32285d972f585ed8266479872de4a724475a7ec3eef17ca414e
2023-03-29 18:32:59,False,0.4747,0.001506,72.4337,0.1091,0x67...2902,https://bscscan.com/tx/0x98a98b4fe5b458b60327ec43c6944ea305016eba1f2d4f53bbe8939e8b3b49a0
2023-03-29 18:31:53,False,0.4773,0.001507,37.5197,0.0565,0x00...619b,https://bscscan.com/tx/0xb67f72fc7e580863d25d3c66bc92275bbaa089efe284645b3767f1d8be0ab159
2023-03-29 18:29:14,False,0.4748,0.001507,54.4976,0.0821,0x97...14c8,https://bscscan.com/tx/0x8b272cb814e5d836442a9cae95ecdaad753e068bb77f6daa0aaf19c52b849615
2023-03-29 18:24:40,False,0.4774,0.001507,57.544,0.0867,0x97...14c8,https://bscscan.com/tx/0x918b470692f0b41647fe2da635392875767280d1f7db443fe4584d0caec2d5a1
2023-03-29 18:23:21,False,0.4774,0.001507,213.577,0.3218,0xb8...99d9,https://bscscan.com/tx/0xbd8f5f07cba123a4eb1d3531ab633450a0d80b78a0356e059a3607104a227d6d
2023-03-29 18:14:56,True,0.4798,0.001514,0.6602,0.001,0x63...477a,https://bscscan.com/tx/0x74b8ebccf78e03ff64046836eb090f17721d2a5bfc35aad49e0ed849cccdef49
2023-03-29 18:13:35,True,0.4798,0.001514,1.32047,0.002,0x63...477a,https://bscscan.com/tx/0x016be503497996f90087165a83c7e8a47ef45cef7363994de79224d3a4d9410d
2023-03-29 18:10:59,False,0.4751,0.001507,189.047,0.2849,0x6a...170f,https://bscscan.com/tx/0x8ae8bd47b34ef73420740e1db6ffab481a724147b46be66cffd441664690fc84
2023-03-29 18:09:53,False,0.4752,0.001507,6.11972,0.0092,0x67...4898,https://bscscan.com/tx/0xc6cfeda2092bab5d0fa51fbb3411a0026d9faecc2a90675fab5293e41eddbd37
2023-03-29 18:04:59,True,0.4776,0.001514,210.398,0.3186,0x15...a42e,https://bscscan.com/tx/0x02cf59432cc55b1506aa9cad54b446e515b2b4ad1b7733d356030f4589648ece
2023-03-29 18:04:56,False,0.4752,0.001507,127.979,0.1928,0xaa...e299,https://bscscan.com/tx/0x095311d742b498b4df2c2d91e8a0163d5d6cb53f9970d7cb8c55d51380069621
2023-03-29 18:03:29,True,0.4777,0.001514,2311.01,3.5,0xed...4f31,https://bscscan.com/tx/0x52721a36980ae454a6d85cd3e53d65d006810e9a698764ff154f18639d47d65e
2023-03-29 18:03:29,True,0.4776,0.001514,2053.01,3.10872,0xda...c952,https://bscscan.com/tx/0x339495cb76185c72d75c95fed92fd7cfd4202ed613ad3dfee3121bb47e159596
2023-03-29 18:02:37,True,0.4775,0.001514,2311.82,3.5,0xda...c952,https://bscscan.com/tx/0x5073de70dabb26d5a8fd0994f60e88058a9be23508be34434772d9c4126080f0
2023-03-29 18:02:37,True,0.4774,0.001513,2312.25,3.5,0x8b...88f6,https://bscscan.com/tx/0xb84a7cd75c618192573e6e1d9a5ebf6b2c4b2976ba68ab0a7fa59c9068bc08a6
2023-03-29 18:01:13,False,0.4774,0.001506,44.0,0.0662,0xaa...e299,https://bscscan.com/tx/0xbe3f12788c116f5e939244cdbf501c67237ed9c74ce8c0a862290cc1123778e8
2023-03-29 17:59:07,False,0.4774,0.001506,45.0,0.0677,0xda...4639,https://bscscan.com/tx/0x4ff0d897d6e2e84269c4038f7a63b7d9e66bfb7082ab8f14b5888ce121cbeb02
2023-03-29 17:47:28,False,0.475,0.001506,1500.0,2.25912,0x01...5dc2,https://bscscan.com/tx/0xf5bd0d623dca9cab280189b2638f3cf4d94d5ae41254d31e543e71adb14ccd3a
2023-03-29 17:43:58,False,0.4766,0.001506,6.56622,0.0098,0x3d...3d57,https://bscscan.com/tx/0x753567c7efcfc9eb2456009f45a752b00c1ceec09b6494f1a47ee85994f59225
2023-03-29 17:40:37,False,0.4743,0.001506,5746.82,8.6577,0x52...1c7e,https://bscscan.com/tx/0x025fc4cb20e8b497f32d9b29620d914afc832b94afc7a7d3126da89db25734e8
2023-03-29 17:38:19,False,0.4743,0.001506,8.06608,0.0121,0xcc...510e,https://bscscan.com/tx/0xb525d731c8a39f993eefb93aad0bbf6f4c68c4e21ae24d752728c32f46ec5794
2023-03-29 17:36:26,False,0.4744,0.001507,2144.15,3.23123,0xda...6e1f,https://bscscan.com/tx/0x122900fcf2ef60823533415e5c82fb098b5e2df4fd6a2eff181e1cedf0c1769f
2023-03-29 17:35:58,False,0.4744,0.001507,8.01059,0.012,0xd6...8e83,https://bscscan.com/tx/0x5735df367d81a0e7b53de9c67fd669acc9d08ef7aaf8bfcc48dcc20152f804a9
2023-03-29 17:32:45,True,0.4766,0.001514,24.8554,0.0376,0xd6...8e83,https://bscscan.com/tx/0xe225ac5aac9996dfc2449d8213bf660e2f671fb569152baa74f8d8fa5ce0099a
2023-03-29 17:31:21,True,0.4789,0.001514,33.0102,0.05,0xd1...cbe1,https://bscscan.com/tx/0x6a9404a0e4b9cf3b4f5407f96af2afc854371d48cab30bb97b2de59d42da6ac2
2023-03-29 17:27:57,False,0.476,0.001507,16.7655,0.0252,0x5d...d98a,https://bscscan.com/tx/0xf373dc4cc4df514981bb9b1d3bc981b0448482de185968d3bf18f5d34412c642
2023-03-29 17:18:32,False,0.4731,0.001507,34.0,0.0512,0xa5...a44b,https://bscscan.com/tx/0x6c8e1221741ff39a8aca0a97b4fefc2021cc8fc96697a5c0c4d7122df9b32a55
2023-03-29 17:10:45,True,0.4755,0.001514,118.837,0.18,0x9c...0577,https://bscscan.com/tx/0x48a8745631ca8507ea33904f552f4d9572392216bfa83d30df1536195996765b
2023-03-29 17:07:21,False,0.4758,0.001507,4263.27,6.42632,0x2f...e155,https://bscscan.com/tx/0x17d65ce8737d0c21c6baf005986550f99d81015f05a9039aa3cdcf71c6dac069
2023-03-29 17:07:21,False,0.4761,0.001508,13980.9,21.0897,0x62...1f10,https://bscscan.com/tx/0x9a074aa63c63e9ce55b8ca479f5486218e36fb82b4bc5940486b30a9f6ecf071
2023-03-29 17:05:39,False,0.4767,0.00151,12443.8,18.7909,0x62...1f10,https://bscscan.com/tx/0xd14348a254818733c42530100eb1642ebcc4b382f0d7cec881a0e4737ac9958c
2023-03-29 17:04:33,False,0.4748,0.001511,13092.6,19.7909,0x27...b6f2,https://bscscan.com/tx/0x40ba01ad7abf74b5bad09c978cf4a1d9f70f944380736c3f8481549aeda1a8a4
2023-03-29 17:03:09,False,0.4754,0.001512,14.7658,0.0223,0xa1...e53a,https://bscscan.com/tx/0x604e0296b6f08a0e81ae30cc78684e857291297cff62bc156bfb1dc61e99db9d
2023-03-29 16:59:33,False,0.4754,0.001512,130.0,0.1966,0xf0...3e3c,https://bscscan.com/tx/0xc39e01081237bb12382287c2b100e768d85ae3a234c80dbf11f0d738d5c99ea4
2023-03-29 16:53:42,True,0.4776,0.00152,131.579,0.2,0x9c...0577,https://bscscan.com/tx/0xb8f697b2bef0dddee0887cec2e88e16aa1ec5b9f85b9af361fa4354785d32310
2023-03-29 16:51:54,False,0.4776,0.001512,70.0,0.1058,0xdc...e0c8,https://bscscan.com/tx/0x3df765ef501a4c6180438be7b07738fb701e93502790fe58d83aeac7ce9ea0f5
2023-03-29 16:51:33,False,0.4747,0.001511,189.0,0.2857,0xa0...9b0f,https://bscscan.com/tx/0x346f1951e8804242bbee0c643ab31f057e80c29a86ba4304432b482410ab89c5
2023-03-29 16:47:33,True,0.4786,0.00152,28.5718,0.0434,0x90...7588,https://bscscan.com/tx/0xe510e959e1811cd96ff1a1cbb361d3ed401e41ba754043f99482216fed827e41
2023-03-29 16:43:27,False,0.4787,0.001512,98.1806,0.1484,0xcf...cea8,https://bscscan.com/tx/0x9f6cb2201d25c150d809f4507faf8cc829463e6c3fe916da0752be1599572820
2023-03-29 16:42:24,True,0.4813,0.00152,102.898,0.1564,0xae...cc52,https://bscscan.com/tx/0xffc361bc9e55ef5ae817e36fe1b89282c26047819848e7fa9d211527b05a5305
2023-03-29 16:42:24,False,0.4787,0.001512,936.766,1.41685,0x11...a5bc,https://bscscan.com/tx/0xdc7b4adb4c56dff02ab77f4ed9989cacc257f48c99d92d2be9c8b63640952860
2023-03-29 16:41:33,False,0.4763,0.001512,496.092,0.7503,0xfe...1827,https://bscscan.com/tx/0x74dcec5a78f92c7d73d52cfb95a94d6adbefcbf5586542e119ec6b745a746268
2023-03-29 16:41:12,False,0.4788,0.001512,3943.07,5.96525,0x11...a5bc,https://bscscan.com/tx/0xee2876c4b70919d7537ed5282f4a429f43bcad7ea023aca5d62da2f29ebdae4f
2023-03-29 16:40:48,False,0.4792,0.001514,15984.9,24.2021,0x11...a5bc,https://bscscan.com/tx/0x22bf79361ab8909993342d056c3295e6e03c01cf3cb8aafeb89858e7cd669c00
2023-03-29 16:40:45,False,0.4795,0.001515,5.0,0.0075,0xcf...cea8,https://bscscan.com/tx/0xd5130ad26ca86ffa476b5268b2748286cd54edaf25d09e27328536e0735ba496
2023-03-29 16:35:27,False,0.4801,0.001515,263.056,0.3985,0x4d...69df,https://bscscan.com/tx/0x35c4edfc73a2a5828549277a32947be9e1ce52baa3484aa4cad95e08096fa7da
2023-03-29 16:30:15,False,0.4773,0.001515,5.0,0.0075,0xe2...bc07,https://bscscan.com/tx/0xc41e0005508ca278ca4a46f5cbe9e118db77d34f511cc6ab5ec66eda877aa293
2023-03-29 16:29:27,False,0.4797,0.001515,30.0,0.0454,0x02...2d77,https://bscscan.com/tx/0x9350b58a9e91a17548a51f77f0fe01808fc5a44c44c053561346d81a0906c562
2023-03-29 16:28:24,True,0.4805,0.001522,4154.34,6.3246,0x16...4027,https://bscscan.com/tx/0x2cd32afdb1f352a2d7e3a3865e94e9466cc46b5979a731a0bd89e794a764c257
2023-03-29 16:24:30,True,0.4829,0.001522,639.4,0.9732,0x00...78d2,https://bscscan.com/tx/0x1337fc6526c647aabac148c4c166b278480f4dc427e66e535e9c2d6cbe455cf3
2023-03-29 16:22:42,False,0.4807,0.001514,150.0,0.2271,0x17...84e5,https://bscscan.com/tx/0x70cdac64bcd2f137261f49cd51b35c178ffd034be8142dc2135a3dd33604bdfa
2023-03-29 16:21:42,False,0.4805,0.001514,20.0,0.0302,0xe2...bc07,https://bscscan.com/tx/0x631715e568e0a310cceda0807ae089073b8889b4d2c248c47d0bb20cfdfe7366
2023-03-29 16:21:39,False,0.4781,0.001514,141.0,0.2135,0xfb...7cb2,https://bscscan.com/tx/0xf36c3623d78c38b120f0f9375142d5a5fed6911f9e7c1213b575c5aaa958ddf2
2023-03-29 16:21:21,True,0.4808,0.001522,214.801,0.3271,0xde...367a,https://bscscan.com/tx/0x90d01809006ba520ac813559da6d12b0862b537d1a91719ea9cabe4c15cd5d1b
2023-03-29 16:20:42,True,0.4831,0.001522,2066.99,3.14588,0x35...8fce,https://bscscan.com/tx/0x8289b1b18ddd8e79a0540e3ffb8a85ef7f71203b8c97fb06cb330c144f391188
2023-03-29 16:20:39,True,0.4828,0.001521,269.795,0.4105,0x12...55e7,https://bscscan.com/tx/0x15641eea16155e12a338a049f708ac66020c515aa44b81285a136ac91796517b
2023-03-29 16:19:00,True,0.4827,0.001521,6180.58,9.40328,0xd8...bcda,https://bscscan.com/tx/0xb1e85bbfeb13ee6f0b0ceaf2d36ad47bbf464f1ec5da93a5123e90299dd3f3f1
2023-03-29 16:18:57,True,0.4825,0.00152,4135.85,6.28977,0x00...78d2,https://bscscan.com/tx/0xdc8853b494268b361237c5de4f3c9b828bc15e7956026e76161ffd0e43e81f95
2023-03-29 16:18:33,False,0.4799,0.001513,66.0,0.0998,0xe2...bc07,https://bscscan.com/tx/0x03c2e440a77fbae17e30652fc0f62108f0c8b1ce06a840805390adfd7e859f9b
2023-03-29 16:18:06,True,0.4796,0.00152,135.601,0.2061,0x41...c353,https://bscscan.com/tx/0x0e05eeca35e09ced6dc0bf793a5af1b8e63902b9192f27809572f6c79da4ee96
2023-03-29 16:17:15,True,0.482,0.00152,458.2,0.6967,0x00...78d2,https://bscscan.com/tx/0xb3c12c5451a44c422af85f6f7c310457859895fcca5dbb0c6a60027f20ebdad1
2023-03-29 16:16:00,True,0.4819,0.00152,538.1,0.8181,0x00...78d2,https://bscscan.com/tx/0x48b5f496b6d87d962b0fb2fd87d46e5e5280ae895f28808a283be47b3123393c
2023-03-29 16:14:00,True,0.4794,0.00152,359.6,0.5467,0x00...78d2,https://bscscan.com/tx/0x630317faf74bd072aa333f0b6cd21409332f6f29204cf97b0c722697dc747f3d
2023-03-29 16:13:57,True,0.4794,0.00152,966.665,1.46963,0xda...c952,https://bscscan.com/tx/0x3851199488dd504c2c3602117ad42f563617b4f41192ab831daa1485dd673dfe
2023-03-29 16:13:57,True,0.4793,0.00152,2658.0,4.04039,0x00...78d2,https://bscscan.com/tx/0xa8abbf8c12a8982306f0b5558f730db7ba2fe9d243b8e2f6cd19cd8480b8897e
2023-03-29 16:13:21,True,0.4795,0.00152,9.41998,0.0143,0xde...367a,https://bscscan.com/tx/0xbe856476a89ceef99ba6fe7db5c2d04b5cf4c45581f7a4ed86a425824c75b5da
2023-03-29 16:10:54,True,0.4816,0.001519,270.0,0.4103,0x15...ebab,https://bscscan.com/tx/0xa3b0b989919342809963c5b22b7a5346190d63544b80cbce776c5e9d3d2612a1
2023-03-29 16:10:12,False,0.4766,0.001511,98.7838,0.1493,0xf4...870f,https://bscscan.com/tx/0x2b6099c5dfeae6bb680ac88d85aef36a8efd190ad1d4d86ad8ed3138f87d7082
2023-03-29 16:06:30,True,0.4805,0.001519,71.3914,0.1085,0x2c...c9c5,https://bscscan.com/tx/0x8d75bd8d836fff6eb83c2a9c4bd0fe601b84ba84cea077fbe8de4cd9075d3118
2023-03-29 16:04:33,False,0.4806,0.001512,10.9045,0.0164,0x84...9434,https://bscscan.com/tx/0x0cb58332e9fcdc3df690fe8cd1cc167f12da04975c1362c203f39e84c46e33ec
2023-03-29 15:57:45,False,0.4805,0.001512,12.0,0.0181,0xda...7899,https://bscscan.com/tx/0xaf2e963e305d127e8e9b21a42a618748d81757fc072a39aca6ef1a06f8f0819c
2023-03-29 15:50:06,False,0.4772,0.001512,4.92308,0.0074,0x8c...7b54,https://bscscan.com/tx/0x2373077cf7f225b44834687bf079d021560c536a401169fa4c9b085c4b0eea14
2023-03-29 15:46:30,False,0.479,0.001512,56.6224,0.0856,0x1b...5c50,https://bscscan.com/tx/0xe646a5d8cdab6c9518df890d5836ea65a59b537586b06e4208f946ed568ef59f
2023-03-29 15:44:12,False,0.4788,0.001511,106.785,0.1614,0x8e...40cd,https://bscscan.com/tx/0xabf5c13be2b1d8e0642ad0dd5a7c867a1bb1f05b80ada9255526e3e3af359c4a
2023-03-29 15:42:27,False,0.4763,0.001511,20.0,0.0302,0x8e...40cd,https://bscscan.com/tx/0x55af279da23ffabd1c331e82ba262e512bbfaede5028ea91563f56173b5b50a3
2023-03-29 15:42:18,False,0.4789,0.001512,41.9334,0.0634,0x1b...5c50,https://bscscan.com/tx/0xe36e390d9be3d34294072de46056b0562a130dd14361b5b717ff775171ff3a41
2023-03-29 15:40:45,False,0.4789,0.001512,10.9541,0.0165,0xe6...d03f,https://bscscan.com/tx/0x0661d86117cf162b2e76824586790a7abc0fe41a13a65c5a565386f2610788e4
2023-03-29 15:39:54,True,0.4787,0.001519,2730.7,4.15,0xd4...65ec,https://bscscan.com/tx/0x6b3374b8f8c64dffb677c85298c8af7c8b1233b71187d6d4ba10f710d5ce5f91
2023-03-29 15:38:03,False,0.4787,0.001512,1743.01,2.63562,0x45...5b6e,https://bscscan.com/tx/0x327e0d7cce795a3cb5f87e1d9b403752b959f33d2a56f82a1812c594fb2490a0
2023-03-29 15:37:27,False,0.4788,0.001512,23.5842,0.0356,0xef...a440,https://bscscan.com/tx/0xd76e8d462999d4375ac9b84e5d8358ab7d978f39bf9c655f7389ecbaafb4c498
2023-03-29 15:33:54,False,0.4791,0.001512,6.75438,0.0102,0xef...a440,https://bscscan.com/tx/0x3bf18d4bf318d4eee06a49a6253c094f2cfbc1c586ed412a88eaa3b8f8bc14a4
2023-03-29 15:31:45,False,0.4791,0.001512,10.482,0.0158,0x43...6085,https://bscscan.com/tx/0x937353cc7cfdc56a16e067e14ea4902210ec95106b6993d442912c7e564df546
2023-03-29 15:27:42,True,0.4792,0.001519,835.3,1.26945,0x00...78d2,https://bscscan.com/tx/0x71d7a9e70c897688b12130759a40b5a361e2b3156f33aa1a7f1646e78b4c8cd0
2023-03-29 15:22:15,False,0.479,0.001512,5.86664,0.0088,0xfb...10aa,https://bscscan.com/tx/0x0a0c19ad4fde76046480aa06687d3bb88a806451213e8d0ace7d60033dc9b1d1
2023-03-29 15:21:15,False,0.479,0.001512,30.605,0.0462,0x34...8793,https://bscscan.com/tx/0x666603903a0bb5f2bd08b6fc9e48e6c7875ae88bdeeb5ce81ea8f9a91ea95f44
2023-03-29 15:18:12,False,0.4767,0.001511,8.05304,0.0121,0x9b...283c,https://bscscan.com/tx/0x0f551a2e7bbf49bd22334ab8f38562c2ff021cd9a00e02ec875f6c96d70df0c1
2023-03-29 15:12:44,False,0.4793,0.001512,120.0,0.1814,0x6b...f5cb,https://bscscan.com/tx/0x620f88d7f43569546729b84d63301087ee1b5297d861fb9913cd284da03dd34b
2023-03-29 15:10:22,False,0.4769,0.001512,209.689,0.317,0xcb...345f,https://bscscan.com/tx/0x9399c5c7a56735dc2e02feb7753d0be73fd03ecdb67c6c54e01944f2ddaf1063
2023-03-29 15:06:22,False,0.4768,0.001512,16.6262,0.0251,0xb9...9fd3,https://bscscan.com/tx/0x3ca0ed13cfc20061ac5a6787b522d8fce4a87e62dd935288b5d9a284e0e7b9dc
2023-03-29 15:05:04,False,0.4792,0.001512,11.8026,0.0178,0x50...3c0c,https://bscscan.com/tx/0x9c2daa0a4011ec5b86cf07e58a7a2f1dca826dcb7f28e882943b472005be8ff4
2023-03-29 15:04:37,False,0.4792,0.001512,18.4708,0.0279,0x12...1ebf,https://bscscan.com/tx/0x7249cc7442ff8ac7128624fd2a4a9018f6c346fa98836699c72ff46e56f530b6
2023-03-29 15:02:16,True,0.4792,0.001519,1974.15,3.0,0xb0...ff7c,https://bscscan.com/tx/0x46150f87d990605fe3fdd595ab653ed736127131f63df9e8e2a8facc03ea1360
2023-03-29 15:02:13,True,0.4791,0.001519,2632.69,4.0,0xb0...a41e,https://bscscan.com/tx/0x77dac6ac4371e27c349bc2f903b8ae18c5c0612a267fb8d6fe759403d00383c0
2023-03-29 15:02:07,False,0.4767,0.001511,183.242,0.2769,0x7f...3696,https://bscscan.com/tx/0xbce5957adc538b94459a670da78a2a2c449380a95968f74b9e4f6590ef745037
2023-03-29 15:02:04,True,0.479,0.001519,1856.07,2.81957,0x03...9fa1,https://bscscan.com/tx/0x75d92b20d7f40f2b71e1d1371dd7514198eb1b547599052e5751994af4b3427c
2023-03-29 15:02:04,True,0.4789,0.001518,8001.7,12.1506,0x83...6678,https://bscscan.com/tx/0x24ca3b2cbcb62f47f487bd8340d71b7142786e66ad888262bf8f93e8d8055523
2023-03-29 15:02:04,True,0.4787,0.001518,856.41,1.3,0xa9...664e,https://bscscan.com/tx/0x8e9e6fb5f7b71b06bb57f7cf618236caa14e71449546d6907e3ffd907a4cb7fe
2023-03-29 15:02:04,True,0.4785,0.001517,6243.62,9.4749,0xd8...bcda,https://bscscan.com/tx/0xfcf1aa30eed890454b4057e4cffe3ba3faf0745b3a2eba35fb01756e00a0f6a0
2023-03-29 15:02:04,True,0.4784,0.001517,1783.9,2.70625,0x3b...290a,https://bscscan.com/tx/0x89c06161de788fcc9b72fb60adc441486730e63158e361b4e6fc4cb2c9886a51
2023-03-29 15:02:01,True,0.4806,0.001516,6593.99,10.0,0xf2...bfcf,https://bscscan.com/tx/0x78b63880a2513feab2748cc783b2f3388cb54f16e9c971308f45abde82e44b80
2023-03-29 15:02:01,True,0.4804,0.001515,6597.48,10.0,0x03...9fa1,https://bscscan.com/tx/0x8deb07b7a960446fb4be99de9b9912682d51fbd076f9510cbf456f6063610f0a
2023-03-29 15:02:01,True,0.4799,0.001514,20864.8,31.5906,0x11...a5bc,https://bscscan.com/tx/0x5b3ca2762c7e50c55b5b3f7d692076f5d11c792dbd50c63edcc486e8b0bf62dc
2023-03-29 15:01:58,True,0.4794,0.001512,1226.6,1.85551,0x00...78d2,https://bscscan.com/tx/0x584182d4f7004d71c2485f6481db3ea81a27ba1bad2e7e3f069fc0ea92709e23
2023-03-29 15:01:55,True,0.4794,0.001512,529.9,0.8015,0x00...78d2,https://bscscan.com/tx/0x430afbf2ed93153f006efc33020d4defa128ad57e62ea0fb8e0c28e4bbf7f419
2023-03-29 15:01:52,True,0.4794,0.001512,452.6,0.6845,0x00...78d2,https://bscscan.com/tx/0x96fece327e0c2e1c47117c2e0b3946501df8931e4d9a9a4d9e01d9087f3c34b9
2023-03-29 15:01:49,True,0.4794,0.001512,326.6,0.4939,0x00...78d2,https://bscscan.com/tx/0x819583469983fb9e8b3de5594ca9a7695c324aa49a9ce89a6b3121b6ca70be1f
2023-03-29 15:01:40,True,0.4792,0.001512,6613.36,10.0,0x8d...1b76,https://bscscan.com/tx/0xa0f35ff0d63526209658973560286070274820941983cfcdc7a07fe57e1adac4
2023-03-29 15:01:31,True,0.4766,0.001511,2315.51,3.5,0x3f...573a,https://bscscan.com/tx/0x7c25e657a23cafcdcb78338beef76de46e22eab084847e3d64515082c350e4d4
2023-03-29 15:01:22,True,0.4765,0.001511,2315.93,3.5,0xf2...bfcf,https://bscscan.com/tx/0x92c4fccb672422e0762bd3505af90aade83b9b9fb874b593df99e34884dad8fc
2023-03-29 15:01:19,True,0.4788,0.00151,4161.67,6.28777,0x00...78d2,https://bscscan.com/tx/0xa1f8394b1f89eda62935ef23cb4c5ca0e5d58d5468faafd17239e1197a9cacc6
2023-03-29 15:01:16,True,0.4787,0.00151,2317.14,3.5,0x8d...1b76,https://bscscan.com/tx/0xbcddb3aa120dd050f3e96c1b39c9e4c1610cf27f7838d049b41126ef9a27c799
2023-03-29 15:01:16,True,0.4785,0.00151,4183.43,6.31737,0x00...78d2,https://bscscan.com/tx/0x726dfb1b924986efb3ec7dd80fbe14a4b4f1962ce2a5eafca20a87993e09983d
2023-03-29 14:56:07,True,0.4781,0.001509,20.8785,0.0315,0x0e...96cc,https://bscscan.com/tx/0x3c1be768e2ea55ffdb156af64427be7f89f73dd10b49f4be76926e762701eb83
2023-03-29 14:53:43,False,0.4757,0.001502,10.0,0.015,0xe1...d5fd,https://bscscan.com/tx/0x74ef36bb06492920dd7f3be2f12c86964eed33aa9cfc894399f41a6ba3dc260c
2023-03-29 14:52:49,True,0.4756,0.001509,2318.34,3.5,0x52...1c7e,https://bscscan.com/tx/0xd9a29b8824c232bbdc4c88099640ab0bb50e503c4f70e67d96da7a9c309fded1
2023-03-29 14:52:49,True,0.4755,0.001509,1535.07,2.31714,0x62...1f10,https://bscscan.com/tx/0xce9b1589730ea0d910e452ef9693c0a86cc3d4bb176b55f3b00da9675f33c0d2
2023-03-29 14:52:43,True,0.4778,0.001509,2319.06,3.5,0xda...6e1f,https://bscscan.com/tx/0x5838b562985b057ffb5634d4a7c9f7f547a926906c30c9321407da47ac3ff2e0
2023-03-29 14:52:43,True,0.4777,0.001509,2319.49,3.5,0x8b...88f6,https://bscscan.com/tx/0xdf6a7dfba1ec427df4181ed958a4ac533fa88de0d30a59afb8138979504c5bfe
2023-03-29 14:52:40,True,0.4777,0.001508,2478.4,3.73907,0x00...78d2,https://bscscan.com/tx/0xc1fb539f89ada22a77fe86e5d11a8c0c86fbaaa373038487e2fd92ef127bd2f9
2023-03-29 14:52:37,True,0.4776,0.001508,2320.38,3.5,0x62...1f10,https://bscscan.com/tx/0x72d36bf0342120b542d9948f4bea04c86dbe056cc4420bfb632f573c553b2657
2023-03-29 14:52:37,True,0.4775,0.001508,2320.81,3.5,0x52...1c7e,https://bscscan.com/tx/0x378ec5947d210c38bee222c1b42464e7932fa4799b9db7eb109a2d85847a520f
2023-03-29 14:52:19,True,0.4774,0.001507,2321.24,3.5,0x8b...88f6,https://bscscan.com/tx/0xc469b38c0eabdd595b8a205f3258888a7c235a89cfcd8d3f9b66046338fdcf1f
2023-03-29 14:52:13,True,0.4773,0.001507,2321.67,3.5,0xed...4f31,https://bscscan.com/tx/0xfb341831213831a36ebf1496aa4f8b4fca09622e2471e0c8a5cef776fa3e73e7
2023-03-29 14:52:07,False,0.4749,0.001499,64.7445,0.0971,0xcc...2a4c,https://bscscan.com/tx/0x03205bd63fa7b80e7d9d24f8a87ec4659cd42abe9f1617f4f10af0dae845a82b
2023-03-29 14:48:07,True,0.4775,0.001507,3317.41,5.0,0x62...1f10,https://bscscan.com/tx/0x1fe8626927090b3c160bb7971f95ffb7fa62955a91b9c99c4eda1f1e04eebbe0
2023-03-29 14:48:01,True,0.475,0.001506,3318.29,5.0,0x91...79fe,https://bscscan.com/tx/0x0a32f4f97503962715afbcc677ec38ad18b450dc392b75179bdfc4ca4152208d
2023-03-29 14:48:01,True,0.4749,0.001506,3319.17,5.0,0x8b...88f6,https://bscscan.com/tx/0x9271fc8e064a022786f61990fd3a2bbfce1cc0280a4932e556e203f33d58b962
2023-03-29 14:47:52,True,0.4747,0.001506,3320.05,5.0,0x91...79fe,https://bscscan.com/tx/0x3a52c9af881f671d88344d37fb7180c2b15621e29c605604c9ee3da082b3ff77
2023-03-29 14:47:52,True,0.4746,0.001505,3320.93,5.0,0xed...4f31,https://bscscan.com/tx/0xf64496f707c2d15e56838181e44e40008f2214a343f0239af9cfae1a6b9058ed
2023-03-29 14:47:40,True,0.4745,0.001505,3321.82,5.0,0xda...6e1f,https://bscscan.com/tx/0x3f4d04d4b632032138067a7a6de28748ad1741350b6a23500f2a30090ddb9f55
2023-03-29 14:47:40,True,0.4744,0.001504,3322.7,5.0,0x8b...88f6,https://bscscan.com/tx/0xccc2e17391089559b5dbde16712a0dfbfe60fbd62c1c393782576bd2d306d1b4
2023-03-29 14:47:40,True,0.4743,0.001504,937.837,1.41102,0x0c...8533,https://bscscan.com/tx/0xa43f9228f6d03fa209753ec792d2a61d1c20655431405a1c6f6fc5eca7de9058
2023-03-29 14:47:13,True,0.4742,0.001504,2326.59,3.5,0xed...4f31,https://bscscan.com/tx/0xe8d5582210c8e6f46e458c3058dffbbca0539150ee3da41f3469b4de56a6ccc0
2023-03-29 14:45:28,False,0.4742,0.001496,14.508,0.0217,0xe1...d5fd,https://bscscan.com/tx/0x8a789f9eefa1f241295e16141476b8ce80d3b56e1323295a5a8909db561610cb
2023-03-29 14:41:46,False,0.4728,0.001497,6196.5,9.27659,0xd8...bcda,https://bscscan.com/tx/0xb2f641a373f56422a240deb2ca2fb4ce329a992b461bf55c946f53847a845fca
2023-03-29 14:33:07,False,0.4728,0.001496,300.0,0.449,0x2b...0c3c,https://bscscan.com/tx/0x13d307d89749d71ae4b6a505a57290378b9590be4e5f9d8a3a6fc4ac442523f0
2023-03-29 14:28:10,True,0.4779,0.001505,148.961,0.2241,0x6f...c9af,https://bscscan.com/tx/0xaa0c6e5cf743a85e0d3df9c42a4aef6f7ac55f934c91e2cd401993fe976eb143
2023-03-29 14:27:31,True,0.4778,0.001505,200.093,0.3011,0x48...8f66,https://bscscan.com/tx/0xed5ee964c4fd75164151d4431a416e81c53e9213aa39413a672a0f9ed8ab871b
2023-03-29 14:27:16,False,0.4728,0.001497,172.097,0.2577,0xa9...ad8b,https://bscscan.com/tx/0x40a6637fae0d23c217e62016fd1af67c1ee27d0d8fb1799946a52a49c02f48df
2023-03-29 14:26:58,True,0.4754,0.001505,59.9149,0.0901,0x13...5d16,https://bscscan.com/tx/0xfeef6f34933240c592f651035a048eaadd0013626b7734615cc986613723633c
2023-03-29 14:26:13,True,0.4777,0.001505,104.907,0.1578,0xbc...b6f6,https://bscscan.com/tx/0x91d6f0df769d0555d4395f45ad42ee02dc2bd64004e552f371c51b0af90d832d
2023-03-29 14:25:33,True,0.4776,0.001504,74.6781,0.1123,0xac...6e38,https://bscscan.com/tx/0x8b5475b0be458e996d252c920ac5089b25e94d3dd04e36787c747fdfb9ab435b
2023-03-29 14:25:27,False,0.4729,0.001497,1395.32,2.08951,0xda...6e1f,https://bscscan.com/tx/0x5a31c523a8f2f9f06b07b604db7e43b79f87a5ae3803ab1ad8c76838ba78bac7
2023-03-29 14:25:18,False,0.4729,0.001497,1855.87,2.77954,0x62...1f10,https://bscscan.com/tx/0x7918e48dbb18ce774aa329a36575f149112a84b0ebfae82f2e769e49c9b2c343
2023-03-29 14:24:47,True,0.4777,0.001505,104.463,0.1572,0x7f...5c9f,https://bscscan.com/tx/0xeed4e6d6c80f6ec97ebf82ada513023ccba5c853b2ad2161a7b8cf8bcfe768fe
2023-03-29 14:24:05,False,0.473,0.001498,3439.56,5.15248,0xed...4f31,https://bscscan.com/tx/0x448d4704e9f856fb89843863aa36a98a2acc90b7e4b71b2893552cfeb0333422
2023-03-29 14:24:05,False,0.4731,0.001498,4077.89,6.11054,0x91...79fe,https://bscscan.com/tx/0x7ec247c2cf97004bdd1cd82400ee763b29d359a908ba0fcfcbfb6fbe8113f84b
2023-03-29 14:23:13,False,0.4757,0.001498,1351.86,2.02615,0x3f...573a,https://bscscan.com/tx/0x4915b105fb0e00ae09e201eb80e63e327ce10764a4c9e3eb87179fbb0f663535
2023-03-29 14:23:13,False,0.4761,0.0015,20068.2,30.1036,0xed...4f31,https://bscscan.com/tx/0x6947a918386ec59c9584590bf1f092ce47931c420346a8cae9a68a60a058d7f9
2023-03-29 14:22:04,False,0.4769,0.001502,16823.5,25.2735,0x11...a5bc,https://bscscan.com/tx/0xe126116b0ba6c386783a94a7033a9efcdba6bee83b74e0be50d92a74a1715c8d
2023-03-29 14:20:39,True,0.4775,0.00151,2316.83,3.5,0x03...9fa1,https://bscscan.com/tx/0x881768696880cfa87ea850c737717750f2540c3da0e405be4c42c7dd61909b87
2023-03-29 14:20:39,True,0.4773,0.00151,8001.7,12.0831,0x83...6678,https://bscscan.com/tx/0xdb2c9a18e0f41ebc58fe182185752ac2894c8bd096f2b1c678f6c50b13fcb6d7
2023-03-29 14:20:39,True,0.4771,0.001509,3975.25,6.0,0xb0...ff7c,https://bscscan.com/tx/0x666a21bf9e773071bc1f9a99095aa9fe801ba642f99f01e2c13b00c68fe0b140
2023-03-29 14:20:36,True,0.4769,0.001508,4183.8,6.31271,0xef...51dd,https://bscscan.com/tx/0xc223d67093cdb24a0cc608e332e97e599c3be2ffc7d4aea87a6e16c4de5fe28d
2023-03-29 14:20:36,True,0.4768,0.001508,2320.26,3.5,0x91...79fe,https://bscscan.com/tx/0x0a65f0dbfa4a1ec918352ef38cd0ffdd8e9d0ec3c28dd3f9ab1bfe14de5c7c0b
2023-03-29 14:20:36,True,0.4766,0.001508,5790.38,8.73168,0xd8...bcda,https://bscscan.com/tx/0x8ce4aa5e455ee30b7a80d7506d0bdffc7baae19c12208d6bcbaf94fcfcabc5a2
2023-03-29 14:20:36,True,0.4765,0.001507,2321.77,3.5,0x3f...573a,https://bscscan.com/tx/0x46f4cf7428f1467a648e9738bf4fb99390fda5050dc26c75586b3946017d8493
2023-03-29 14:20:36,True,0.4764,0.001507,2322.2,3.5,0x03...9fa1,https://bscscan.com/tx/0x55c1db0835d807d50e42d2fa57fea51cf8a6ec8c0d27ca8fe4afa8b7908fa099
2023-03-29 14:20:36,True,0.476,0.001506,16823.5,25.3368,0x11...a5bc,https://bscscan.com/tx/0xb26de3038c532dd599dc3ed6ee9b3415dd564734d1f0aaf9d230cd34694c8c4f
2023-03-29 14:20:36,True,0.4759,0.001505,3933.81,5.92254,0x10...0000,https://bscscan.com/tx/0x6db7b768d927a2c7a913a3a0a5e3576fbad6d149fa6ae574e9e39e7dafdd2697
2023-03-29 14:20:36,True,0.4755,0.001504,1801.1,2.70966,0x3b...290a,https://bscscan.com/tx/0xaea56c1d86e4433cbbfcd700748ac52a8a5c58c8a0806ee170c4d78deb128d05
2023-03-29 14:20:36,True,0.4753,0.001503,9309.88,14.0,0xb0...a41e,https://bscscan.com/tx/0x79ae6604fe7b64f297998f96d6854aaa9b3c132216e06dbfdd3d7228aab17fc0
2023-03-29 14:18:54,False,0.4756,0.001495,60.0,0.0897,0xa9...ad8b,https://bscscan.com/tx/0x790216d353399a9087c2044f931f8db06f46024f4123cde22b9820fbf31343a4
2023-03-29 14:06:47,False,0.4762,0.001495,8.6493,0.0129,0xa9...2c25,https://bscscan.com/tx/0xed6aa4e6529b40aad3898e5b529e0c17edd2a1e207e461eddc783bd77391ed73
2023-03-29 14:02:37,True,0.4763,0.001503,3195.9,4.80355,0x00...78d2,https://bscscan.com/tx/0xe27d14485b9c4e88d30ec35f518eecb95578758c09756c044e3a581b78d14ab0
2023-03-29 14:01:42,False,0.4762,0.001495,15.5,0.0231,0x2f...fec4,https://bscscan.com/tx/0x894713d456a28c2c616debba3063651f99530d58902bdb9a79d476e6a62bbc16
2023-03-29 14:00:14,True,0.4786,0.001502,1074.8,1.61519,0x05...7eea,https://bscscan.com/tx/0x6c6a24d9dbcd3032997959072a6fe564ee9e9710977f3e1574b227fff4b2eff6
2023-03-29 13:59:56,False,0.4762,0.001495,92.4117,0.1381,0xfc...4334,https://bscscan.com/tx/0x56ec0621dca4ca2cce53c65d12e25d77107c282d5e4f934a64ac1665e2723cb0
2023-03-29 13:56:50,True,0.4785,0.001502,506.8,0.7615,0x00...78d2,https://bscscan.com/tx/0x7bf11d56fc7e71daa0ca609f4f7fb9fe2ae229f12c69f13e8fa8884e8001cf7f
2023-03-29 13:56:47,True,0.4785,0.001502,543.3,0.8163,0x00...78d2,https://bscscan.com/tx/0x864a366b8d336fe2b6e880053440a15d2632f49e12aed7431395c1a3602fe8a0
2023-03-29 13:56:38,True,0.4785,0.001502,45.0,0.0676,0xdb...3059,https://bscscan.com/tx/0x4aeffa44347fbcfdef49e57aec97705a1c3efbf45ee0199b67f4d633a841f5f0
2023-03-29 13:56:38,True,0.4785,0.001502,455.0,0.6836,0x00...78d2,https://bscscan.com/tx/0xed7b97a2d8f12cf170ceab83cf501715d05e4492947d176423be891c0f79c00a
2023-03-29 13:56:14,False,0.4761,0.001495,56.7,0.0847,0xa1...55c3,https://bscscan.com/tx/0x833f56da523e98841ebf130de1fb964d891047e406d75f309e02c9fbec09b26e
2023-03-29 13:55:56,True,0.4785,0.001502,2329.59,3.5,0x8b...88f6,https://bscscan.com/tx/0xf339d8215b64471692d50f3e66d5a02cb7efe2be393e236ee2323f3c86304f08
2023-03-29 13:55:47,True,0.476,0.001502,2330.03,3.5,0xed...4f31,https://bscscan.com/tx/0xffe8fe293eb5c105ef16a3c1126b420956b2cefd87482335a3488671d749fe99
2023-03-29 13:55:38,True,0.4783,0.001501,2330.46,3.5,0x8b...88f6,https://bscscan.com/tx/0x2013a3d389ba87ea00db800949790dbae3a8e9d3c9aaf34c297d75561aa1bb2c
2023-03-29 13:55:38,True,0.4783,0.001501,738.8,1.10943,0x00...78d2,https://bscscan.com/tx/0xe6c9c7c0cea2f4d39e08b3a8a3fe2343b676a3db0172f988c2434102cb0c9c76
2023-03-29 13:53:35,True,0.4783,0.001501,2331.03,3.5,0x8b...88f6,https://bscscan.com/tx/0x723ccaf8c315c2214b6bde57e00a706480f3689f747bb3243bc50eaf87c5f02f
2023-03-29 13:53:14,True,0.4783,0.001501,15.0,0.0225,0x6e...3797,https://bscscan.com/tx/0x4cf69e019a604e7c11674cc1bd38a586db30cebff99afa76b138af203b13ebbf
2023-03-29 13:48:59,False,0.4756,0.001493,7.07905,0.0105,0x9b...f3fd,https://bscscan.com/tx/0x777feb749ea93f5f9d7c8be3ecd1dadc1d70e7042d693fc00a0f22fdf87f5519
2023-03-29 13:48:08,False,0.4759,0.001493,1689.25,2.52365,0x77...b1a8,https://bscscan.com/tx/0x29e515898968e6b3a5510e2fc7e1c810518460677c60300be6d48caf241d52c8
2023-03-29 13:47:02,True,0.476,0.001501,558.6,0.8387,0x00...78d2,https://bscscan.com/tx/0xcaab08dd2c545e7525b535e03ae1647910f843014516a8e7308f749a42f2b524
2023-03-29 13:44:35,True,0.4782,0.001501,2331.26,3.5,0x8b...88f6,https://bscscan.com/tx/0xf5fda1b3e61f8c8d23f6e8b2d9d38e1957417770abc6f9491721a6f5a58d69c9
2023-03-29 13:44:35,True,0.4781,0.001501,2262.16,3.39565,0xda...c952,https://bscscan.com/tx/0x6123dba1c3bf70d3dda40af9336ab04601799dce476ecd7ebe2d3b0fbdb37775
2023-03-29 13:44:35,True,0.4781,0.0015,872.6,1.30966,0x00...78d2,https://bscscan.com/tx/0xfd494fb1d824e2f9c873c5a0f48c0b6f728ee52c42a30b2ef290caaee2550e06
2023-03-29 13:41:08,False,0.4755,0.001493,6.0,0.0089,0xec...def9,https://bscscan.com/tx/0xb2c3ec8fded690598723071d124b1e41ce147340dd074e867880c3f5c028daba
2023-03-29 13:40:56,True,0.4779,0.0015,1181.0,1.77239,0x00...78d2,https://bscscan.com/tx/0xc57aaec6cb21f760c20807314dc5cc2f4717b74a9a0ad0536756c35a05059f81
2023-03-29 13:40:44,False,0.4755,0.001493,3.72,0.0055,0xec...def9,https://bscscan.com/tx/0x93325e790132edd371d3a7180419acade761ec49c1e43c04dd0fd061bebc5a41
2023-03-29 13:40:26,True,0.4778,0.0015,34.3769,0.0515,0x57...a83e,https://bscscan.com/tx/0x1acece191303c600c6390cc1a52193e750bef5ff9c03f4133f6fbe4f1d15f384
2023-03-29 13:40:23,True,0.4778,0.0015,2332.5,3.5,0x8b...88f6,https://bscscan.com/tx/0x0555b67599367c5c75ff6be11c94a600759d7b64d03d38610280cdff7434792a
2023-03-29 13:40:23,True,0.4777,0.0015,2332.93,3.5,0xda...c952,https://bscscan.com/tx/0x327f89caa5b55980cff02032372eaa8be09dfc140103e8d5650046eaded21c17
2023-03-29 13:40:23,True,0.4776,0.0015,1497.7,2.24659,0x00...78d2,https://bscscan.com/tx/0xb8654a31a8aea2a09f88471589eb621715dd1776436bb6341f855f458ad3cb10
2023-03-29 13:32:26,True,0.4773,0.001499,3333.91,5.0,0x91...79fe,https://bscscan.com/tx/0xdbee24ebfb487d287c97c0e2f3ee3fec5146f375264ed8d8841a74d4fd2d64c7
2023-03-29 13:32:26,True,0.4772,0.001499,2334.27,3.5,0x8d...1b76,https://bscscan.com/tx/0x695b0026d08bdcf4d8b77ddad06a4fc93d00a098f66d75664d1bb464a2d3196b
2023-03-29 13:32:26,True,0.477,0.001498,6201.88,9.29593,0xd8...bcda,https://bscscan.com/tx/0x775f41b5f6c90764744f32c1a1066b79e5e1c60c47c07fc4c7feb01a5fdc5d2f
2023-03-29 13:32:26,True,0.4768,0.001498,4187.58,6.27411,0x00...78d2,https://bscscan.com/tx/0xcdde7441254346313c556d28c15ecfe898b4edb0947740fafbe02dff5f03c171
2023-03-29 13:32:26,True,0.4767,0.001497,2336.64,3.5,0x0c...8533,https://bscscan.com/tx/0xe9c8887e24b7b3407bce1d194d39ebd9e7006a5219d2819ebdbd4f71aae8c0d1
2023-03-29 13:32:26,True,0.4766,0.001497,2337.07,3.5,0x62...1f10,https://bscscan.com/tx/0xa8faafba522040b26f10ba905fb3aa1a5d4c4498d8dd800e9d541bf8087e6892
2023-03-29 13:13:53,False,0.4739,0.00149,301.445,0.4491,0x13...1236,https://bscscan.com/tx/0x327711bcc10cea8e8c2de6536b5b790a7dbb14e17cf69d293f4ceddcb6f10a33
2023-03-29 13:09:26,False,0.4739,0.00149,1138.94,1.69712,0xec...c760,https://bscscan.com/tx/0x9391fb78b261c4b9eaa8bc176eca40dcf9ba67b67af6ddec05915fb660362075
2023-03-29 13:09:08,False,0.4716,0.00149,50.5775,0.0753,0xb4...6d63,https://bscscan.com/tx/0xc75ca1685db31c118046e4b8ffd4cf8a52ed40ca3e8d9d36f98e9e360524eeb4
2023-03-29 13:08:44,False,0.474,0.00149,14.8575,0.0221,0x52...8d7e,https://bscscan.com/tx/0x74acb65837322519871648d6566c5eebd22a0b3cfe4c1fd5645fca674c4aaebb
2023-03-29 13:01:16,False,0.4745,0.001489,6.56772,0.0097,0x09...7761,https://bscscan.com/tx/0xfa6d55afaed941c2ff2a6b03470151c625c4ac04597fc3fda0c84732839ede58
2023-03-29 13:01:07,False,0.4748,0.00149,31.7584,0.0473,0x42...21fd,https://bscscan.com/tx/0x921e9f8271ef301833bb5aeae9e760a1c7166c87cdcde048755175187271472c
2023-03-29 12:51:48,True,0.4769,0.001497,1918.4,2.87286,0x00...78d2,https://bscscan.com/tx/0x128ab03f4582ebb33a1ef0a2c913b1d5c56773e840b27b7f01eff14b689e9f30
2023-03-29 12:49:51,True,0.4767,0.001497,790.785,1.1841,0x35...aca7,https://bscscan.com/tx/0x199f48678bd4e8c24af7da578f7cb193de7f59a595619bd082592658478ba0ff
2023-03-29 12:46:21,False,0.4743,0.001489,390.808,0.5822,0x23...1546,https://bscscan.com/tx/0x4adf630dbd77547a928476d86b09a11b7d72b43df2147f62b82567616e1b9634
2023-03-29 12:40:03,True,0.4766,0.001497,1052.2,1.57546,0x00...78d2,https://bscscan.com/tx/0xb111d7baf90af594887e14866d8d63ebc5c2905c26f38e44de764dce5646c9e4
2023-03-29 12:37:06,True,0.4745,0.001497,1422.5,2.12971,0x00...78d2,https://bscscan.com/tx/0x732ea9942f3213f0a9227cb23158f530f3f6c9c632f712d7a5573ed54a9ca2d4
2023-03-29 12:37:03,True,0.4744,0.001497,1950.4,2.91966,0x00...78d2,https://bscscan.com/tx/0x85964ac51d59629c6b4435b92d2846246b5f301bb750d717b9bbf1f5ffe337f8
2023-03-29 12:36:45,True,0.4743,0.001496,590.2,0.8834,0x2c...015a,https://bscscan.com/tx/0xdbca10af1d3515ff82c12a057cfa1fea306aa31858bcca44afed96469fb47e9e
2023-03-29 12:36:06,False,0.4719,0.001489,20.0,0.0297,0xe5...8073,https://bscscan.com/tx/0x5deeb355052a70c77fb19cb88628678f93ccf262414df260d13d6ce4480b797e
2023-03-29 12:35:54,True,0.4766,0.001496,327.8,0.4906,0xaf...847e,https://bscscan.com/tx/0xc799c62bed705600afd9565c765a43f8f16455edd3e105b876b71e1fbc52ace9
2023-03-29 12:35:51,True,0.4766,0.001496,2338.65,3.5,0xda...6e1f,https://bscscan.com/tx/0x34b964d3a43c880147a80f703b5ff62a0c0420643e9fbef6c7b76cda70cf89f1
2023-03-29 12:35:51,True,0.4765,0.001496,2339.08,3.5,0xda...c952,https://bscscan.com/tx/0xdc89eebda5ab919d2bd11bf443cfbf3319bfcac19fa5877d9b1935f0c01546a9
2023-03-29 12:35:51,True,0.4764,0.001496,2339.52,3.5,0x3f...573a,https://bscscan.com/tx/0x00cf593c52ca2962b6984dc7f74fa8c28fcf59c0d5831799e8f543e721158aca
2023-03-29 12:35:51,True,0.4763,0.001495,2339.95,3.5,0x8b...88f6,https://bscscan.com/tx/0xb313da8950078da2df14bb5d3df3caf90f01258f9867ed5f65383df6a9e4943f
2023-03-29 12:35:51,True,0.4762,0.001495,4187.82,6.26233,0x00...78d2,https://bscscan.com/tx/0xaa5a91bf15f469cd83339b011b847d07f21659576da953467784fef50d1c5616
2023-03-29 12:33:00,False,0.4711,0.001486,10.0,0.0148,0x09...f3c6,https://bscscan.com/tx/0x6175f27919c087795c700e1eb45bc55468960c25085d2ae0bb03bbcd50134306
2023-03-29 12:30:39,False,0.4738,0.001487,452.311,0.6728,0xe5...6f0c,https://bscscan.com/tx/0x6d54d67a45cfa07788211393799340b9f6ceb746b5073b0fd9ad4db749f126f6
2023-03-29 12:26:38,False,0.4716,0.001487,13.3974,0.0199,0x94...1020,https://bscscan.com/tx/0x8297f606bdedf98b892ce4c66fb0b4b3b8b204d46e0d69a625dfaeeabf272e2f
2023-03-29 12:26:14,False,0.4714,0.001487,5.0,0.0074,0x5e...1cfc,https://bscscan.com/tx/0x9e4767852965c2fc74db33ebb260ced718189200364686c67bfc5c1a00c94e79
2023-03-29 12:23:29,False,0.474,0.001487,5.48951,0.0081,0xe3...d785,https://bscscan.com/tx/0x8a1680076a25bad853edcadead751ce76131a70e9de6913740e22a0cbf6a42b1
2023-03-29 12:20:14,False,0.4716,0.001487,11.6961,0.0174,0xe1...2cc9,https://bscscan.com/tx/0x23ea0e7f87a9e1aa5e527ca3a814114ac4a34a5a42588203a0b1c940b3025f68
2023-03-29 12:10:26,False,0.4739,0.001487,7.81042,0.0116,0xae...7ec5,https://bscscan.com/tx/0x1c7a76191e9baad0f2d893934a7b79f9318989ea774100dd817557241eecf341
2023-03-29 12:07:23,False,0.4741,0.001487,896.069,1.33314,0xb6...4073,https://bscscan.com/tx/0xc5ea96c546853e86d355ae6a9eaba09e4e3ff410c53a33837c5b9d9a51590f2b
2023-03-29 11:52:56,False,0.4727,0.001487,120.777,0.1796,0xa3...06d4,https://bscscan.com/tx/0x99d65dde8a48ad98a400dbdff80e42286b7056034c5be710cf4d5aa0b040de38
2023-03-29 11:50:36,False,0.4729,0.001487,5.07663,0.0075,0x11...0e25,https://bscscan.com/tx/0xdddc8214281af897c35a153635ef1141bb207fdbd12023e0781c448fd9175ad9
2023-03-29 11:47:39,True,0.4776,0.001495,171.983,0.2571,0x1f...e079,https://bscscan.com/tx/0x7232be5ba06d4843c241b392b25ea6b9d06ff41791ebf975856089867ea07f1f
2023-03-29 11:43:15,False,0.4729,0.001487,224.317,0.3337,0xc4...de76,https://bscscan.com/tx/0xfa7efb8544c5cfe5ccf1b2b72d2bf39d588566e04b85163eb82bc60c299ee0b8
2023-03-29 11:42:36,False,0.4751,0.001487,8.0,0.0119,0x5a...1d9b,https://bscscan.com/tx/0xf56aa72c20069d351d9783c30e7e9384b1e10488e7039718dbdc8e27ecf2f14f
2023-03-29 11:38:51,False,0.475,0.001487,6.0,0.0089,0x94...34d1,https://bscscan.com/tx/0x48bd421c42ec7ceb819e88679fbe6231786cfe8af669f3fd7133b81c539c66c3
2023-03-29 11:34:57,False,0.4727,0.001487,5.33,0.0079,0x94...34d1,https://bscscan.com/tx/0xb51148911fac46b18e7ae8d17bca36d8dbffcfefa5ee9b6baa9f018caa4d3b58
2023-03-29 11:32:02,True,0.4774,0.001495,1.0,0.0015,0xee...8089,https://bscscan.com/tx/0x5f820c6591b01e672ed6be5a631f1f060fb33e5281386ae53432b37924cdd549
2023-03-29 11:22:40,True,0.4772,0.001495,775.4,1.15943,0x3a...231f,https://bscscan.com/tx/0x8aafcdf71e0a0201d7446cceeccffe44f9d2052125f103478d7ae301e74ac03a
2023-03-29 11:22:37,True,0.4771,0.001495,2467.45,3.68901,0xc3...157a,https://bscscan.com/tx/0x96bdd0f397a44d6220d4bdac3cb8afc47da706858640948e543f491caf88e04e
2023-03-29 11:22:37,True,0.4771,0.001494,2268.1,3.39032,0x00...78d2,https://bscscan.com/tx/0xe4754863d5fc2cf0cc4b3b83d942faa1fe37ba87b3321a466955e8e272ced2ad
2023-03-29 11:17:36,True,0.4747,0.001494,68.7686,0.1027,0xc2...0000,https://bscscan.com/tx/0xdeebf7e88715f23ee140a57c756479ab37acbd6643316cb3002a615c0c0f457f
2023-03-29 11:06:36,False,0.4746,0.001487,147.972,0.22,0xf0...b655,https://bscscan.com/tx/0xee86ad9d7de2eed549a95951b5c909373b28ef9df52ebceb5fcb0bbcc16ea8a2
2023-03-29 11:02:09,False,0.4726,0.001487,39.692,0.059,0x98...b446,https://bscscan.com/tx/0x1ff8bc48bd58ef2c3f90da743a405b31974d96b58f1323218319bfcec319ab10
2023-03-29 11:02:09,True,0.4749,0.001494,4189.14,6.26031,0x00...78d2,https://bscscan.com/tx/0xd2d9a5f9bd9d0d88e9f1dd923bb66dccda2a95e266a0379355a715411bb01ef7
2023-03-29 11:01:06,False,0.475,0.001486,49.6528,0.0738,0x20...9850,https://bscscan.com/tx/0xea56903296e706f8b063c96cf545125dcd31d3275f2d302b730ccacd2e25fce3
2023-03-29 10:56:21,False,0.4749,0.001486,22.9799,0.0341,0xef...a440,https://bscscan.com/tx/0x60d6f853d538a18e25f76c6fb03fddc1a307835968a8ce1400c73748af4b3833
2023-03-29 10:51:12,True,0.4753,0.001494,17.0,0.0254,0x3b...305f,https://bscscan.com/tx/0xd4fd4e1af400414023177c4b34e329481344390e3c01a9df9586ff03dedf04c8
2023-03-29 10:40:41,False,0.473,0.001486,1847.91,2.74751,0xaa...6ddd,https://bscscan.com/tx/0xa4e681c934bbad0d6728d4004cf180abf21cc4be6ce3289004ca9f158c1ade4c
2023-03-29 10:37:38,True,0.4777,0.001494,1195.22,1.78605,0xc3...157a,https://bscscan.com/tx/0xd8e236861906b2b66fe5509891406276e8966bb8f764cd1b56b14a2083b7ad90
2023-03-29 10:37:38,True,0.4777,0.001494,792.092,1.18355,0xd3...ec6f,https://bscscan.com/tx/0x2db967694a64ec56968bf3c2465b8917b5981381e5849f286d73f35feb6a49de
2023-03-29 10:37:35,True,0.4777,0.001494,465.074,0.6948,0xd3...ec6f,https://bscscan.com/tx/0x2e1051b5758629a56f9500d9e172517158ebdc9455fe1c857c568e6880064ab1
2023-03-29 10:37:35,True,0.4776,0.001494,1739.2,2.59836,0x9d...6dab,https://bscscan.com/tx/0x95b393e818187570bb228c309751b9d4cf894ca8ded8a5b145d73b13ea54fa52
2023-03-29 10:37:20,True,0.4752,0.001493,2804.69,4.18944,0xd3...ec6f,https://bscscan.com/tx/0x3984dbc8073049160381fed65d070dab39e253d19c7e69dbd9a84e62a3e2f399
2023-03-29 10:36:53,False,0.4725,0.001486,278.604,0.414,0x32...42a3,https://bscscan.com/tx/0x767ea2b30536b5ded6ae7847af3f0353d7eebad26df2e2672d6d543d87e0da47
2023-03-29 10:36:20,True,0.4778,0.001494,278.604,0.4163,0x32...42a3,https://bscscan.com/tx/0x14a818037896b0de8de68419879c0722cb0f93265747990cc5a3a98fb5d0de5b
2023-03-29 10:35:35,False,0.4726,0.001486,185.674,0.2759,0xba...ed05,https://bscscan.com/tx/0x75110e0d6cfba3052bb8e60cbe80d41d5b1f790ad21404874835f6feac53c23f
2023-03-29 10:35:29,True,0.4773,0.001493,1199.0,1.79072,0xd3...ec6f,https://bscscan.com/tx/0xccffd30e2e088071e6cde92a0678feb4893968a8af4c7c1f3aa06f4613d0c76f
2023-03-29 10:32:02,True,0.4745,0.001493,789.611,1.1792,0xd3...ec6f,https://bscscan.com/tx/0xe6b297a7f4dba148eecc56aaae3b433e8ae3ce14740873e1551537eead0e629c
2023-03-29 10:31:56,True,0.4743,0.001492,6698.16,10.0,0xda...6e1f,https://bscscan.com/tx/0xbb32c5181ed3d4921737c80c9aff93d3ebf646bb34d1309b1df4ba74466ae777
2023-03-29 10:31:56,True,0.4741,0.001492,6701.74,10.0,0x62...1f10,https://bscscan.com/tx/0x5edcb26947d0bc0055fe6a93eb2a4d73c6d501f1be733558ea72f5ef453a089b
2023-03-29 10:31:56,True,0.4738,0.001491,6705.32,10.0,0xda...c952,https://bscscan.com/tx/0x662463ceefd3801ab2977a9103f0a81fe04cdc7d1366198a1680af290479fd12
2023-03-29 10:24:13,False,0.4707,0.001483,233.755,0.3467,0x03...534c,https://bscscan.com/tx/0x57cb9ae43bccfac7e0f1d9242742768adfcc6f6e53005f7132319b6d0270656b
2023-03-29 10:22:55,True,0.4746,0.00149,9555.11,14.2411,0xda...5a45,https://bscscan.com/tx/0x091000bd3aca465f509aeacdb6febe8c7be6a68279834ab42d7bc31341578e59
2023-03-29 10:20:55,False,0.4722,0.001482,5804.58,8.60675,0xd3...ec6f,https://bscscan.com/tx/0x652eebb811a51dcccb526c7c01794e4f0ee1716b58ffd74219b5ea6bbd0c980d
2023-03-29 10:18:58,False,0.4699,0.001483,399.612,0.5926,0x8d...1b76,https://bscscan.com/tx/0x74b5941333d6eb60a57fa17b77bae23840f281ec4a9dd58a08ab4c681f3bbce3
2023-03-29 10:17:40,False,0.4723,0.001483,5191.72,7.70165,0x8b...88f6,https://bscscan.com/tx/0x57da7b07fb28faa50b1f790769604a1d80549970d67a9cdb2665a3fbcb209f40
2023-03-29 10:16:46,False,0.4722,0.001484,12875.3,19.1135,0xed...4f31,https://bscscan.com/tx/0xdd4b6522fb93a57d0b8bc16a3c890e499832ec0bd69f70a59699ed60207f56ad
2023-03-29 10:16:22,False,0.4729,0.001486,23795.2,35.3758,0xf2...bfcf,https://bscscan.com/tx/0x3e9314d02c9225a84d79cc10fe4129cbc75174a658b9aa043aa922bc4be2d2b7
2023-03-29 10:14:34,False,0.4709,0.001488,8570.38,12.7578,0xed...4f31,https://bscscan.com/tx/0xb36bd9f769f3ff6afc67bcdff11f14438eba0f18b1c0cb5639f1c3874e81c473
2023-03-29 10:13:04,False,0.4707,0.001488,264.51,0.3936,0xfb...c759,https://bscscan.com/tx/0x4a130066aac6ddfde8b4c92b1b0d28e4a412403474f666c29899441b53573248
2023-03-29 10:12:25,True,0.4753,0.001497,264.515,0.396,0xfb...c759,https://bscscan.com/tx/0x5af99fa53c41fbc75a000afd698300593c30eff834d51d77d968193b92e137c7
2023-03-29 10:08:16,True,0.4746,0.001496,1.0,0.0015,0x8f...c2b9,https://bscscan.com/tx/0x6a4733337b4f0cf7140fd429ebcee7c82b76d48536ccf9bf9b40cf97968ed1ed
2023-03-29 10:07:55,True,0.4746,0.001496,4.0,0.0059,0x8f...c2b9,https://bscscan.com/tx/0xb97aba2ba42de459bffcf2ab121fb0f6525bbd403d104e2cfb9b9332ea15504d
2023-03-29 10:02:31,False,0.4727,0.001489,2.50988,0.0037,0x76...255d,https://bscscan.com/tx/0x4ca8713377a5cceb0a2269453de0d7444f8744409722499039cb8b0b98875b1a
2023-03-29 10:02:28,False,0.4727,0.001489,78.8518,0.1174,0x0f...ad84,https://bscscan.com/tx/0xb32289075b583c32f3fd39770ffb89f76445b8312613db87c18723176dd7e4cd
2023-03-29 10:02:10,True,0.4751,0.001496,249.683,0.3736,0x3f...66aa,https://bscscan.com/tx/0x34bd5afc7e1cda3ce5ce41cae61490e9c2276770ad8d386715ab7e9380f0ede5
2023-03-29 10:01:37,False,0.4728,0.001489,5.0,0.0074,0x2d...ee09,https://bscscan.com/tx/0xd332d114a14bccb2cda2c58521c8ab9d2baf8c94e000bda1fc52cf330296e4cb
2023-03-29 09:57:07,False,0.4731,0.00149,27413.8,40.8659,0x0c...8533,https://bscscan.com/tx/0x415ce66cd1f987bdbd5e982dd34edea283a1e45acd5c68554d25640b82cb9c77
2023-03-29 09:57:07,False,0.4738,0.001492,8303.1,12.3951,0x2c...015a,https://bscscan.com/tx/0x66c8e89f9feff4b24dbe133ab6dfa1a7aea76701fd7952e4ed70c3723d44a599
2023-03-29 09:56:52,False,0.4717,0.001493,4682.83,6.99424,0x03...9fa1,https://bscscan.com/tx/0xdd935a82010e9b53a682ca1d145d49b16a7772b846cd6e22f9b57a4449d6fcbf
2023-03-29 09:56:52,False,0.4723,0.001495,26574.4,39.7409,0xda...6e1f,https://bscscan.com/tx/0xcca01858d66db0c4ad629fb56a84745cdc632f3050803783e0efc22fb46b1646
2023-03-29 09:52:07,False,0.4728,0.001497,71.9264,0.1076,0x02...f2c0,https://bscscan.com/tx/0xf3dde19e79edf510565f9171c50875c3b53788f06176d4983399b32d263c634a
2023-03-29 09:50:28,False,0.4728,0.001496,155.889,0.2332,0x87...2440,https://bscscan.com/tx/0xde753a2c0de5e0adce9d38308d0c62d45ad091d93fee42d6e462ead44fc5c2f8
2023-03-29 09:44:31,False,0.472,0.001497,97.9533,0.1466,0xf0...383d,https://bscscan.com/tx/0xf07d5618b100746e7e2df2d604dc9b6398208482f7a21f06c4e67f154f8b72ca
2023-03-29 09:41:40,True,0.4744,0.001504,646.6,0.9728,0x00...78d2,https://bscscan.com/tx/0x0128dc67bbd431a8529f3714d5ffb864c1e516ad3800ab1f4a90c04f1ff3dfb5
2023-03-29 09:41:37,True,0.4743,0.001504,3772.6,5.67508,0x00...78d2,https://bscscan.com/tx/0x3f8a23bff74c892982cb8d86e4546a1001fd49d451ad9f9fcca8046329054eca
2023-03-29 09:39:19,False,0.4742,0.001496,90.0,0.1346,0x0c...faaf,https://bscscan.com/tx/0x1a3e136d49978272ddf324d3f20e519e842ae554215a43f60b6e4f0f5dea5619
2023-03-29 09:36:28,False,0.4743,0.001495,140.0,0.2094,0xe4...84cf,https://bscscan.com/tx/0xd393495ebdb1f7947584a65600f0e6c0b06b553a67b40921b2a12c61ec56b48c
2023-03-29 09:35:19,True,0.4745,0.001503,4197.93,6.31301,0x00...78d2,https://bscscan.com/tx/0x43329642642fa9127d77bfceeb43a90e4f7ea2c5f9d3646d7ef5ac4bb3d0709a
2023-03-29 09:32:43,False,0.4719,0.001496,14.0,0.0209,0x02...f2c0,https://bscscan.com/tx/0x87420cd2558e71dc7fda5f191817511e7e63a5b2572af90f5a36502798a1ea51
2023-03-29 09:32:10,False,0.472,0.001496,42.339,0.0633,0x02...f2c0,https://bscscan.com/tx/0xe0d5f7a4b8f1ffb9aba863425f41c356d017387b6ab5d6e14be622d54076e90d
2023-03-29 09:25:43,False,0.4721,0.001495,329.4,0.4925,0xb6...b489,https://bscscan.com/tx/0xc927633ea9081946f4de7e083aa39ee4aaef06a038bd6b0712a39990e4d7d1bd
2023-03-29 09:25:25,False,0.4723,0.001496,27.5427,0.0412,0x02...f2c0,https://bscscan.com/tx/0xcf48034e9ae2588f98b7ecf149188edd975dd7e4a66955089442950b44f1aa20
2023-03-29 09:25:04,True,0.4749,0.001504,329.457,0.4956,0xb6...b489,https://bscscan.com/tx/0x6988b1f1bb6887574cf9270a827c683a3adf5ca790b05112b4df73a53eb1f0b4
2023-03-29 09:24:46,False,0.4747,0.001496,383.523,0.5737,0x74...8d74,https://bscscan.com/tx/0x00d8ab9c2e5c15cf1745cea53f9133e4a1de41ab4a109f992e527709e7550f63
2023-03-29 09:22:10,True,0.4765,0.001503,10.0005,0.015,0xb1...ceca,https://bscscan.com/tx/0x3236bed852db772530796387d83539deb2c7d50a0ae2ed380da3c382cee394bd
2023-03-29 09:21:34,False,0.4741,0.001496,129.0,0.193,0x08...f922,https://bscscan.com/tx/0xdf570f8d8d454fb98fef5cae8f817c992f5e12ee46b0614b7d6689c9dec18c5e
2023-03-29 09:19:31,False,0.4741,0.001496,10.0,0.0149,0xa9...9cd4,https://bscscan.com/tx/0xe066875fa3a4ff5d1d2fc3c574c46557ff955686bf7a2b29845b1189ea504a10
2023-03-29 09:19:13,True,0.4766,0.001503,1144.9,1.72146,0x00...78d2,https://bscscan.com/tx/0xb9b0dc5f01a60374d32f3ce05aa426584e250b9d9c2c07059a73a4f00aab6550
2023-03-29 09:17:58,False,0.4741,0.001496,38.2881,0.0572,0x89...3657,https://bscscan.com/tx/0x139dedf0af4f87424c55759e59637eadeee33cd9d64cb9a1acfcf8853032d90b
2023-03-29 09:14:55,True,0.474,0.001503,4205.43,6.3219,0x00...78d2,https://bscscan.com/tx/0x77e93a22d2ffed39fb674f0445454d4f0de26771afaa0f7b85c82a41e63736e2
2023-03-29 09:08:46,True,0.4737,0.001502,4206.76,6.32178,0x00...78d2,https://bscscan.com/tx/0x430f26554a5ed66478d92028de1315ac1edb803f51a223099b4fe634cd5ce20a
2023-03-29 09:08:43,True,0.4735,0.001502,4215.63,6.33298,0x05...7eea,https://bscscan.com/tx/0xe87c1f22c4612123269d3d8d19a6476f6b9b7d5f024a62ef41597496deb80d9b
2023-03-29 09:07:43,True,0.4734,0.001502,336.0,0.5046,0x05...7eea,https://bscscan.com/tx/0xadda3b7427242d19a8ee7e553372d8ce585d9e0cba4b41a66d60c1a6006f588b
2023-03-29 09:05:49,True,0.4757,0.001501,988.2,1.48419,0x00...78d2,https://bscscan.com/tx/0x3d01e04f2666accd4b8cf653d2f34a465454668a95e4307e87776f9093fa974a
2023-03-29 09:05:13,False,0.4736,0.001494,267.349,0.3995,0x89...fa67,https://bscscan.com/tx/0x45be30c10fee2c001bf06794781118cab274adfbfc7bd176eb99ec97652fec63
2023-03-29 09:04:10,True,0.4734,0.001501,1408.5,2.11529,0x00...78d2,https://bscscan.com/tx/0x38a949bb73b15027c61cb0a30e8b8b29a0b39962f10d2b439ede8e8548451d83
2023-03-29 09:04:07,False,0.471,0.001494,30.0,0.0448,0x02...f2c0,https://bscscan.com/tx/0x434dfb140cb8cbf98565786945c25c0c4d813d41ec8661342eaa0d85fd7c5678
2023-03-29 09:00:22,False,0.471,0.001494,36.68,0.0548,0x02...f2c0,https://bscscan.com/tx/0xe117427145509e7a895a2197b78a8bdefe9799242a2ec5d76cf26eca022dca36
2023-03-29 08:57:49,True,0.4732,0.001501,1704.1,2.55891,0x05...7eea,https://bscscan.com/tx/0xc0f4bf7d53cf393bd534a649036515f1f23fc0b76d12284ed1477215f2f0be57
2023-03-29 08:56:55,False,0.4708,0.001494,48.8406,0.0729,0x02...f2c0,https://bscscan.com/tx/0x7b0c31893a77c0b277cf6001c4f826c2d194a4d89728a35e60dc33402e8f72ce
2023-03-29 08:54:34,False,0.4732,0.001494,21.2347,0.0317,0x02...f2c0,https://bscscan.com/tx/0x428b9ad7a342d29b46053cef48e7e551cff3c87f5ade60c92785cbf30bad50b7
2023-03-29 08:51:28,False,0.4709,0.001494,5.80491,0.0086,0x1e...8e0f,https://bscscan.com/tx/0x0d96263f6638728028b81ebddbf4bb53e4d2b19c85771563438d4e187dc7a93b
2023-03-29 08:49:43,False,0.4709,0.001494,19.1086,0.0285,0x02...f2c0,https://bscscan.com/tx/0x4a73099188f1a2ec28450fc61e064dfde0b106eaac80e7941bbb4099d6f11d8d
2023-03-29 08:48:19,False,0.4732,0.001494,46.7092,0.0697,0x02...f2c0,https://bscscan.com/tx/0x1038f973421a4ce4bd4d883dcede37607a1d3613bf73eea5d7565d7b785e8fef
2023-03-29 08:47:55,False,0.4732,0.001494,18.0,0.0268,0x02...f2c0,https://bscscan.com/tx/0x8c767c3857c0292f904c119cac850c0e6d709410edd414da3e1720303b792a86
2023-03-29 08:47:40,False,0.4733,0.001494,46.7107,0.0697,0x02...f2c0,https://bscscan.com/tx/0x8466a012f1d23a73a7b88b853b27fc7f2e22e26c5496b49626675f8dbfc1f9a5
2023-03-29 08:43:16,False,0.4709,0.001494,8.66718,0.0129,0x80...e52b,https://bscscan.com/tx/0x9dd71d07249f9959a073aa4dad21a864cab1b342bb35d549b9aa4f042c4322de
2023-03-29 08:42:49,False,0.4708,0.001494,50.0,0.0747,0x02...f2c0,https://bscscan.com/tx/0x091cf1d936bceae5dd49905a767b140f83cc5c4a0ab798414c6e4a9eab9222ee
2023-03-29 08:37:07,True,0.4756,0.001501,2331.14,3.5,0xf2...bfcf,https://bscscan.com/tx/0x5aa9ff55d5ab62c7e5d4be471d8f75f73c703b018cd5304778d663c9a43f5495
2023-03-29 08:37:07,True,0.4755,0.001501,2867.3,4.3041,0x00...78d2,https://bscscan.com/tx/0x4cce71fe671d40b66e92e84deb6d23b7e044be340e1de57c604415468f511e70
2023-03-29 08:37:01,False,0.4707,0.001493,50.0,0.0746,0x02...f2c0,https://bscscan.com/tx/0xa3e8a1fadce6ff5c97102bdbf545e07ba0b33824149e1bd59eb6e4ca550f5e66
2023-03-29 08:34:34,False,0.4707,0.001493,18.0,0.0268,0x02...f2c0,https://bscscan.com/tx/0x05da6ec4e6e0da306ab60077cbb255f122661a2b00a4fe4e36df35b1798d6922
2023-03-29 08:32:07,True,0.4752,0.0015,985.5,1.47911,0x05...7eea,https://bscscan.com/tx/0x0a156ad5556af50e92a20972a9e4248ff8060909a5e96cbf6663a3bad3bdd306
2023-03-29 08:29:10,True,0.4715,0.0015,411.2,0.6171,0x00...78d2,https://bscscan.com/tx/0x87993aa55079d743f03091019dc944a45dcab88f84d4c382f822dbf420bb149f
2023-03-29 08:28:37,True,0.4707,0.0015,2656.59,3.98651,0x05...7eea,https://bscscan.com/tx/0x1be04880210a7cff7d6a1b7976507a84598b039f8b0f83fa0bd53fc3457c7b5b
2023-03-29 08:28:37,True,0.4706,0.0015,3332.77,5.0,0x8d...1b76,https://bscscan.com/tx/0x98a7f3feea89873e3e012a7a61875ec3337d19d81a7d8bb97b54a39025dcde5f
2023-03-29 08:24:07,False,0.4691,0.001492,100.0,0.1492,0x02...f2c0,https://bscscan.com/tx/0x804db4ec94c97be7798a8276ed680b25fd7edce9bfb8bcc63a17b1094695a83f
2023-03-29 08:22:49,False,0.4665,0.001492,22.0,0.0328,0x02...f2c0,https://bscscan.com/tx/0x0e1f8616860adab50293006159e1b12d7ac437751ebb6ac3500d0105ced3eb20
2023-03-29 08:19:31,True,0.4706,0.0015,161.695,0.2425,0xeb...ec78,https://bscscan.com/tx/0xf6edeefe5f4a08055ee26ee5097d8328721f5043745dff8ce705e9d504cd40a3
2023-03-29 08:15:28,False,0.4656,0.001492,7.483,0.0111,0x07...0daa,https://bscscan.com/tx/0x8edff692c9d9547c3ecb19f26e39fa15aa8bd2d2737f3e54d0d07240f9390d25
2023-03-29 08:15:10,False,0.468,0.001492,10.0,0.0149,0x02...f2c0,https://bscscan.com/tx/0x0e9ee06761bc42fc5e583d2b019ece15299df4bf2582bf324fd7364b15aeb53a
2023-03-29 08:14:43,False,0.468,0.001492,47.125,0.0703,0x02...f2c0,https://bscscan.com/tx/0x12e9ecb7726379bc65abdd67f47c08b050f6b3197e9bba6507d8539e822ddf62
2023-03-29 08:10:34,False,0.4687,0.001492,69.798,0.1041,0x3d...229a,https://bscscan.com/tx/0x72ea92134bbab45091591d1dcb70ed76e6f975df959deda36c3568c5d126aee3
2023-03-29 08:08:07,True,0.471,0.0015,1248.7,1.87304,0x00...78d2,https://bscscan.com/tx/0x3e647335cf27c8a6bbf308f4f479f0fcf6292eabf63097d84bb72aa7f0e98ca8
2023-03-29 08:07:46,True,0.471,0.001499,737.358,1.10594,0x52...1c7e,https://bscscan.com/tx/0x2c2f600be64432377a6657b115bfc1f7c0bd06376451961d66d24ff313522c68
2023-03-29 08:07:37,True,0.471,0.001499,866.797,1.3,0x16...65bf,https://bscscan.com/tx/0xdcc30f48c4eb600ab2cf86b5e4dfcf138fedc16f738ea54c54cddd08c95fbe2e
2023-03-29 08:07:34,True,0.4709,0.001499,4265.45,6.39591,0xdb...8aba,https://bscscan.com/tx/0x6badbc709bb0b31e910ed37a21e08f14bd9e08b1fdde21a59a3f87e14e69a90a
2023-03-29 08:07:34,True,0.4708,0.001499,2334.77,3.5,0xda...6e1f,https://bscscan.com/tx/0x121b8180d1b9b25b31123684656d3544ce709739f3d47244cd580259af4abf2a
2023-03-29 08:07:34,True,0.4707,0.001498,2335.21,3.5,0x27...b6f2,https://bscscan.com/tx/0x70b30575c06c00ca2f9a7a9af8577a89cc2564f17c91a6519ed254a89a529622
2023-03-29 08:07:34,True,0.4706,0.001498,2335.64,3.5,0x8d...1b76,https://bscscan.com/tx/0x1337675ebbbd2126875a6c1f03682190816c767cf88095542f56c4b0671528dd
2023-03-29 08:07:34,True,0.4705,0.001498,2669.84,4.0,0xb0...a41e,https://bscscan.com/tx/0x2a88c6d508fe19e3b6bc28c76694a21353b7cb256c1bbeade4c7b492c2d5fc1e
2023-03-29 08:07:34,True,0.4704,0.001497,4268.26,6.39301,0x00...78d2,https://bscscan.com/tx/0xb6d4b2a1020df5934dfebb724b8d0fc0b21581d9a9d93aad2a4d873e82a1e0de
2023-03-29 08:05:28,False,0.468,0.00149,10.0,0.0149,0x03...9bee,https://bscscan.com/tx/0x97f9b1c190bde70e7b6e1c085263036f21fd64941852ac24bfe0299543a86f9c
2023-03-29 08:03:07,False,0.468,0.00149,20.0,0.0298,0x12...1ebf,https://bscscan.com/tx/0xb2f6eb80d000da7351012571d78058a88f28e9c6e2c34f3b21a824d14a8a289c
2023-03-29 08:01:37,True,0.4709,0.001497,4259.17,6.37725,0x00...78d2,https://bscscan.com/tx/0x250996e3906e934c801bca689f07ece7e80753dba17b8a68a0e6534ea7c32ed8
2023-03-29 08:00:43,False,0.4688,0.001489,15.0,0.0223,0xbe...6b14,https://bscscan.com/tx/0x6a4f101beb79f041a5160ea311e22f6aa2807ae2916e5669604b5ede25e95263
2023-03-29 07:57:37,True,0.4689,0.001497,10.0,0.0149,0x0b...a1ff,https://bscscan.com/tx/0x3c984342a8495e71935983308c9483c577b6749b38400db4ae4e11bcc37d9a67
2023-03-29 07:47:52,False,0.4691,0.001489,25.7243,0.0383,0x00...619b,https://bscscan.com/tx/0x646b5c821824a926512c62f500a389c7804949a181a3e0ae95637005a79406f5
2023-03-29 07:43:01,True,0.4716,0.001497,4.0,0.0059,0x8e...f7a5,https://bscscan.com/tx/0x599607629694184f3406d3189058f56a874254d9705c1b2c45f272ce57e2db30
2023-03-29 07:42:31,True,0.4692,0.001497,612.1,0.9163,0x00...78d2,https://bscscan.com/tx/0xf83478b0fb253f6ba731ef5d81db1b6e583ae04880b221606e4832e9bfd48bc9
2023-03-29 07:42:25,True,0.4692,0.001496,989.4,1.48105,0x00...78d2,https://bscscan.com/tx/0xd7cfeb370aa2f892fc1ccbda05db84496f06927b8e8762916705d637192cf1c8
2023-03-29 07:42:19,True,0.4693,0.001496,680.7,1.01888,0x00...78d2,https://bscscan.com/tx/0x48eb7d12f2c6d4450d7a35046191516101054c1aefbf7ba26806c3a560a234fc
2023-03-29 07:41:25,False,0.4694,0.001489,41.3735,0.0616,0x64...9ae8,https://bscscan.com/tx/0x36c76729723c68388d4239cc3236173a895dfcc8337fc19e659d8182c135bdac
2023-03-29 07:40:51,False,0.4694,0.001489,8.05744,0.012,0x69...71a8,https://bscscan.com/tx/0xde901fbf2dbb736d7878a427febcbba13221fe9b3f8c1f517b1915653e620b6b
2023-03-29 07:39:10,True,0.4697,0.001496,1907.4,2.85475,0x00...78d2,https://bscscan.com/tx/0xc011c88800732fcfc534961049c7986fac5644ca7e383d718423439318d58d97
2023-03-29 07:37:49,True,0.472,0.001496,2338.92,3.5,0xda...6e1f,https://bscscan.com/tx/0x39e11042cba8ecc1a57d776e7e729e9d88815ff4e6062355f5e3556ab27d841a
2023-03-29 07:37:49,True,0.4719,0.001496,1765.28,2.64116,0x00...78d2,https://bscscan.com/tx/0xf874ffca5217980b212be67dbba55f867d18155281c06fc1b5c83045e76a5707
2023-03-29 07:37:29,False,0.4696,0.001488,16.3475,0.0243,0x34...4913,https://bscscan.com/tx/0x256374d97a908475ce27f97ad0744250d19d9b77e801a6df1d289d24cbdc80ce
2023-03-29 07:34:32,True,0.4696,0.001496,833.678,1.2472,0x62...1f10,https://bscscan.com/tx/0xf64176f71d0b9139bdac3bcd2b1f96c9ca4e105dc86eacbd99a8d599dc3e3eac
2023-03-29 07:33:32,False,0.4672,0.001488,34.24,0.0509,0xb8...1f89,https://bscscan.com/tx/0xebd1ee5aeb787e8e1fa4de5f4b159a9f78ede0d6bbe7ed6c87c1cb407d698d4e
2023-03-29 07:32:53,False,0.4695,0.001488,20.0,0.0297,0x64...9ae8,https://bscscan.com/tx/0x09b268d562d52ee56062310f8e4a427691e3cf0858d52d72382eae8af6fb710a
2023-03-29 07:29:44,False,0.4695,0.001488,60.0,0.0893,0xea...eb34,https://bscscan.com/tx/0x9bfd51b89b6485a069ae79021dd6f00fba800f7a37c30222a041cea891ffbea5
2023-03-29 07:28:08,False,0.4671,0.001488,92.4705,0.1376,0x57...2510,https://bscscan.com/tx/0x6de3a3c9064a74b7db2c86b9cf1f72a797013486740a2882231547567d002a97
2023-03-29 07:27:20,True,0.4718,0.001495,1048.7,1.56878,0x00...78d2,https://bscscan.com/tx/0xadc00bcfe2bea3b501d242d629a1bab0b1dfdc3ad0dc9fae2b9df3127c5078ad
2023-03-29 07:27:17,True,0.4717,0.001495,3561.5,5.32678,0x00...78d2,https://bscscan.com/tx/0xf11b1b2867470dd015d8d7f7ef1a82f8ea96b68a87aac81b694a063f4d3d7085
2023-03-29 07:27:02,False,0.4667,0.001488,39.0207,0.058,0x17...7037,https://bscscan.com/tx/0xcf659120eb83eff70fab9f2747f4c257216427305ec3964858d75ba19d49c8d9
2023-03-29 07:24:47,False,0.4693,0.001488,7.05078,0.0104,0x3c...cfd2,https://bscscan.com/tx/0xb54a179956ab1aadc24a94fc5be93492bf88a9aa1faa78ceb9dd6d6b2b9ea5b9
2023-03-29 07:24:17,True,0.4693,0.001495,367.9,0.5501,0x00...78d2,https://bscscan.com/tx/0x152fa91d313632c8e10727c5d39012c77b62ecf87a8d26add601fa231675e886
2023-03-29 07:24:14,True,0.4693,0.001495,439.7,0.6575,0x00...78d2,https://bscscan.com/tx/0x4368aab7c8fcbdb496d6bb5d65010366a731161fb456ef0be3d6b8b2272037c0
2023-03-29 07:24:11,True,0.4692,0.001495,1918.8,2.86907,0x00...78d2,https://bscscan.com/tx/0xc973ec0b219d304f9568e8aef17caef72bc940f48809d7e6fcdb261ee5901042
2023-03-29 07:24:05,False,0.4666,0.001486,8.0,0.0119,0x8d...db2a,https://bscscan.com/tx/0xd67c293115887b6a0ce9b3a4895a4ce6f39ff7d77301d2df8cfe06676f45be9f
2023-03-29 07:22:59,False,0.4692,0.001487,1000.0,1.48772,0x77...b1a8,https://bscscan.com/tx/0x68a7aabf6e6701581b4f89314cb50960b0372c6579714fcaa91dc625ad48fccc
2023-03-29 07:21:26,True,0.4715,0.001495,105.231,0.1573,0x13...5d16,https://bscscan.com/tx/0xc0ad89d6a5cbc822ca7ffd06ef67dffaa0aa5d0345d785b29b1b56d54691bac7
2023-03-29 07:20:44,True,0.4714,0.001495,1895.7,2.8343,0x00...78d2,https://bscscan.com/tx/0x1ab467d5d5de212f259c26982733135a165d3724486d79073cc69b220f99384d
2023-03-29 07:18:01,True,0.4689,0.001495,16.1162,0.024,0x92...b3b0,https://bscscan.com/tx/0xba3374e304d970cfa9ddbf4fcc4af694fb246c5f55d85d1586f9e9ee1554e0bf
2023-03-29 07:17:47,False,0.4689,0.001487,2.0,0.0029,0x7c...8b80,https://bscscan.com/tx/0x7e75b05fd89a058f871f99a7a2023bea35720807fcc564c4bea6c769bc0cbf7a
2023-03-29 07:13:17,False,0.4667,0.001487,19.2811,0.0286,0xf6...0562,https://bscscan.com/tx/0x5748b019c202b995423d66952c957aac6f7789d549d282ff31d22f21a8080e0a
2023-03-29 07:11:56,True,0.4712,0.001494,2341.34,3.5,0xed...4f31,https://bscscan.com/tx/0x235c34a1f36f73c967c880a5cd0f6268da4ca6b4d4c1a0d855f2dfef6be12ce2
2023-03-29 07:10:17,True,0.4711,0.001494,4251.47,6.35372,0x05...7eea,https://bscscan.com/tx/0x620b0b4a8a14bb76608ba7d3414ec46da27a4e9b3160e467069d8b842f061d04
2023-03-29 07:09:59,False,0.4686,0.001486,33.6667,0.05,0x3b...305f,https://bscscan.com/tx/0xced5d8414c2a801d3d02202efe13a67c1737cf5612b87e35f93152e5759d7884
2023-03-29 07:09:56,True,0.471,0.001494,905.0,1.35223,0x00...78d2,https://bscscan.com/tx/0xf81658429cce3d1ae4f365d60d319196a5d30381d0177549c77f56c7f1d1f9e3
2023-03-29 07:09:38,True,0.4686,0.001494,1259.1,1.88115,0x00...78d2,https://bscscan.com/tx/0xc7455535be17a06aa5929843d0814744f2cf7865824dba421593da012e682912
2023-03-29 07:09:14,False,0.4662,0.001486,17.8144,0.0264,0x95...bd9d,https://bscscan.com/tx/0xb8b13ad059554f3218fa66d967647ce960a278048e930e7cda68f0b617341d8e
2023-03-29 07:07:38,True,0.4707,0.001494,33.4678,0.05,0x3b...305f,https://bscscan.com/tx/0x38ee0ac63ddb40142afc5cf077e9ea232f938d22282ac93b955b0ca80dc33e14
2023-03-29 07:06:20,False,0.4659,0.001486,177.201,0.2634,0x1a...b0ea,https://bscscan.com/tx/0x71ca875676699250fd58515e83e57dee57ebd20604c6e52505ccbe51bc65f4e3
2023-03-29 07:06:08,False,0.466,0.001486,35.9907,0.0535,0x92...b3b0,https://bscscan.com/tx/0x76a81e6467c803437f1204ea60bd1707d6722fa98a7c7a7f7319617aebb6ab95
2023-03-29 07:05:38,True,0.4706,0.001493,2342.93,3.5,0x62...1f10,https://bscscan.com/tx/0x8b8ed4c90ead8a592b2aa3cde29fb4c3addfd168c7e738d079dbac9f98f3d549
2023-03-29 07:05:35,True,0.4705,0.001493,2343.37,3.5,0xed...4f31,https://bscscan.com/tx/0xb48f90111a9709419303d98e9778de323f3facb52689325277c18ae309b969d5
2023-03-29 07:05:35,True,0.4705,0.001493,593.4,0.8861,0x00...78d2,https://bscscan.com/tx/0xe0e40080048cd0e11912b2c1a8bc237fad044895fadc2de36da3ee183e868ac7
2023-03-29 07:05:14,True,0.4705,0.001493,2343.92,3.5,0xed...4f31,https://bscscan.com/tx/0x3d9642c5807f61b722da2e28e56647945da0227c10a57cb731e030133d701717
2023-03-29 07:05:02,True,0.4704,0.001492,2344.35,3.5,0x62...1f10,https://bscscan.com/tx/0x2cdc50e100a50a27028997f4b7968a91a3e0a771612ca19f88d0d4b3e799003d
2023-03-29 07:04:59,True,0.4703,0.001492,906.9,1.35378,0x00...78d2,https://bscscan.com/tx/0x2f410618b8d822f47450b81ccef5a1d5d5889ad12bd155f3093e421d9e5bc428
2023-03-29 07:04:56,True,0.4703,0.001492,2344.96,3.5,0xf2...bfcf,https://bscscan.com/tx/0x8ccda727b87e09e10da19e62fd6cbd6029d41ec7b400d6763aeb2431b3599699
2023-03-29 07:04:56,True,0.4702,0.001492,2345.4,3.5,0xed...4f31,https://bscscan.com/tx/0x2307e90873b107328d1cd9918390474eb93ef2fc49bf8a4eb089617429bcbb03
2023-03-29 07:04:56,True,0.4701,0.001492,2345.83,3.5,0xda...6e1f,https://bscscan.com/tx/0xa1c9c215699531ad6936e154e404492f9bc1b1482e44e996fee8ffd3f884fdb9
2023-03-29 07:04:35,False,0.4677,0.001484,53.4433,0.0793,0x95...bd9d,https://bscscan.com/tx/0x4a774dcb3ca0ee16f52c6c13cd2495f7631e493da3e4d82349fc864bac4831e7
2023-03-29 07:03:59,True,0.47,0.001491,2346.26,3.5,0x91...79fe,https://bscscan.com/tx/0x35526fcdeafdc8841129bf67721ffcaaa6962c00d1420260015a4a6f3442a7c4
2023-03-29 07:03:59,True,0.4699,0.001491,2346.7,3.5,0xed...4f31,https://bscscan.com/tx/0x3f829d8060ae8677f6b7ae933600614623e33868b3b2c9213ba7547648d8650f
2023-03-29 07:03:59,True,0.4698,0.001491,2347.14,3.5,0x3f...573a,https://bscscan.com/tx/0x03d4ee5616be1db2858c4053d25da8557921289b13c4d126f5670d9a9c531d8f
2023-03-29 07:03:53,True,0.4697,0.00149,1544.1,2.30217,0x00...78d2,https://bscscan.com/tx/0x3eb82a4349100c0f56d968810d9360ccfc13b77366c5bb49cad8b9d92d278abd
2023-03-29 07:03:29,False,0.4673,0.001483,5.0,0.0074,0xee...5232,https://bscscan.com/tx/0x712c270cdbb6dd768980d6f9d2d6ca924e87db0be5deac9364f6f84d91a266ce
2023-03-29 07:03:20,False,0.4673,0.001483,11.7989,0.0175,0x3a...bd67,https://bscscan.com/tx/0x495fce8544cb9e1cfd2e67af6ebefe4279ad59cc443528a9036e8567c9839aa2
2023-03-29 07:03:05,True,0.4673,0.00149,2347.86,3.5,0x62...1f10,https://bscscan.com/tx/0x3d26490801215d883ee69ce558688a3c10f8f9fab14bca1d191be038c259e9bb
2023-03-29 07:02:44,True,0.4672,0.00149,2348.3,3.5,0xed...4f31,https://bscscan.com/tx/0x8f91c0c0305c99da8a1de58ee0fb8dc48198245851f7b312c6f51c0797fe4f64
2023-03-29 07:02:38,True,0.4671,0.00149,2348.73,3.5,0xda...6e1f,https://bscscan.com/tx/0xb4e0e6e088a1786d6235f317986204164777717228fe28fd81839abb4c665421
2023-03-29 07:02:38,True,0.467,0.001489,2349.17,3.5,0x62...1f10,https://bscscan.com/tx/0x98a554c5e68f96812111fb69e41eb01f81c2f8e929868a8b1d4d05c91354a3b7
2023-03-29 07:02:38,True,0.4669,0.001489,4028.17,6.0,0xda...c952,https://bscscan.com/tx/0xe6d99c3d1c4935893b1cf64b6b36f791dce1e2566f1b8b80e55bbf598f05404f
2023-03-29 07:01:53,True,0.4668,0.001489,2350.36,3.5,0x62...1f10,https://bscscan.com/tx/0xead3d35328390ca6f77f48fff694feb3f7f2c9f184f785e394aa419af0f8aaeb
2023-03-29 07:01:53,True,0.4667,0.001488,2350.8,3.5,0x0c...8533,https://bscscan.com/tx/0x72b271b072c05cdfde98ee4043e667d72776db8af392f0c1f535262c8d3039d0
2023-03-29 07:01:53,True,0.4666,0.001488,2351.24,3.5,0x52...1c7e,https://bscscan.com/tx/0x32bf63017db5092ca8edab2ea3d0d0709836bb92be4f9c4defd876b52f283baf
2023-03-29 07:00:17,True,0.4689,0.001488,35.9902,0.0535,0x92...b3b0,https://bscscan.com/tx/0x5c7c8498864631923b8fc5e4cf5bf8a2cc070117bb3d53ac6aa9c0d0a661755e
2023-03-29 06:59:38,True,0.4689,0.001488,35.9903,0.0535,0x92...b3b0,https://bscscan.com/tx/0x8b689688e3ce34ef0e4a094248c9df4c4d91ccb7e135760da8b471b834e32451
2023-03-29 06:59:20,False,0.4642,0.001481,5.0,0.0074,0xec...def9,https://bscscan.com/tx/0xcb2b092adb77d4555672354892769832944ce027d7cbdccc52d4f16b65358fc4
2023-03-29 06:56:26,True,0.4687,0.001488,67.2009,0.1,0x92...b3b0,https://bscscan.com/tx/0x410fb1aeff9991b9ec19d81a9c1a2c9d8a7a46a8e7e68f4156bbc0a34152cf8a
2023-03-29 06:49:20,False,0.4664,0.001481,306.739,0.4542,0x92...b3b0,https://bscscan.com/tx/0x22c25caaff2ba091ec24b5f2aa8de9b26badd01b59ddcf0a6c8ccd02f80413d9
2023-03-29 06:31:20,True,0.4658,0.001488,213.577,0.3179,0xb8...99d9,https://bscscan.com/tx/0x6400b178b9b9f50a84b745623c7432898415b01dd7a74c138d1757c9ffd8fe36
2023-03-29 06:24:38,False,0.4657,0.001481,250.0,0.3702,0x03...534c,https://bscscan.com/tx/0x55aaafcfaeb0ef6a82bfe06c43fe169cdd2fad2b7dcb51091b07d0b6b48cc301
2023-03-29 06:15:53,True,0.4659,0.001488,636.794,0.9478,0xd4...58b9,https://bscscan.com/tx/0xc8f8eec1d15488f56e76b2d696fd07e578e1b06bf0257deceab82c0b648ec9c1
2023-03-29 06:06:46,True,0.4687,0.001488,1.8,0.0026,0x3b...305f,https://bscscan.com/tx/0xebe16f58b163ecc4acfdd2e407a21b87b50fa85fbd7002dccf91808b34128077
2023-03-29 06:06:04,False,0.4636,0.001481,13.3582,0.0197,0x2a...dc7e,https://bscscan.com/tx/0xb802107b9faecc34a61df4cd365ccdda0fec795222543838eb6d15ab2acdc151
2023-03-29 06:04:36,False,0.4636,0.001481,3.0,0.0044,0x47...43a6,https://bscscan.com/tx/0x70adcee0ef1f19e9807410bbcba56b22427c19dba85cdc03ae1ac478647e38a4
2023-03-29 05:57:00,False,0.4637,0.00148,232.976,0.3448,0x56...1ef1,https://bscscan.com/tx/0x6211d1212fb5e3e15b09d1efec2afb09371b0e90b1aa57476203f801b8069da3
2023-03-29 05:56:57,False,0.4639,0.001481,13.5045,0.02,0x49...b36f,https://bscscan.com/tx/0x1648dd3b56871b4a27cf4c251ca3f7622a2298c2f4e1150c35cd9fa1b405c15a
2023-03-29 05:56:21,True,0.4665,0.001489,232.977,0.3469,0x56...1ef1,https://bscscan.com/tx/0x701ecf9cb655c1962ba654f4671c44a7f096510600659ddaabcc05c785a6abd6
2023-03-29 05:36:27,False,0.466,0.001481,11.4341,0.0169,0x38...30ba,https://bscscan.com/tx/0xb830bcc7f592c22242e1684a068b95cfa8ee05f7ae863d3a688aa45e5413a23f
2023-03-29 05:33:15,False,0.4657,0.00148,50.0,0.074,0xd1...6e61,https://bscscan.com/tx/0x64d1b4e6a86dd65c0de9ba5d18cf5e7ce6acb1c82fdf8bea5d5eaf4d79cd8b7c
2023-03-29 05:22:40,False,0.4638,0.001481,100.0,0.1481,0x92...1a8c,https://bscscan.com/tx/0x120594743ed3190acd06aa33636bcae96cef7e061f9f977dd14a1c1bdfd18779
2023-03-29 05:15:10,False,0.4661,0.001481,5.01736,0.0074,0xd3...075d,https://bscscan.com/tx/0x63d22c407f70b327fc02f720e730d022fd648c174d20c709e66c7b9d1793ba03
2023-03-29 05:11:49,False,0.4662,0.001481,9.60556,0.0142,0x2d...075a,https://bscscan.com/tx/0x9a5995e71d46fb13a6c59b03798062b03db48d76975b4ee69ce03017619bf1dc
2023-03-29 05:09:31,True,0.4685,0.001488,148.851,0.2215,0xd9...3451,https://bscscan.com/tx/0x71c92bd86d0a9e60f73509cc14d826ccae0c973be6b2edffd0e15ff2606fb0ba
2023-03-29 05:05:55,True,0.4684,0.001488,18.781,0.0279,0x80...3e8b,https://bscscan.com/tx/0x019c09572a02409cbaec525f869f3109ae030467cde6dcd4e4908607f772aa3a
2023-03-29 04:56:58,False,0.466,0.001481,20.1012,0.0297,0x0f...2cd4,https://bscscan.com/tx/0x9e55baa468c37b187d57e7d366ddc4debce99575661eeadf5122b47f8129dd6e
2023-03-29 04:56:19,False,0.466,0.001481,77.5696,0.1148,0x0f...2cd4,https://bscscan.com/tx/0xbb729811668a9d4d37fda74b146b3f621fcbcf5664f85b500a9ce241d7a646dd
2023-03-29 04:49:19,True,0.4684,0.001488,102.117,0.1519,0xc4...529e,https://bscscan.com/tx/0xbc26cdbed0d87dabe6b8c41be37d03af56b28908a04eb86b4d1c2a0c6bffaa24
2023-03-29 04:47:16,False,0.4661,0.001481,104.662,0.155,0x80...d14e,https://bscscan.com/tx/0xb71d423db4b086fabde1faf66fefc1f4a28d36e7f869765a7bd3c19a9e03209f
2023-03-29 04:23:25,False,0.4639,0.001481,4.75406,0.007,0xfa...537b,https://bscscan.com/tx/0xb9eaa8ea26b15cc3b2d178c813f6a426cabd38c1ce428d106c0804c8aaa981a6
2023-03-29 04:22:40,False,0.4639,0.001481,9.93285,0.0147,0x97...855d,https://bscscan.com/tx/0x08e05eb20119030b388326489c353f47067682630ad98027bb4f09deead3746d
2023-03-29 04:21:58,False,0.4639,0.001481,137.254,0.2032,0x12...dcc3,https://bscscan.com/tx/0xf3ea0fc94878a7dbc338bb2b4b20e23ffad3ec31b9e673416a63ed3b5c990495
2023-03-29 04:19:46,False,0.4638,0.001481,318.648,0.4719,0x53...2bfa,https://bscscan.com/tx/0x2387335ebd8760d3f52823c252d5c0df9d46dee085cadd22ebb63f18db6a4f31
2023-03-29 04:15:58,False,0.4661,0.001481,20.0,0.0296,0xf0...85f0,https://bscscan.com/tx/0x515a880f3260dde19f8df034a69c25038108c8107a516230731c04ba6480c01e
2023-03-29 04:13:31,True,0.4684,0.001488,106.425,0.1584,0x54...1905,https://bscscan.com/tx/0x64d96fd2afd67fbe6385b0f028eefc654a4ea187726632eec028f62a183bf12c
2023-03-29 04:05:54,False,0.4662,0.001481,41.3535,0.0612,0x67...f9c1,https://bscscan.com/tx/0xce6bcf277bc1a7e0f74e38185b859915f785d11457ac0eb820f6a69e88be474e
2023-03-29 03:58:08,True,0.4687,0.001488,20.0,0.0297,0x17...7037,https://bscscan.com/tx/0x15232c1db8d9ecdfb296a3ca49f42a5193d14ddd5924bdcb48eee9a4bb3642b9
2023-03-29 03:54:38,False,0.464,0.001481,16.101,0.0238,0xb8...9548,https://bscscan.com/tx/0x871079ff7405c2bbac248f00186f69c319addea5406070c2b5fb64fd40c22635
2023-03-29 03:43:47,False,0.4664,0.001481,96.6868,0.1432,0x3c...cfd2,https://bscscan.com/tx/0x261418aed1e7eb9d337fb8f04a8f7a3d06880bb80a9588567503cbc9612eb5c5
2023-03-29 03:43:35,False,0.4664,0.001481,4.0,0.0059,0x3c...cfd2,https://bscscan.com/tx/0x5fc929b69993d404c08ea28e2afad066339331c171555a26133d260f3f9a5f39
2023-03-29 03:43:05,False,0.467,0.001482,26783.7,39.7097,0x62...1f10,https://bscscan.com/tx/0x1bcc374e03490a44965c5b8559e6e82c3f85c4a84c1b81301ee56262cf91dc6f
2023-03-29 03:40:11,False,0.4652,0.001484,5.10271,0.0075,0xab...a224,https://bscscan.com/tx/0x6e1add9374fb8240841abd50f651d664332cc5bffd6363952bf722cdbccc3105
2023-03-29 03:38:23,True,0.4675,0.001491,500.0,0.7458,0x25...f5b2,https://bscscan.com/tx/0x954ebd138a84ae9525857adb3c2b0f30a41a818d332b7e77051ce6785a630b2a
2023-03-29 03:35:45,True,0.47,0.001491,2346.74,3.5,0x8d...1b76,https://bscscan.com/tx/0xc72cf64cecffff7b15ec16cbcc434b6e5a5ca064afcb91978e68e860a865ebf6
2023-03-29 03:35:45,True,0.4699,0.001491,2347.18,3.5,0x91...79fe,https://bscscan.com/tx/0xc209656b1798d0a19b917e098ba5b52674129e9f6c5d4321d1919bf17c0719c6
2023-03-29 03:35:39,True,0.4698,0.00149,2347.62,3.5,0x27...b6f2,https://bscscan.com/tx/0xcae61f30647f12f3d74bab15280b23fe1f77cf3dc1a6c7ad72ec77915fdd0656
2023-03-29 03:35:39,True,0.4697,0.00149,2348.06,3.5,0x52...1c7e,https://bscscan.com/tx/0xcfc161f1f452b6220e05c26eba6f5e47c1d8cd7b569a2457bdf8fd56ec82fbf2
2023-03-29 03:35:39,True,0.4696,0.00149,2348.5,3.5,0xf2...bfcf,https://bscscan.com/tx/0x1cf21df98cb549d01248788a1ca09c030eb11f0f53c76ed7cfb815aa7b66c224
2023-03-29 03:35:39,True,0.4696,0.00149,1006.63,1.5,0xb0...a41e,https://bscscan.com/tx/0x2d9948b0ec8d4f2349fd1504ce13cb5460e8e0132d76e79254ba09535ced6d10
2023-03-29 03:31:22,False,0.4674,0.001482,118.35,0.1754,0x7f...3696,https://bscscan.com/tx/0x261b9737fa8a6e3e61c13da5f67fa4baf127e3294e82e29e7bca9936ce0440bc
2023-03-29 03:31:04,True,0.4674,0.00149,823.6,1.22718,0x00...78d2,https://bscscan.com/tx/0xd64ce232dfe4c6c6f5dac9d970f067491e7c7dcf3f2b0a8b92919d84f448552c
2023-03-29 03:31:01,True,0.4674,0.001489,543.5,0.8097,0x00...78d2,https://bscscan.com/tx/0xdbb6d6c0255819c938c4f702d5ff0ccc9ff84bf645119847acf964809b788939
2023-03-29 03:30:58,True,0.4674,0.001489,961.0,1.43175,0x00...78d2,https://bscscan.com/tx/0x6eeb43858d89969639733e88beabb4288b2cc20108e93436be5535f872eafbb7
2023-03-29 03:30:52,True,0.4673,0.001489,461.2,0.687,0x00...78d2,https://bscscan.com/tx/0x873d5a0c21521564bb80bae6d023983f6201e48d2146ba028d6b6b1d29d273a0
2023-03-29 03:30:49,False,0.4673,0.001482,20.2388,0.03,0x8b...976d,https://bscscan.com/tx/0x03200326630f40dc9c70d400bcd8a156314f6bc7b69358412354706e17d7ada9
2023-03-29 03:29:49,True,0.4673,0.001489,823.6,1.22691,0x00...78d2,https://bscscan.com/tx/0xfef039154c5dbb4d59561ada17b6c6e4f40dbfa0a675b46c0180d98d6629f768
2023-03-29 03:29:40,True,0.4673,0.001489,543.8,0.81,0x00...78d2,https://bscscan.com/tx/0x8acdb68c25fbf935fdb98ec994a8bfdf0fc17baf2b59aa2b3292721be861367e
2023-03-29 03:28:22,True,0.4696,0.001489,787.8,1.17346,0x00...78d2,https://bscscan.com/tx/0x0427569cb0960fb9bb69210ad5cfebbccc1def2b507dae7c3d5c3a1b2f1f9973
2023-03-29 03:28:19,True,0.4695,0.001489,1397.0,2.0807,0x00...78d2,https://bscscan.com/tx/0xf344eefd9531c36687b7864ddf3674e2c1269beb9c297e8b0ba03404c342bb1e
2023-03-29 03:28:13,True,0.4695,0.001489,928.4,1.38264,0x00...78d2,https://bscscan.com/tx/0x003d4c4b6bba67930f5fa11027406f70f70111f6b6f40e772d47ad0d65f33dc9
2023-03-29 03:27:43,False,0.4671,0.001481,26.9946,0.04,0x21...a11f,https://bscscan.com/tx/0xd72752297477f6c69cad3d55935d385c7f0774e23fc03d08e582401e0084c05f
2023-03-29 03:26:43,False,0.4649,0.001481,1.58074,0.0023,0x80...8892,https://bscscan.com/tx/0x2800a08d8f0477d943e3baa1460c994d7ffe4cfed38000a24c4b1cdda95de948
2023-03-29 03:26:40,True,0.4672,0.001489,700.728,1.04351,0x62...1f10,https://bscscan.com/tx/0x2f1e3de1ad99715dacfe4de6665edd128419f3ed3d7c3330a3f064d90cb209d6
2023-03-29 03:26:40,True,0.4672,0.001489,872.6,1.29937,0x00...78d2,https://bscscan.com/tx/0x4bea6aea9fcba022bfa56714dd51c3f1985349ba7bae002eb85156e71a0ef24c
2023-03-29 03:22:55,True,0.4671,0.001489,10.0,0.0148,0x3b...305f,https://bscscan.com/tx/0xd40673c865fc2eeaa71f83d3a06c616032eb21f8695eaa61a17d9828fab1abc3
2023-03-29 03:21:31,False,0.4648,0.001481,67.4947,0.1,0xd6...75f1,https://bscscan.com/tx/0x3f61eb6a8052cc9b9349713a5138dc53eae4b2c0ccccad6ead57676ca2ef8fc7
2023-03-29 03:20:58,False,0.4647,0.001481,21.7846,0.0322,0x11...a238,https://bscscan.com/tx/0x559b20a7c99c867b7ba44db9b9f58e00e78cea961db69502fc7e61e824fa5691
2023-03-29 03:18:49,True,0.4686,0.001488,2350.73,3.5,0xed...4f31,https://bscscan.com/tx/0xcda5513393f319f7cca84a882a46e7b28c2470809d384fc789ca6616592e7ebd
2023-03-29 03:18:49,True,0.4685,0.001488,2351.17,3.5,0x52...1c7e,https://bscscan.com/tx/0x73f5e729d35aacdc3925d42874f69d1c3e789133e189c33ba97ae1091d11284b
2023-03-29 03:18:49,True,0.4685,0.001488,2351.6,3.5,0xf2...bfcf,https://bscscan.com/tx/0xb8ee62f0e4dad4dbef69ad5f4d76a0548a7435b240bf57f96a4b4d8c060afafb
2023-03-29 03:18:49,True,0.4683,0.001488,4269.62,6.353,0x05...7eea,https://bscscan.com/tx/0xed281707a57ce0e5c0f909f0c9637d749f9b84f73fb00271c09a15787621437d
2023-03-29 03:13:52,False,0.4626,0.00148,29.4184,0.0435,0xd1...794f,https://bscscan.com/tx/0xe75b88dbbf62738817ac158b92d99ee8f80f9390f7a9d79fc0d23ec91dd2dc52
2023-03-29 03:13:49,False,0.4649,0.00148,190.901,0.2825,0x0b...e901,https://bscscan.com/tx/0x12aecd6ab4568f5b662fb4971722d115488c55033ee34c2848a301b47ccb0c15
2023-03-29 03:12:55,False,0.4625,0.00148,620.024,0.9178,0xb4...0d28,https://bscscan.com/tx/0x03ae13605741a29056e643d40fcd64bc8df331b4632055a90b0b76ba443a64b1
2023-03-29 03:12:16,True,0.4672,0.001487,1301.7,1.93657,0x00...78d2,https://bscscan.com/tx/0x0905bfa959ea110e3e97a35bbbc75d19f47120ef4667d7d88a58a768b1683380
2023-03-29 03:12:01,False,0.4646,0.001479,10.0,0.0147,0x5a...c405,https://bscscan.com/tx/0xbd33196c811d6ec9d843a03e9da3b184109696966f55448f48ae010ba8ee8ff7
2023-03-29 03:12:01,True,0.4671,0.001487,545.2,0.811,0x00...78d2,https://bscscan.com/tx/0xc3481206b63060aa48be032413d2441e0c47ce85970f1df0b97531b109e67de4
2023-03-29 03:11:55,True,0.4671,0.001487,875.3,1.30204,0x00...78d2,https://bscscan.com/tx/0xb22c8be2358494da6409dfbf2224efbb86c4de5c91290e3501af1f67e42c9c7f
2023-03-29 03:10:34,True,0.467,0.001487,214.208,0.3186,0x87...173a,https://bscscan.com/tx/0x4c8a5a49249d7adce6411d1e584ef963d4dbbbc6ef61cda850238e62a77431bb
2023-03-29 03:00:30,False,0.4616,0.00148,29.7785,0.044,0x02...a875,https://bscscan.com/tx/0x25265b2bd8784457e0c5afb795dc15be816045ee97ecd08403a1e9b793205197
2023-03-29 02:56:15,False,0.4639,0.00148,18.2098,0.0269,0x52...8d7e,https://bscscan.com/tx/0x650ef84e5960f196e8548eada60df0f722bd5e4bddc1cf79d166c4a9735b2705
2023-03-29 02:55:24,True,0.4662,0.001487,2347.77,3.49189,0xda...c952,https://bscscan.com/tx/0x180396d5e118cc14284dfad14065b5eab4c7866f16b811cf6a569180d2aee226
2023-03-29 02:55:24,True,0.4661,0.001487,2353.66,3.5,0xed...4f31,https://bscscan.com/tx/0xfb77fb7b29f436c96d001aafe9ba8018c230f5f9745b11477cdaf248608db791
2023-03-29 02:55:24,True,0.466,0.001486,872.2,1.29684,0x00...78d2,https://bscscan.com/tx/0x7ec1d8c766c67dab33bbb601bbd6fca477b7a81ee1e856248bd12ec8cf151a46
2023-03-29 02:51:36,False,0.4619,0.001479,386.14,0.5712,0x89...7a42,https://bscscan.com/tx/0xcd91fe2ec6ff34b80939f4ef4df2c26f43fc63ee62549cfe56f96cb271e95bf7
2023-03-29 02:51:09,True,0.4666,0.001486,14.4761,0.0215,0x26...b9bd,https://bscscan.com/tx/0x9d5c4e7079bde3b815916db83cf90ea1c96479c84799dcdb19215fdfb8165e3c
2023-03-29 02:47:00,False,0.4621,0.001479,71.0158,0.105,0x4a...ec69,https://bscscan.com/tx/0xa6bea5774e52b022bc9db6469ce52a9b894c5378d9482ebac592985b6c6d7f98
2023-03-29 02:43:05,False,0.4621,0.001479,4.76,0.007,0xe3...d785,https://bscscan.com/tx/0x448167b9c282a0ce157438a8aafb4557202406047e052f1146f3c33c91ca44ac
2023-03-29 02:41:32,True,0.4643,0.001486,1265.6,1.88167,0x00...78d2,https://bscscan.com/tx/0x8407425c0da5c92bd6310e1dbef6bc00dad86495eb43b389472a38abf0703335
2023-03-29 02:39:53,True,0.4643,0.001486,1268.5,1.88579,0x00...78d2,https://bscscan.com/tx/0x24e688e7a318e9b77afbe4e293c78685b05b32a44db5633df46731e2390bddad
2023-03-29 02:39:47,True,0.4665,0.001486,2980.1,4.42957,0x00...78d2,https://bscscan.com/tx/0x04ae0b52f4ecbdce7985568a35f29a92b298df7552adb29e7f86e10c2d6aaebb
2023-03-29 02:39:14,True,0.4664,0.001486,2355.21,3.5,0xed...4f31,https://bscscan.com/tx/0xdc2a545e4f29935dfcad24421182f7f683906ded528d76997f25cfa20e574287
2023-03-29 02:39:14,True,0.4663,0.001485,4287.93,6.37047,0x00...78d2,https://bscscan.com/tx/0x454d421c7ffb519685c831402d15c61ffcfc812b57ac6fca9e2f491744ce81df
2023-03-29 02:34:16,True,0.4661,0.001485,2356.45,3.5,0xed...4f31,https://bscscan.com/tx/0xfe28caf27cb76f5f21a623de7032b3c1dcc0f58656996afaa06cb2cd2a330431
2023-03-29 02:34:16,True,0.466,0.001485,2106.76,3.12859,0xda...c952,https://bscscan.com/tx/0x4800ddefd51370ea123505a949dd28b01582fd053b43c6bdbe8cc05ba8e0dcbc
2023-03-29 02:34:16,True,0.466,0.001484,2357.29,3.5,0xf2...bfcf,https://bscscan.com/tx/0xc3c4e210eddf7daeb390fb9990d8840fcb9188c98e7fb06657c1c6c8f76e155a
2023-03-29 02:34:16,True,0.4659,0.001484,1134.0,1.68348,0x00...78d2,https://bscscan.com/tx/0x2bb7b3221ac50a0a764cfc46689a527c130139304436c5cbef1893e1ffd08dce
2023-03-29 02:32:54,True,0.4635,0.001484,4286.64,6.36237,0x00...78d2,https://bscscan.com/tx/0xda9c445f5242c9ce51e05e4ff5f4356d688b69f1fcf65cf6ffd243210ae0202c
2023-03-29 02:32:54,False,0.4611,0.001476,225.194,0.3325,0x0b...56ac,https://bscscan.com/tx/0x13f6ae13be297932061e815c51696b4a963b5eed11b1a05cc12cd2cab43ed364
2023-03-29 02:32:51,True,0.4633,0.001483,4297.14,6.3759,0x00...78d2,https://bscscan.com/tx/0x03c79594daa8d1c05a1b97d14385861c46893b5071fb33b9fb545fa3093edd94
2023-03-29 02:28:48,False,0.463,0.001476,11.4362,0.0168,0x15...63ce,https://bscscan.com/tx/0x11817af54b1ff8826dc142ce5784b5943d248fe8349151ba01dc8f7cd5319168
2023-03-29 02:27:45,False,0.463,0.001476,44.41,0.0655,0x10...2622,https://bscscan.com/tx/0xf9da65319fdc113882079c67443bc99590d77f771badd0e527fb4755e0c6d7ee
2023-03-29 02:19:15,False,0.4629,0.001476,6.39542,0.0094,0x74...a19a,https://bscscan.com/tx/0x81c39d8d7c9da9f85ca2dc80f7eac948ac70b142d3b3c9d7e42c3fc20a6314a6
2023-03-29 02:18:03,False,0.4604,0.001475,45.0071,0.0664,0x8d...e1a0,https://bscscan.com/tx/0x4e11b940f1f1fdb03cd9a89d88584a82dbfeec382faf719747344daa67b05bb9
2023-03-29 02:11:57,False,0.4605,0.001475,75.4454,0.1113,0x66...320b,https://bscscan.com/tx/0x172562d1fe2c35121e6d311bf5e07aea90982ed049b93d72bfd3c742de6c3891
2023-03-29 02:06:21,False,0.4628,0.001475,11.0134,0.0162,0xb2...5ec1,https://bscscan.com/tx/0x892c952fd1c168b732e127a1595161dc4b5d52173a29ea95f6a5db59d207f9ea
2023-03-29 01:58:03,False,0.4626,0.001476,8.96,0.0132,0x53...b978,https://bscscan.com/tx/0xddf79b945b049956f7b8b9782b4085e565db417c763fb3541ca3cf5bbe3a49fc
2023-03-29 01:55:18,False,0.4626,0.001476,47.1825,0.0696,0xbf...84c4,https://bscscan.com/tx/0xddedec1d2f091640b4187ed0f1cebd72c780a500abe0efcbc3db1eea97c4bd68
2023-03-29 01:54:33,True,0.4649,0.001483,18.0,0.0267,0x8e...f7a5,https://bscscan.com/tx/0xe923b4683084077bee29e20e0e3db190b67e78074501d45c095ec5550660c5cb
2023-03-29 01:53:24,False,0.4626,0.001476,45.1183,0.0666,0xc6...0114,https://bscscan.com/tx/0xa9a24978b0dc238dffd100724c5a9f913c593d593dd5bea32b8367e1f0c134d8
2023-03-29 01:52:12,True,0.4649,0.001483,1204.23,1.78644,0x1f...4049,https://bscscan.com/tx/0xd8d540c1d8662f9f1674e08e2bb3b5ec9a5ce497a4bc5867b255fb2f0664963d
2023-03-29 01:50:15,True,0.4648,0.001483,2359.68,3.5,0x62...1f10,https://bscscan.com/tx/0xb8aaafb04f44f20a9935247335ff19b215c8f0eb310e321abb30e4b40bc6fd94
2023-03-29 01:50:15,True,0.4647,0.001483,2360.12,3.5,0x8d...1b76,https://bscscan.com/tx/0x86a0bcb7aec315269e1a906bc33533356bd92281a79c4d1b52205fca2162c6ad
2023-03-29 01:50:15,True,0.4647,0.001482,1034.8,1.53438,0x00...78d2,https://bscscan.com/tx/0xeecf73f09018631493f7aa0b4d7eec2cb447f0228d178a80000d717ab9efc109
2023-03-29 01:46:12,True,0.4623,0.001482,30.2026,0.0447,0x9a...51bd,https://bscscan.com/tx/0xf53e8e2e0b8fececa42ce01bd9e9fa818484171cb91fd58aefac1e97783adfe7
2023-03-29 01:46:06,True,0.4623,0.001482,325.879,0.4831,0x27...42d4,https://bscscan.com/tx/0x786b9ba0236c5c7d30b5eba0ee0e8a198d06e10af479bcd805158a2b137dd678
2023-03-29 01:41:45,False,0.462,0.001474,3.77253,0.0055,0x4c...2653,https://bscscan.com/tx/0x46eda47e604e404be67fcc58f3d176004e1f4c8390ac7291d27dd57153ca447b
2023-03-29 01:33:30,True,0.4644,0.001482,2360.82,3.5,0x52...1c7e,https://bscscan.com/tx/0xd190fba70559d1370ecf0d161d5fee931b40ac4171da1b9b7c5fd6a8be396bb8
2023-03-29 01:33:30,True,0.4643,0.001482,2361.26,3.5,0xed...4f31,https://bscscan.com/tx/0xcca9a18c3a236027eeb30c5baadd4292ceb962bfdba21ba9c2485fa8c54822d5
2023-03-29 01:33:30,True,0.4642,0.001482,2361.7,3.5,0x2f...e155,https://bscscan.com/tx/0x95b07d49c36dc51eaa0d8d2d8da573a9b29272fe98ee2ba81fff53f09158913a
2023-03-29 01:33:30,True,0.4641,0.001481,2483.6,3.67995,0x00...78d2,https://bscscan.com/tx/0x8c792962b7dc1cc3b75b2565f084a3e3ce695d5dc38bf305203ffbfe4f8b1e0e
2023-03-29 01:31:48,False,0.4617,0.001474,90.2154,0.1329,0x27...5457,https://bscscan.com/tx/0xddc01bac7d0f6ef648b4f375c40b9ea838678a4fb6dd565e84c1ac0f09497fd7
2023-03-29 01:31:18,False,0.4594,0.001474,10.0,0.0147,0x27...5457,https://bscscan.com/tx/0xedc9d871bb6a2e0f870ba59a43f59d498dc4deb3c656bc7438d98941f7674ca1
2023-03-29 01:27:54,True,0.4638,0.001481,30.1606,0.0446,0xd4...d5df,https://bscscan.com/tx/0xd4703cbbc7777b9a5e58700dcde077d57d79dd06248f9b12d6d92446c69cebde
2023-03-29 01:26:48,True,0.4616,0.001482,200.618,0.2973,0x6c...e0e6,https://bscscan.com/tx/0xe1e4f21da5a4b760b3bd4e86c657c55975bb3784d5e4650deaf486f7d29aa17b
2023-03-29 01:24:51,True,0.4613,0.001481,12.5335,0.0185,0x62...1698,https://bscscan.com/tx/0x470dc20fa273719e37effdb4f26e03246e198ee69e68b4002e51fde4bc627f97
2023-03-29 01:19:33,False,0.459,0.001474,2.32494,0.0034,0x3a...bd67,https://bscscan.com/tx/0x7bb2db0214442f4935d7d6574fde594a227a080dcb57e4f7fa98b05ffa8da6d9
2023-03-29 01:17:48,True,0.4636,0.001481,43.0944,0.0638,0xf2...103c,https://bscscan.com/tx/0x9f7a0fce3483e887eca17ce6d296008ff725648563571648ce9fa1580bb61318
2023-03-29 01:08:51,True,0.4637,0.001481,829.9,1.22948,0x00...78d2,https://bscscan.com/tx/0x7281fd8d356360d5e6d22f135baea2cc435d98ff666c9101995ed914290c8921
2023-03-29 01:05:30,True,0.4631,0.001481,2362.8,3.5,0xed...4f31,https://bscscan.com/tx/0x50442f538fe1e69ac311017c677a28d1ecb4b7118a7798c414352c77d6848337
2023-03-29 01:05:30,True,0.4631,0.001481,2363.24,3.5,0xda...c952,https://bscscan.com/tx/0xbdabc7dd34c4722ee021e1595cc89ef1100100234b105dc10678f6f07e22b430
2023-03-29 01:05:30,True,0.463,0.00148,1446.9,2.14256,0x00...78d2,https://bscscan.com/tx/0x471329f70fb63420fc464a20658286be338b2625f3227b67c964c81197c5d434
2023-03-29 01:04:21,True,0.4606,0.00148,646.957,0.9579,0x70...8487,https://bscscan.com/tx/0x6148d7c168b9997757ac4191e21abf0f83eb11f015e7b64bfabd814c4c11a10d
2023-03-29 01:01:51,True,0.4635,0.00148,2364.07,3.5,0x91...79fe,https://bscscan.com/tx/0xd35a3015eec1ad474ee79a926d64d5c1bbcbffbc048f0c8a559a17f274062639
2023-03-29 01:01:51,True,0.4634,0.00148,2364.52,3.5,0x2f...e155,https://bscscan.com/tx/0x5433eade28c4e9727fae2947d4dabdc7b80a0d0a7f79a4222c1c7697672f0fee
2023-03-29 01:01:51,True,0.4633,0.001479,2364.96,3.5,0x62...1f10,https://bscscan.com/tx/0xd7fb918bf759f167a1b31b9e7f789a58444b6e836adb378e6a673bb000c3b2c6
2023-03-29 01:01:51,True,0.4632,0.001479,3074.7,4.54939,0x00...78d2,https://bscscan.com/tx/0xbb59479f5236b4241aa2035dbaaea0edb320d8ef00d225ca8178321042e358cd
2023-03-29 01:01:36,True,0.4608,0.001479,93.8604,0.1388,0xed...4f31,https://bscscan.com/tx/0xf65ac7a387bae6b0ecab38f54f23e880a07b9ed37c1820f2e993b1573175d1e6
2023-03-29 01:01:36,True,0.4608,0.001479,2366.0,3.5,0x0c...8533,https://bscscan.com/tx/0x6c5339f831ca89408e102bfee870f657ab16310fed3217f354a6f62c722ffe16
2023-03-29 00:49:20,True,0.4631,0.001479,647.475,0.9576,0x70...8487,https://bscscan.com/tx/0x830989cc656aa5f43de8642b4354546a8c20a68ca145f3b8fd7214bba6a56cf5
2023-03-29 00:46:53,True,0.4631,0.001479,24.0,0.0355,0xee...8089,https://bscscan.com/tx/0xbba7a9e1a446f8fa70bdd09250d3302d4b72df6d490aca87a4e03a4604860306
2023-03-29 00:46:35,False,0.4585,0.001471,20.8529,0.0306,0x52...8d7e,https://bscscan.com/tx/0xda9253d38e103d758f58fa8933c4978e75bc1ae59fd676f60b8c5acf428b5936
2023-03-29 00:45:35,False,0.4585,0.001471,18.0,0.0264,0x3c...4da0,https://bscscan.com/tx/0xd5baf4af6bcee6aea567d4dd4f70d51ce583a4e955e350848be78aee049bea92
2023-03-29 00:41:47,True,0.4631,0.001479,1933.3,2.85929,0x00...78d2,https://bscscan.com/tx/0x8fdbd8548c17563adbf190ae776db3c4a269b7aa0d9ccb55e5effca803dc01ea
2023-03-29 00:39:35,False,0.4608,0.001471,15.9275,0.0234,0x2d...2204,https://bscscan.com/tx/0xedef9306661b3b034927e7201cfbd0843fda80acf6ff51b0fa04b660c77fb20a
2023-03-29 00:39:08,True,0.4631,0.001478,40.572,0.06,0xe7...00c0,https://bscscan.com/tx/0x3463a2c9e852653f709ea94a62fda9e14dcc67d8c0a73c9849b2e39b83eff74f
2023-03-29 00:34:54,False,0.4582,0.00147,8.47814,0.0124,0x55...2f89,https://bscscan.com/tx/0xf9c4a5e3fae197b48e1ad14238e4991b31c109e4778dc01c4ee7aee37bc1501e
2023-03-29 00:34:48,False,0.4582,0.00147,15.0,0.022,0x5c...4731,https://bscscan.com/tx/0x9a9b626c03d780f8a278d9b517226c01c9ae26bb29effb9f04b6f0e64272f728
2023-03-29 00:33:12,True,0.4631,0.001478,646.58,0.9561,0x70...8487,https://bscscan.com/tx/0x9db0b3ccf432b1d44242354998006553364aed31ae9ead2ba1ad51d67fbb652c
2023-03-29 00:26:24,True,0.4608,0.001478,1263.6,1.86849,0x00...78d2,https://bscscan.com/tx/0x3a2f8d9f6fa8f4241ff70b1efb433ad342daa29eb4f55af56a9a82c478b7fd91
2023-03-29 00:24:51,False,0.4608,0.001471,1270.34,1.86908,0xf2...103c,https://bscscan.com/tx/0xfb19523af381a35ef4efd0e38f7ace757dcff4fffcdba68bd65ec693a4e05740
2023-03-29 00:24:06,False,0.4585,0.001471,29.0,0.0426,0xf2...103c,https://bscscan.com/tx/0xc75ca61ffdda1789a2bbfad764c3105039bd1fd434290678838861815e0bbd82
2023-03-29 00:23:57,True,0.4631,0.001478,1117.5,1.65247,0x00...78d2,https://bscscan.com/tx/0x817e730141ee43c85748c6df84c6a99e01b62d5ac39f2c1bc920e1a307fa5c7f
2023-03-29 00:23:39,True,0.4631,0.001478,2415.8,3.57178,0x00...78d2,https://bscscan.com/tx/0x48cc147d3d3c30f32982234aeb26ac17c11c2e9127d702c94d510f37f4668d33
2023-03-29 00:16:39,True,0.4613,0.001478,1904.4,2.81519,0x1f...4049,https://bscscan.com/tx/0xf1d9b9ed5eb1c5756c84a23ed6763fca4798d834f5e24a92a7b090cba1b13c4d
2023-03-29 00:08:42,False,0.4616,0.00147,47.8853,0.0704,0xf6...0562,https://bscscan.com/tx/0x3ada6e736f5650c8fb20d4ee85f805dab77f7eba1e839205682cd9f17550e44b
2023-03-29 00:05:24,False,0.4616,0.00147,13.23,0.0194,0x5c...70bd,https://bscscan.com/tx/0x5fbe3677bc2d98e5259b591f538cd08e0e5f764bf2aa45e36e5bb761884f9859
2023-03-28 23:59:47,False,0.4592,0.00147,20.3406,0.0299,0xb4...6d63,https://bscscan.com/tx/0x628576fc60b9178632f97f34f3adad1e615e487a4201deed2767a9933cb4935f
2023-03-28 23:59:38,False,0.4595,0.00147,24.0924,0.0354,0x3d...3d57,https://bscscan.com/tx/0x727a03ddaaf4b05b17192bb503f39b6c2166025c1103958686b0468ae497c10b
2023-03-28 23:49:02,True,0.4626,0.001478,348.541,0.5154,0x36...a89b,https://bscscan.com/tx/0x413f4e7304109da503242e18d55dec010cd623e2718080fddd2aafd2cd386c13
2023-03-28 23:43:44,False,0.4626,0.00147,16.0,0.0235,0xb4...6d63,https://bscscan.com/tx/0xe0a3b03023cad94aca429cd731e430b003bd27783b1fa206807fc1200d12685e
2023-03-28 23:29:52,True,0.4623,0.001478,219.497,0.3244,0xd4...7960,https://bscscan.com/tx/0x835f88a0dbb5689b8fe7f164a0d1513d10c77bee5a70c41e0d879864c2d105e1
2023-03-28 23:12:23,True,0.4648,0.001478,54.1239,0.08,0x5b...91e7,https://bscscan.com/tx/0xfb1c586db078a3fc9c9d5997bd918f23b3b3fdd466c5934411a359290004ca6b
2023-03-28 23:09:53,False,0.4602,0.00147,5.0,0.0073,0xee...ab7a,https://bscscan.com/tx/0xa5c78fb4bc1c33f6a7474946076cccc858b80c545ec25fc3dbf137fd7fb618ea
2023-03-28 23:06:38,False,0.4626,0.00147,109.811,0.1615,0xa9...dab1,https://bscscan.com/tx/0xc78840e39f2c76f812404fdcefa2e6334de333f66348e40f9be078631d1d3858
2023-03-28 23:04:41,True,0.4649,0.001478,28.6065,0.0422,0x92...a4fe,https://bscscan.com/tx/0xa56fdf93fe613a411e18fd68ec817bfae18e0a79c68147f5cbc50a3610c5039f
2023-03-28 23:03:02,False,0.4603,0.00147,111.546,0.164,0x63...fd97,https://bscscan.com/tx/0x3ed69949536c1206cc079cf76df001d68433d8717e03504c0e0fe6594772bd5c
2023-03-28 23:02:08,False,0.4603,0.00147,3.29319,0.0048,0xf6...15bc,https://bscscan.com/tx/0x6f3d11e8ba111b872b5b990886ca9e3a2c0e1594407f4cf78c9772f4a8a9eda8
2023-03-28 22:59:08,True,0.4651,0.001478,42.8658,0.0633,0xcf...1320,https://bscscan.com/tx/0x2c1e341b1ef4b54686badcc5054e0f0c2d870d6d2686415aea5d9f3c255a7b8b
2023-03-28 22:57:41,True,0.465,0.001478,765.3,1.13116,0x00...78d2,https://bscscan.com/tx/0xf86dffcf5e10f82da9caabeefb619728412cfafe09abee685c8c8e0178a5089d
2023-03-28 22:57:26,False,0.4604,0.00147,13.3525,0.0196,0x9f...3fb5,https://bscscan.com/tx/0x7e93d97c5c06a535f372c940d5bdd6e7ec46d809caf1c71e932a4d97f538120d
2023-03-28 22:57:26,False,0.4604,0.00147,63.7246,0.0937,0xa0...69ff,https://bscscan.com/tx/0x87368c8cf38099e4f72fab422bf6d0fe3dd53083177a7042e17201b011df6656
2023-03-28 22:56:50,True,0.465,0.001478,28.5753,0.0422,0xe6...b877,https://bscscan.com/tx/0x1e272c3b6f2e3ded4c798a60faa64a58687c47086be99160403abe30d269183a
2023-03-28 22:55:26,True,0.465,0.001478,42.972,0.0635,0x0e...96cc,https://bscscan.com/tx/0x5a718b354d2111d513641a206f4988ec40d03ec97d5bad99a1e6eb37b55ea475
2023-03-28 22:53:32,True,0.4628,0.001478,42.8616,0.0633,0x82...6730,https://bscscan.com/tx/0xf7e2dedad946bf038f0552cedae0cd15b3ba74654faa7f150fd2d4d2b48cb31a
2023-03-28 22:53:17,False,0.4605,0.00147,1.0,0.0014,0x50...a125,https://bscscan.com/tx/0x0d491407c8aa15ed973077c3e3bb25b32e31ccf7bf0accb97f5095b84c421a48
2023-03-28 22:51:53,True,0.4653,0.001478,28.5738,0.0422,0x60...0037,https://bscscan.com/tx/0x0f46f330d0bc56fe2a9c697b44896a4a1dd7cd56ad13a5ffa98487e4f8580f8b
2023-03-28 22:50:38,True,0.4653,0.001478,42.9659,0.0635,0x0e...96cc,https://bscscan.com/tx/0xe04cb2e784d32b028ef9b7817795ec6ae8190742ec4b59bbaeb90d477a17056c
2023-03-28 22:49:11,True,0.4659,0.001477,1148.6,1.69756,0x05...7eea,https://bscscan.com/tx/0x9047841d0a2a1b168ac6a89c1ea1935eded6a22ba22f9ee27c21df3d5b7ac0ee
2023-03-28 22:45:44,False,0.4611,0.00147,5.26345,0.0077,0x2a...4fae,https://bscscan.com/tx/0x2161d9a82f5b65b9676c25a851b090e01a3e4cec3ff8bafa2050eb71e1437068
2023-03-28 22:32:44,True,0.4661,0.001477,2368.5,3.5,0x0c...8533,https://bscscan.com/tx/0x8a15b03b57170ff05c855582cf8df65947096ac9fa7506ee1829a7d1b7453aea
2023-03-28 22:32:44,True,0.466,0.001477,2368.94,3.5,0x62...1f10,https://bscscan.com/tx/0xf6d1bfc2d3c0408e79f9eacacac0da97948258ddfb84a7345d2c0abbf7f9f1b5
2023-03-28 22:32:44,True,0.4659,0.001477,949.9,1.40325,0x00...78d2,https://bscscan.com/tx/0x264e1eb26d97be700c5acb39fc5e897c95f72da09d32e1cae5d8104cd751c301
2023-03-28 22:31:20,True,0.4659,0.001477,131.1,0.1936,0x7a...bb4f,https://bscscan.com/tx/0x5bc5ce29b15930acdb7bea3b85bfb800287a5b3567735f95e7c2c2509a9618d8
2023-03-28 22:21:02,True,0.4637,0.001477,806.0,1.19058,0xa0...cc8d,https://bscscan.com/tx/0x3b0defe3f0e84e4952fe9409c8f379a1fdf8434180ef0db976d3b02f873c9eeb
2023-03-28 22:20:59,True,0.4636,0.001477,1663.0,2.45625,0x71...69e3,https://bscscan.com/tx/0x1bc30c4ed8e29fe97dc434c6529f9a319987975d33457ae8f95e056a50a37fe4
2023-03-28 22:20:56,True,0.4633,0.001476,548.1,0.8094,0x9d...6dab,https://bscscan.com/tx/0xe651da1751d69f5b9e2b410ba0bc1fc4335b786930892d8b08e3f993436e8e2f
2023-03-28 22:18:29,False,0.4612,0.001469,35.0496,0.0515,0x1a...0c99,https://bscscan.com/tx/0xe9ae3244422fa0863e557e96e0cf2c4972d3a9b31b2654e3a013e1dd5b9f0b92
2023-03-28 22:17:35,False,0.461,0.001469,350.06,0.5144,0x89...7a42,https://bscscan.com/tx/0xa78234f68bf223d43e4d6173f20a50c7bedfe5fc4cc3322b0f680fb7fad0a1eb
2023-03-28 22:14:50,False,0.4636,0.001469,208.992,0.3071,0xa7...aa71,https://bscscan.com/tx/0x1bf0dc7d90723fab08350697ae2c989f2c0fb5d432bda1dbe9f13f8714da5e1e
2023-03-28 22:10:29,True,0.466,0.001476,41.9797,0.062,0x56...4465,https://bscscan.com/tx/0xe9279e0b90555fcb4d6aa3b5354ccde3898dc72780bbf5ef1e124a6920a49cb9
2023-03-28 22:10:20,False,0.4636,0.001469,21.0348,0.0309,0x4a...1c2a,https://bscscan.com/tx/0x9392ea9ed297c89d63878a763cbcb125fbe775ed96df8bb6dde14bba5612df90
2023-03-28 22:09:02,True,0.4636,0.001476,71.4624,0.1055,0x52...a560,https://bscscan.com/tx/0xa78d81b53e1e4e9386b707997d372054d09afc3f88c9d859f9cda2d177f30de5
2023-03-28 22:06:32,False,0.4637,0.001469,13.0043,0.0191,0xe9...891f,https://bscscan.com/tx/0xdbc568a887f9d1af90ee86954db78768d29a827276a85c96d603df74f767dda7
2023-03-28 22:05:56,False,0.4611,0.001468,48.5368,0.0712,0x75...6ebd,https://bscscan.com/tx/0xba1bea0a8429e524fda2eb7aa4422524a8be82c59e11f3117aba138b3c113b18
