datetime,buy_order,price_USD,price_native,amount_token,total_native,maker,etherscan_url
2023-03-26 08:37:10,False,0.468,0.001443,7320.0,10.5648,0x83...6678,https://bscscan.com/tx/0x0414dbf3782d9a7a5aa184cd3620156fe7b1fa7faf562bb53a707db2655f281b
2023-03-26 08:37:10,False,0.4683,0.001444,6938.72,10.0201,0xb0...a41e,https://bscscan.com/tx/0x15c579e58103c6d0797a7a9ce6ccb760c0965eb4959586ff0a91b75f8ad8b160
2023-03-26 08:37:07,False,0.4684,0.001444,1172.64,1.69393,0x00...78d2,https://bscscan.com/tx/0x67b7f6452378d941a93b3f660c3e4131269641761275ff72cad8e1cac183bc4a
2023-03-26 08:36:52,True,0.4708,0.001451,127.44,0.185,0xda...479e,https://bscscan.com/tx/0x484644d1add7b05d1f061e6358cfacc2b5f41b3cf96a8446d1ad0fe1357e2ae3
2023-03-26 08:36:37,False,0.4661,0.001444,2572.74,3.71693,0x00...78d2,https://bscscan.com/tx/0xe5622552df80c742d96e82e90bb7688e4ab877966a6a5ba479c3e4c1cdb16f2d
2023-03-26 08:36:34,False,0.4686,0.001445,2572.74,3.71767,0x00...78d2,https://bscscan.com/tx/0x0779ab37f1807b25ff6db9b3a1e7b9cb31c57b0604d0721e2d3f670ce7949ea0
2023-03-26 08:28:10,True,0.4686,0.001452,636.699,0.9247,0x70...8487,https://bscscan.com/tx/0xc735ef88f483e0a148a0859bc1bf051abd7985f6daf12857ebe199da173a946b
2023-03-26 08:23:10,False,0.4664,0.001445,9440.0,13.6467,0x83...6678,https://bscscan.com/tx/0x3069e11ea738380a7c227d18e248ab6141379fdce9cf2f8355903c9efe3d5033
2023-03-26 08:23:10,False,0.4666,0.001446,2771.86,4.00899,0xb0...a41e,https://bscscan.com/tx/0x498cc796e757e8a142d97e0f619db7e3eca66b8e245303889343592ded0839f8
2023-03-26 08:23:04,True,0.469,0.001453,296.955,0.4316,0xc6...a958,https://bscscan.com/tx/0xd450d9a5b1523bffb8bfc6e9b50e1daaffb46e1c77d2d67e41de0c5cc3301747
2023-03-26 08:20:10,False,0.4669,0.001447,13846.5,20.039,0xb0...a41e,https://bscscan.com/tx/0xdc8d6f96cb7d8091b9f33e22e41e00e0e8df23e598fcff57b91bc366706fbb3d
2023-03-26 08:19:52,False,0.4697,0.001448,9440.0,13.6743,0x83...6678,https://bscscan.com/tx/0xfc09e3c97bf0d7fa7ebdca89fcab45dbe5d0a9a0860413b1eff7972c9b28146d
2023-03-26 08:19:34,False,0.4699,0.001449,1038.8,1.50537,0xb0...ff7c,https://bscscan.com/tx/0x11d1426c148c301046fbd61adf88463b8e23224a07e9d7c744108f41bc144a54
2023-03-26 08:19:31,False,0.4701,0.001449,6184.3,8.96443,0xd8...bcda,https://bscscan.com/tx/0x3465798ea75ff85aa1569aec572a6e0f714fdbf99db9f3972714568e0de9a51f
2023-03-26 08:19:31,False,0.4704,0.00145,9440.0,13.6921,0x83...6678,https://bscscan.com/tx/0x46973e894684bd1dcad721e042f5d6944349e6e2c8d46a217f38cea6c011a5ed
2023-03-26 08:19:31,False,0.4708,0.001451,13852.1,20.1098,0xb0...a41e,https://bscscan.com/tx/0x16fc733b3d911b25cfba18977ef3f60a051e6bbcfe4725dec9b219efd2e6ef41
2023-03-26 08:19:31,False,0.4711,0.001452,1205.64,1.75132,0x00...78d2,https://bscscan.com/tx/0x76d493233962f550bbc98885a4d3aac9f3183e5c555a12640ec53571ec59917e
2023-03-26 08:17:49,False,0.4688,0.001452,212.88,0.3092,0xdd...0065,https://bscscan.com/tx/0x6eef42aaf539664e79940c12fad44a6301d8c278ea24d96f969d0b7e9981e846
2023-03-26 08:16:04,False,0.4687,0.001452,14.3018,0.0207,0x43...a0db,https://bscscan.com/tx/0x00988c60eeede878dc123e669281f32acc536cab8393bda5a4e5dd2459d9d0a4
2023-03-26 08:15:55,False,0.4687,0.001452,37.9708,0.0551,0xca...3bca,https://bscscan.com/tx/0x95793ce175798e477f21cdcd7864ed9fd269f60cc38d2c90bb3d5bf46118fbde
2023-03-26 08:15:34,False,0.4711,0.001452,74.958,0.1088,0x1c...df7f,https://bscscan.com/tx/0x21e8f8c0b3578fd5071f43995406cff01fbb67cff5b2ea12839773f4b8ee1f2b
2023-03-26 08:15:22,False,0.4711,0.001452,2556.3,3.71396,0x00...78d2,https://bscscan.com/tx/0xb87695462a36e6852687ff2711b3c7a31345cfd094323f8cfc4d942fd0250c36
2023-03-26 08:15:19,False,0.4712,0.001453,2556.3,3.71471,0x00...78d2,https://bscscan.com/tx/0x2dfbb012295032050fdf0bf4b7b7428b2177beb515f332bceafdff6fcaef4e1b
2023-03-26 08:12:10,True,0.4713,0.00146,633.017,0.9245,0x70...8487,https://bscscan.com/tx/0x520f5a2cca9ae7c0c1dc74bca49acc8525d17310b74242546c348cde137c1c83
2023-03-26 08:06:40,False,0.4715,0.001453,260.0,0.3778,0x2e...a4ce,https://bscscan.com/tx/0xd6dfee183e184d8c78abdc642600ce580294406bf53ad0ed310982ea9eda74fa
2023-03-26 08:05:55,True,0.4738,0.00146,105.711,0.1544,0x2e...a4ce,https://bscscan.com/tx/0x1c261225cbd07fdbc125017f595809fe06cbb658e64b36083f0c817ffc3a5a1d
2023-03-26 08:05:34,False,0.4692,0.001453,2555.51,3.71416,0x00...78d2,https://bscscan.com/tx/0x0f6abec7ff3b3141e0990503ce0cd74de5671abf3fb80c6fe5d9b8eaaecb72c7
2023-03-26 08:05:01,False,0.469,0.001453,2556.3,3.71605,0x00...78d2,https://bscscan.com/tx/0x752aaa3547dd203c20b6c3024ee00b6a8c299c66483838e2555363f42136ea86
2023-03-26 08:03:25,False,0.4693,0.001453,898.17,1.30583,0x16...17ea,https://bscscan.com/tx/0xf78a25a8c4c1f36884810ea959d03d0bec62dc5a5238b6b8a50931ff151d8f3e
2023-03-26 08:02:28,False,0.4717,0.001454,2555.51,3.71591,0x00...78d2,https://bscscan.com/tx/0xd9fc75720d3dfa90dcacf822034e179cc06cacac1e68281f7edadef3ae1cb73c
2023-03-26 08:02:25,False,0.4718,0.001454,2555.51,3.71666,0x00...78d2,https://bscscan.com/tx/0x8d7591e4d3b53caddc9120f940a4c1c109a797bed6916d628682fc94d6aa00f9
2023-03-26 08:00:58,False,0.4695,0.001454,1328.77,1.93281,0x00...78d2,https://bscscan.com/tx/0x5d0eec5a94b5c0f7dee6f37b83018e2d2967d199d4f70f76361167160f41a8b7
2023-03-26 08:00:52,False,0.4696,0.001454,2550.87,3.71103,0x00...78d2,https://bscscan.com/tx/0xa6d5b328a425b5b55ab0411d7d0abffdf62ed3b17c4987ddb5a0e86148d77768
2023-03-26 07:57:16,False,0.4697,0.001455,60.0,0.0873,0xea...eb34,https://bscscan.com/tx/0x490a48a85d819e826a0ddcc64e47224a5b0d7a0ac43ecf5fd8579a0677e67602
2023-03-26 07:57:04,True,0.4744,0.001462,39.6828,0.058,0x2a...dc7e,https://bscscan.com/tx/0xe24923f2295c2f4c63d5acac637e61703ef6814d73b7651ef7d4f835abe5d858
2023-03-26 07:56:10,True,0.4744,0.001462,632.312,0.9245,0x70...8487,https://bscscan.com/tx/0x7fbe7ebf20e52db49b0f6f95d4ccc76ba7a5406759ce10eb0bd998fc9d337afa
2023-03-26 07:40:34,False,0.4717,0.001454,140.0,0.2036,0xa1...3fcd,https://bscscan.com/tx/0x2f2717b1eb7ec36fc1f6fe4dbf317687868e29de729e61137101d75d343b5345
2023-03-26 07:40:13,True,0.474,0.001462,632.37,0.9246,0x70...8487,https://bscscan.com/tx/0xf5ee1170382afe1092fa7ab5faaf94d58dcd28e5523025ef8ef108bc97e71903
2023-03-26 07:38:16,False,0.4693,0.001455,2438.9,3.54852,0x00...78d2,https://bscscan.com/tx/0x44568e592385d122d179eb3d612754fddff740996b650def442f5f2d55985f1c
2023-03-26 07:37:10,False,0.4717,0.001455,2555.51,3.71892,0x00...78d2,https://bscscan.com/tx/0x76ab72a74159f06539fcb95f471435a996423738e8155089badee540cf559f7c
2023-03-26 07:31:25,True,0.4719,0.001462,46.0,0.0672,0x65...3a88,https://bscscan.com/tx/0x951f6482ca863cfc6b1f4e26ff70df150226f3b23c85a2e1482a6b3f009d2079
2023-03-26 07:30:13,False,0.4719,0.001455,333.033,0.4847,0x2a...dc7e,https://bscscan.com/tx/0xcc807494924fc4142787f1e894a7e0c773b3cf2ba3daeb8fd38dce425163809c
2023-03-26 07:29:43,False,0.4696,0.001455,27.4832,0.04,0x2a...dc7e,https://bscscan.com/tx/0x80852083d90aedad213aa42ff1d332982f858983a61f3e1b013ec0c37309be87
2023-03-26 07:28:43,True,0.4719,0.001462,12.6437,0.0184,0x6c...a2f3,https://bscscan.com/tx/0x71f6631602ec38bc9f9a3f295c9f4b1f0597c113a0f812967bfe918704cf5a1b
2023-03-26 07:24:10,True,0.4741,0.001462,631.962,0.9243,0x70...8487,https://bscscan.com/tx/0xeda90d50db10702bb99af163add8a000f2dc49efc86178d6731c2a5b03411289
2023-03-26 07:21:49,False,0.4717,0.001455,169.0,0.2459,0x64...9ae8,https://bscscan.com/tx/0x676fd4a67d462e4be47a807854a632231d4d34edbe26b1f46e1dcc72ee5dcef6
2023-03-26 07:19:49,True,0.474,0.001462,6777.02,9.91,0xbb...6234,https://bscscan.com/tx/0x7cac572bdaf23e1fc184a37597e9539dc57dea7b2bb182f10e1b798c6a880513
2023-03-26 07:17:37,False,0.4692,0.001454,8.0,0.0116,0xe6...3a2a,https://bscscan.com/tx/0x97283450fbfc23c279efe93c8e4edb13d430806533cfbb4cfab347320e8f4b2f
2023-03-26 07:14:28,False,0.4693,0.001454,1812.5,2.63666,0x05...7eea,https://bscscan.com/tx/0x00fcb0b0ae4a8e03516c242c301dc638d93d5d509604b238ca02191f17876275
2023-03-26 07:14:25,False,0.4693,0.001454,913.2,1.32858,0x05...7eea,https://bscscan.com/tx/0xe95579b676e05fc3be1a2455d8e8d4653e281f1d0593e419f87f3c39aad905d7
2023-03-26 07:12:40,False,0.4715,0.001454,10.0,0.0145,0xe6...3a2a,https://bscscan.com/tx/0xd8981d6fc8c42cf37d179200719bbf3d4e40447a89fa20a0f4ecd81c4e01c5b6
2023-03-26 07:08:19,True,0.4733,0.001462,631.124,0.9228,0x70...8487,https://bscscan.com/tx/0x1f13b9090032539c0f8f194d27e1ea6b194103efd0bb0a58e3754f3cb578ce06
2023-03-26 07:05:43,False,0.4709,0.001455,2407.7,3.50316,0x00...78d2,https://bscscan.com/tx/0xffb2e03b89858f4a7d02a40567969c4bfa731b6785c7dc37bb1ff5869e6c3760
2023-03-26 06:53:10,True,0.4737,0.001462,632.645,0.9251,0x70...8487,https://bscscan.com/tx/0x9b6a26fc450b9579a4509a87d393ce7126c5315c0e5d2b405759402e40badec6
2023-03-26 06:44:40,True,0.4734,0.001462,290.125,0.4242,0xba...6ee1,https://bscscan.com/tx/0x0ab062c12c48a7ca7889286cd6e8c4a8036d4c237cbf4c8bc9d96a58c22d53f3
2023-03-26 06:43:40,True,0.4734,0.001462,367.532,0.5374,0xba...6ee1,https://bscscan.com/tx/0x98b9e25e986d4cf1ff61d9cd1b9b343d7835fa6f67ee2e1ded68483561fc7d90
2023-03-26 06:38:19,True,0.4732,0.001462,632.323,0.9246,0x70...8487,https://bscscan.com/tx/0xef2424086de51c4beb67fa7a7811b617519442c3a63cea68ed34abede0fde734
2023-03-26 06:33:10,True,0.4731,0.001462,177.362,0.2593,0x81...3662,https://bscscan.com/tx/0x98e37a56d14847199e7e53d9f67ccac803e8b3e0cce697122131a714fd88d8c4
2023-03-26 06:24:49,False,0.4711,0.001454,55.4129,0.0806,0x02...f2c0,https://bscscan.com/tx/0x7506b6825238544104c1083864a62c7647b48cdbc7f3da3ea9d3d6075c016e87
2023-03-26 06:23:22,False,0.4688,0.001455,1136.0,1.65282,0x00...78d2,https://bscscan.com/tx/0x0e0cae891fe83def804d38ea9c1b02680a91e8d4cca1f1be8b9fd99efa7b7afb
2023-03-26 06:22:19,True,0.4735,0.001462,632.927,0.9255,0x70...8487,https://bscscan.com/tx/0xdf9481675a6cfe8afe17d06bd3bfde8ed1f75c9551b9e9a33ca2a5b224e97ae2
2023-03-26 06:19:40,False,0.4712,0.001455,1318.7,1.91873,0x00...78d2,https://bscscan.com/tx/0xa0c06f4d7a80481a9e81a011b8bd9b20b565026bf97b917a82e0f76e95988135
2023-03-26 06:15:58,False,0.4713,0.001455,2556.3,3.72004,0x00...78d2,https://bscscan.com/tx/0x47d01e8b279a6d4b446ed78aa338952f74c193a1e5414ab0c59190aad7566d28
2023-03-26 06:11:37,False,0.4712,0.001455,9.65118,0.014,0xcb...4b28,https://bscscan.com/tx/0x2732fc130cc56f855d1e7ec2a3ab226020bcda16ffd0dbb7adef4d2e4590da6c
2023-03-26 06:06:36,False,0.4711,0.001455,1.6,0.0023,0x3a...bd67,https://bscscan.com/tx/0xc63cf3e25513d860e20d06f7e3e86b23f2f2858353fae1cde7786f774ec8e37a
2023-03-26 06:06:12,True,0.4711,0.001462,632.815,0.9255,0x70...8487,https://bscscan.com/tx/0x4c5ff9313de08cf37db2d38852b1a9a65fa846effba5540f6b340fc5b770d9e2
2023-03-26 06:06:00,False,0.4711,0.001455,40.7169,0.0592,0xa9...86d9,https://bscscan.com/tx/0xb1c1dc1f81f0bc497eb42267853e43f63ff63e15d4062c489734fadd1c0e4466
2023-03-26 06:05:33,False,0.4711,0.001455,594.265,0.8648,0xc5...775c,https://bscscan.com/tx/0xa3a3ca60630fc7eb9e149a256f68a0db9e8c352d1cc8c4db29654478aee45549
2023-03-26 05:57:21,True,0.4736,0.001462,29.2672,0.0428,0x68...787d,https://bscscan.com/tx/0x899700e83831b3313a8b6e491a02f0819911db3085f25ba1b5d91c1bd88d22e2
2023-03-26 05:55:48,True,0.4711,0.001462,42.4072,0.062,0x2d...f642,https://bscscan.com/tx/0xceb818a43a18dfe786293c2c380f9aa812c3d2708bd771c0898960a7cd8180f8
2023-03-26 05:54:54,False,0.4711,0.001455,32.2138,0.0468,0x0e...2f4c,https://bscscan.com/tx/0x709c5deb990da068224130761fffa1f33413a4c2228b776ed4c4a1deeae15e3d
2023-03-26 05:50:12,True,0.4734,0.001462,632.956,0.9257,0x70...8487,https://bscscan.com/tx/0xd3c04d2f8c5f98c9a39a33a324f1219791eab3fefbe38b517a26f91c1a942230
2023-03-26 05:43:24,False,0.471,0.001455,20.0,0.0291,0xf3...be59,https://bscscan.com/tx/0xc4e47c0b2e0e6f237dcc5c510f6329418a837fbfae315e47521954b10d6a937c
2023-03-26 05:38:07,False,0.4709,0.001455,290.725,0.4231,0xf9...1267,https://bscscan.com/tx/0xaa79fd863610fe53068406954bde4bc69b29a9d8259b16a75c9e9d0adcf13f0e
2023-03-26 05:35:10,True,0.4735,0.001462,632.951,0.9257,0x70...8487,https://bscscan.com/tx/0x390e40a4d9661f717091c5c9a9b3449a19885c36038345cd79a09cd7da42d3ea
2023-03-26 05:23:09,True,0.4714,0.001462,220.0,0.3217,0x42...859c,https://bscscan.com/tx/0x0ce46c9a58e482c42210dc58963ef2dea5f53fd104d93aaa2eb997227cc1f0fe
2023-03-26 05:19:12,True,0.4737,0.001462,632.566,0.9251,0x70...8487,https://bscscan.com/tx/0xd3e1f388a117d5295d496f5f35354aa21a13065884327c07eaffe5dfc3ac1060
2023-03-26 05:15:45,False,0.4714,0.001455,68.1774,0.0992,0xdc...6e0a,https://bscscan.com/tx/0x7dc24d07b060a34a3610e4d566028a12097eb57db127df520e9997ab32bc0aae
2023-03-26 05:14:39,True,0.4737,0.001462,50.0,0.0731,0x8e...f7a5,https://bscscan.com/tx/0x66eace45aeb9fd70e02ed1033843de757fa271ec8e09eca8992892bcaa702800
2023-03-26 05:04:19,True,0.4736,0.001462,632.529,0.925,0x70...8487,https://bscscan.com/tx/0x3a648c2d607de70cb5593a6fc75f7520ca69ce2ee6c3469156b1b2ee8a2a83b8
2023-03-26 05:03:40,False,0.4712,0.001455,1498.8,2.18104,0x00...78d2,https://bscscan.com/tx/0x6f96f9c671b80b252ae3bb41a1fe482d3e43fa05cf829a62140b62adf3e616f9
2023-03-26 04:56:19,True,0.4735,0.001462,700.0,1.02378,0x42...859c,https://bscscan.com/tx/0x24f1211e499978cc9b17df040f77137452c76427756cbaddd35f666d72d7be58
2023-03-26 04:53:43,False,0.4713,0.001455,619.055,0.9008,0x8b...4a94,https://bscscan.com/tx/0x0ba2eafb10d3b6bfe975238f94cf790da635f2909f64d565838f64cf20405f0c
2023-03-26 04:48:12,True,0.4738,0.001462,632.783,0.9254,0x70...8487,https://bscscan.com/tx/0x79540461265fa90b324ac7c1d9a3e4956a4605e72146f35e42135dfcef3106d5
2023-03-26 04:45:42,False,0.4712,0.001454,10.0,0.0145,0xe6...a6ae,https://bscscan.com/tx/0x849b6595b4595e4fac02832f50fa0d301a69c28dc5e75d062c5e4a3b9be02f07
2023-03-26 04:41:33,False,0.4714,0.001454,25.0,0.0363,0x80...2931,https://bscscan.com/tx/0x31cb2032408ddbd619aa04704c69b1b52ed0a5fbd8997623e904275bc0dc4250
2023-03-26 04:33:18,True,0.4738,0.001462,632.821,0.9254,0x70...8487,https://bscscan.com/tx/0x468b929c0ebf51412bdc482bc361f1ff44cf268ecd309a881c3e21dce5f651ad
2023-03-26 04:27:15,False,0.4711,0.001454,8.0,0.0116,0x09...b7b3,https://bscscan.com/tx/0xa21702c622891960e13c0992cce745478ca1b4e7c4611b022d3219386bedac3a
2023-03-26 04:18:21,False,0.4715,0.001455,7590.0,11.0477,0x83...6678,https://bscscan.com/tx/0x995bc35bbee4cba28ac2705c2bb70758260e5f2d4c3036f676b5a731c257a8ae
2023-03-26 04:18:21,False,0.4718,0.001456,7570.79,11.0263,0xb0...a41e,https://bscscan.com/tx/0xec576331b545a36c93f596ca664954834805a35b1b305f2b7e2d1235f99b1b9f
2023-03-26 04:18:21,False,0.472,0.001457,2545.46,3.70874,0x00...78d2,https://bscscan.com/tx/0xfe1975be8288f8c94995b7af257cf1cab94703f6af9a4d544160de44770ebae2
2023-03-26 04:18:09,False,0.4721,0.001457,2389.17,3.4817,0x52...1c7e,https://bscscan.com/tx/0xf30dd337a221b86b60c1c4d0bc789d733d25348ac999116758922e52be054f7b
2023-03-26 04:18:09,False,0.4722,0.001457,2390.07,3.48366,0x62...1f10,https://bscscan.com/tx/0x8c40b856b579d3418329631f9af3cce2cff69959e3926e160a838caac84effa7
2023-03-26 04:18:09,False,0.4723,0.001457,2389.62,3.48366,0x2f...e155,https://bscscan.com/tx/0x5f8a4b2b5db9bc043d23cfc7b439f0bd67dfcd25afa5fb18bf4a02802399e307
2023-03-26 04:17:12,True,0.4746,0.001465,631.582,0.9254,0x70...8487,https://bscscan.com/tx/0x5c0f7ef47214d7c793818d2db7c410d7345ea0ea26a2c8089391d43fca2ee14a
2023-03-26 04:13:33,False,0.4722,0.001457,86.7919,0.1265,0x8a...5d04,https://bscscan.com/tx/0xe59bc3c14762675c7b6ece5206ddfd33f4aacc198036ccb7cfff20631072e2fc
2023-03-26 04:02:18,True,0.472,0.001465,631.907,0.9258,0x70...8487,https://bscscan.com/tx/0xdd02f6e21faf11590cf264dd5a1b3f2d8766a25da85c9f47f8967b6ab2844bb3
2023-03-26 03:47:06,False,0.472,0.001457,8.0,0.0116,0x84...ccf3,https://bscscan.com/tx/0xca0a2780fd6b19a04ab2b4d46c21a9051e44d49056aa488cb0d6662c30d72201
2023-03-26 03:46:12,True,0.472,0.001465,631.707,0.9255,0x70...8487,https://bscscan.com/tx/0x6676c526cbb5990afaf6336d109e887464dd56bb896388fdaa91a4c58bfa0cd7
2023-03-26 03:45:48,False,0.472,0.001457,32.3292,0.0471,0x84...ccf3,https://bscscan.com/tx/0x743dd24aba9b22888e4b8201ee83d4a9a5e2c0497fe3087e8a2e1f0fba661bc7
2023-03-26 03:43:21,True,0.4719,0.001464,2389.17,3.5,0x91...79fe,https://bscscan.com/tx/0x638a813c5ab3469bbd2855eb2e4dd8077e3603ed636f961a471f5abfeabca3ce
2023-03-26 03:43:21,True,0.4718,0.001464,2389.62,3.5,0x2f...e155,https://bscscan.com/tx/0x9bf6a48d52262578b3a7c5b9431915219e60d7bfe82592201aa76acda955e17e
2023-03-26 03:43:21,True,0.4718,0.001464,2390.07,3.5,0xed...4f31,https://bscscan.com/tx/0x69c2a4b09058c996cfe1302ea9d6993e93538075014396538bf79c208752509c
2023-03-26 03:31:12,True,0.4736,0.001464,632.64,0.9263,0x70...8487,https://bscscan.com/tx/0xa8dba0dac0d0783933e9db188b3d3ac16b026086baaed9249fe3b54733edf1da
2023-03-26 03:26:31,False,0.471,0.001456,50.0,0.0728,0x1a...e4dc,https://bscscan.com/tx/0x1ff5c191bb92dac8bcf50bf878c4e9843cd66d2a8907ba6e2bb1c4fcc3ee501e
2023-03-26 03:25:58,False,0.4689,0.001456,2.12395,0.003,0x88...369f,https://bscscan.com/tx/0x5c6f2b92ea8eb262528cbebca7d5c779cd46b12b7916121fad9f60bf4968300b
2023-03-26 03:18:07,True,0.4711,0.001464,1508.1,2.20801,0xd2...d344,https://bscscan.com/tx/0x421963b2c8bfe74d841c1604f7c037470288995c5b66c731a34c88b95fa83cae
2023-03-26 03:16:10,True,0.4734,0.001464,632.645,0.9261,0x70...8487,https://bscscan.com/tx/0x5f7c8ae6f0984db118df3a635ef26db34d5bf833e3a5b0f82d8b7aa28b4373ab
2023-03-26 03:10:58,True,0.4734,0.001463,170.0,0.2488,0x23...eaf1,https://bscscan.com/tx/0xb112a290312e6b482a9bb20d706e363ae85304e09113beec9984c8fb484ea998
2023-03-26 03:09:51,True,0.4734,0.001463,598.331,0.8758,0xf1...8f1e,https://bscscan.com/tx/0x45f17183350fed8d0c699cf1fb066413f9ac88b48f709f6454b6cf1d6f8350df
2023-03-26 03:06:44,False,0.471,0.001456,35.3595,0.0515,0x0b...c011,https://bscscan.com/tx/0xc773bd867da1631cfee232c3395a0c15462d03cc83a4b744b3a3803061f384b3
2023-03-26 03:04:56,False,0.471,0.001456,5.35955,0.0078,0x0b...c011,https://bscscan.com/tx/0x9dd6a47fb1acb98b606b3d7ebf473fadfd7adc49c80d04c22ffa73aa01ad66c6
2023-03-26 03:04:29,False,0.471,0.001456,108.695,0.1583,0x0e...005b,https://bscscan.com/tx/0x84a8a718f804b338558bdd50ab4ed68404a83f3ffaede19b2b9d98d6d7cb6b1b
2023-03-26 03:00:12,True,0.4733,0.001463,632.867,0.9264,0x70...8487,https://bscscan.com/tx/0x6a281f7372fae0b42371778f3aa4ca5664abfa1035e4e276939b5c87525bba08
2023-03-26 01:54:28,True,0.4734,0.001463,498.712,0.73,0x7d...6578,https://bscscan.com/tx/0x9da73d44824f1c9d83e5371d1b08322a727f5dcbb7d45163226c1e4e70226ce9
2023-03-26 01:53:58,False,0.471,0.001456,17.8533,0.026,0xc1...9181,https://bscscan.com/tx/0x4d07f62fe07ae0ab66ddc85d8cd1b265ead6fcbf9491c53cfadfb9d097e9fff1
2023-03-26 01:52:10,True,0.471,0.001463,60.9848,0.0892,0x34...b2a8,https://bscscan.com/tx/0x88be3b754ae8d14b234e8d17400d5e7194340daf03e3c25adbdf2277fa657c95
2023-03-26 01:44:10,True,0.4709,0.001463,633.848,0.9277,0x70...8487,https://bscscan.com/tx/0x75b4e3951fe9f5164cad1ab3b0ce23d82de88bc6a82c3f0c46024407a9f49a1b
2023-03-26 01:42:04,False,0.4709,0.001456,1371.5,1.9975,0x09...18f7,https://bscscan.com/tx/0xa44006f86e0ce91bd1363830548cf04933e637c5278701218a74ecd758ff81bc
2023-03-26 01:28:10,True,0.4709,0.001463,633.816,0.9277,0x70...8487,https://bscscan.com/tx/0x6c79bc2bd3f07e4b9d575bda9ab793558de4a8756c82a2882f7086e3ac21e47e
2023-03-26 01:27:49,False,0.4686,0.001456,10.6699,0.0155,0xee...96ea,https://bscscan.com/tx/0x992dbae1df0cbcc4f7ea194258a450ca8fc11623d6bc6f5119859b96a0190af5
2023-03-26 01:24:25,True,0.4734,0.001463,95.0,0.139,0xa8...1b2a,https://bscscan.com/tx/0x0dc368c9533d8e74663e3a6754acb9fe474e112e0275cdf1b389703031f03f88
2023-03-26 01:19:57,True,0.4711,0.001463,677.404,0.9915,0x35...aca7,https://bscscan.com/tx/0x8032b9a074b3ef6e0a645bfb64b879ef483432964441f205c3f52827adab41bf
2023-03-26 01:12:10,True,0.4716,0.001463,633.762,0.9275,0x70...8487,https://bscscan.com/tx/0xb413c47cf2b005119bd58b481179b4a59be20fdb73a66e826c3f15ca286e4332
2023-03-26 01:10:17,False,0.4715,0.001456,10.0,0.0145,0xa8...1f41,https://bscscan.com/tx/0x2ff55bc50dde47b2f02f92efb689607ee537402a414a66c22c884264e1e71e72
2023-03-26 01:09:40,True,0.4739,0.001463,31.7451,0.0464,0xa8...1f41,https://bscscan.com/tx/0x1f2a15234fc10b58597703eddde78bb6ac63c89a02b58debe2e9b8c2bd0658e9
2023-03-26 01:09:14,True,0.4739,0.001463,50.0,0.0731,0x31...5d08,https://bscscan.com/tx/0xcffcf9784baea204b549635ccceaf052dc7c14197b20505d72b6ec015aec5907
2023-03-26 01:02:04,False,0.4693,0.001456,48.4332,0.0705,0x98...e88e,https://bscscan.com/tx/0x918799586b6f8f5ed6d6ab8dc53926c31d4fd8cffa7dcc5e6726e2b21f4f4cd8
2023-03-26 00:59:19,False,0.4718,0.001456,4.48362,0.0065,0x05...7bc2,https://bscscan.com/tx/0xca1c79ed665b33eb225e87a8ab7125059c866545e4f154427499203b573ebbd1
2023-03-26 00:58:01,False,0.4694,0.001456,119.945,0.1746,0x52...e7bf,https://bscscan.com/tx/0x9fa3e8f1fde42d6a0f1798992d672441d8e56b8c1511d05a2b7ac45789dc8852
2023-03-26 00:57:10,True,0.4718,0.001463,633.973,0.9278,0x70...8487,https://bscscan.com/tx/0xdf911b6de429d527eca9b5435a0758a4d025d5080b1234d13b1b6a88472180f2
2023-03-26 00:48:22,True,0.4736,0.001463,83.0,0.1214,0xf7...3cc9,https://bscscan.com/tx/0x9d755c0d6d488273ada217567d0865011e6f2aa8a3a703d41a0c30b9dfff69c4
2023-03-26 00:45:22,True,0.4738,0.001463,58.7627,0.086,0xb9...aab3,https://bscscan.com/tx/0x6d27ceebfe3e13eb043b4f4b9fe65bf166af7fd3c409740aa82a414d54c0d6bd
2023-03-26 00:44:49,True,0.4738,0.001463,66.9321,0.0979,0x2c...c9c5,https://bscscan.com/tx/0x92630028bf43ffa30d50e37f4a419b83cd63fca60d928d059bc5c56c5ff099af
2023-03-26 00:42:10,True,0.4711,0.001463,633.953,0.9277,0x70...8487,https://bscscan.com/tx/0xab94fdb898d71222ecd31118072a2509315d2b3f3d51612ea247897dc129132a
2023-03-26 00:40:07,True,0.4709,0.001463,25.0,0.0365,0x80...2931,https://bscscan.com/tx/0x84d7fdb9324ba2a1ff08ca9ce620d1d8f64fa55567b18d51d8f607219f25d610
2023-03-26 00:38:37,False,0.4685,0.001456,39.1971,0.057,0x3a...bd67,https://bscscan.com/tx/0x9e4cb012a2186859b2f36b8094ff7e6c95245c32d78a15d38c8b7bb7cf105bed
2023-03-26 00:36:25,True,0.4732,0.001463,48.0894,0.0703,0x78...0104,https://bscscan.com/tx/0xb117af8c922fcd7d0b6a4331d85ac4725991f983c42c5f51106fef5ed4a6449e
2023-03-26 00:33:43,True,0.4733,0.001463,69.602,0.1018,0x8b...40d2,https://bscscan.com/tx/0x3fc764027d79d600b4e72ff6f241e418da4b95ef9f054e4712a5e9b619d44805
2023-03-26 00:29:13,False,0.4687,0.001456,30.0,0.0436,0x45...4b77,https://bscscan.com/tx/0x367e59e9b86a36130de83200b4503925121f6a3a4b3da68cd949d8e3db76bb6d
2023-03-26 00:26:19,True,0.471,0.001463,633.836,0.9275,0x70...8487,https://bscscan.com/tx/0xffd5446b9fcef7cb999ef7bb9e2dd55e7df8657bb274b59ebcf529b085857148
2023-03-26 00:24:10,False,0.471,0.001456,1762.6,2.56659,0x00...78d2,https://bscscan.com/tx/0xc53106ec8910293a9e9baf2da4d8aa87bae076d1069609172d7ecdc5dc01805a
2023-03-26 00:15:31,True,0.4705,0.001463,57.5182,0.0841,0xc6...16fe,https://bscscan.com/tx/0x526bce319af4a5a386f53ec926e8b1617ac8caea875492636070bb8570558da1
2023-03-26 00:15:13,True,0.4705,0.001463,43.1388,0.0631,0x7a...6e50,https://bscscan.com/tx/0xdf73f22b89a668f2fbfc69ebc18211db33249d8d923c5d5d9baf8cd8a3cf0877
2023-03-26 00:14:43,True,0.4705,0.001463,57.521,0.0841,0x29...0116,https://bscscan.com/tx/0xa1fc6d0970e56e67f01cddb0f3954b5c3996096c6942b9baed0385ad43c02860
2023-03-26 00:14:25,True,0.4729,0.001463,43.1402,0.0631,0x5b...37ec,https://bscscan.com/tx/0xca3246bdcb4e49bbff020cd42799d8086c086bff1be8c3133def8f4c2bff861e
2023-03-26 00:14:04,True,0.4705,0.001463,28.7601,0.042,0x89...5a4a,https://bscscan.com/tx/0x8d52d8b143f9e4637633eab1707dc3c612730d2682f4739cd096b04786bfae66
2023-03-26 00:11:55,True,0.4723,0.001463,43.1273,0.0631,0x98...3fb4,https://bscscan.com/tx/0x6abbd347591bbb505a94c252845258307ce94f9e0752d9d6ec8072e68242916c
2023-03-26 00:11:37,False,0.47,0.001456,21.7331,0.0316,0x8b...9488,https://bscscan.com/tx/0x7255b35aa8c176acede1cbb499e4c8cc2a7b946997b7b74192f02a8884ac89d8
2023-03-26 00:11:16,True,0.4723,0.001463,43.1269,0.0631,0x46...50e2,https://bscscan.com/tx/0x32f6813ef2e160f13c42c064a99685d39558ddffcfbb6ade37e97ab1fc5b07ed
2023-03-26 00:11:10,True,0.4723,0.001463,633.707,0.9274,0x70...8487,https://bscscan.com/tx/0xe06d53c1c04e85dff8f83bb927403efe95c64b700005f0dd36c52cef12b4d963
2023-03-26 00:11:04,False,0.4697,0.001455,150.0,0.2183,0x18...c06a,https://bscscan.com/tx/0xf973a560d99696dccc8858fb2a0dd80348d0bd9ba8696169efdcf1adddf9c833
2023-03-26 00:10:40,True,0.47,0.001463,43.1291,0.0631,0x52...8b77,https://bscscan.com/tx/0xce0bccd3e9ba9d5865181565f59336c9584c33b0ff43d5fe0cdc78966f2f37f7
2023-03-26 00:04:16,False,0.4696,0.001456,2560.97,3.72952,0x00...78d2,https://bscscan.com/tx/0xffa87efec173e541cea3c817afaf34ffe67f36a83dce68940365b1a994e3afcb
2023-03-25 23:58:40,False,0.4673,0.001456,149.819,0.2182,0x1c...bb0e,https://bscscan.com/tx/0x7c7086a6e312bedf237c76c7dcc9339c485fffc638e0022ae54321258f417644
2023-03-25 23:56:10,True,0.4696,0.001463,632.957,0.9264,0x70...8487,https://bscscan.com/tx/0x8dcb9dcb13da469d963b94fafcf111cd27e343add77d152d82dba0ecb40893c2
2023-03-25 23:43:37,False,0.4683,0.001455,39.8,0.0579,0x8b...0ab9,https://bscscan.com/tx/0x4114abb83f6a69361677f9113e66c40359008cba719835aa4c32cb8e9066f4da
2023-03-25 23:40:13,True,0.4706,0.001463,634.455,0.9286,0x70...8487,https://bscscan.com/tx/0xffbf2cf2f8d19de0a5993d1fdb7c42bc8c2cf25be6619ec1f5c39f54aa1a16b9
2023-03-25 23:27:13,True,0.4727,0.001464,48.3099,0.0707,0x88...b865,https://bscscan.com/tx/0x52e0bf3d301f683afa01979b117048a3692760531a538a7b38c0fa4718347590
2023-03-25 23:24:10,True,0.4689,0.001463,634.442,0.9285,0x70...8487,https://bscscan.com/tx/0x01ff32bebf44acc8d78ba52b95704abc0ae1596cebb430c0476414741985c066
2023-03-25 23:21:10,True,0.47,0.001463,60.0,0.0878,0x55...8243,https://bscscan.com/tx/0xa1b3a6cecee9342e7dd21f954ca4ec7cdfc41b0434f5ff2da5b683a3043d8a6c
2023-03-25 23:09:10,True,0.472,0.001463,635.198,0.9296,0x70...8487,https://bscscan.com/tx/0xdfff02035962b4466636c6a5b45f9e1a329f6b5e9d5d2a1b841bd7c3ac95a7ff
2023-03-25 23:08:25,False,0.4696,0.001456,32.4252,0.0472,0x49...4327,https://bscscan.com/tx/0x1397f3ea0a844155131df54fbd41e46d3f668d13e58707e05be0465ce0dbbd6f
2023-03-25 23:07:16,True,0.4722,0.001464,995.213,1.45714,0x53...1fa0,https://bscscan.com/tx/0x16967fab8031c2e618bcc6dda3b24fee0daf362ec15e515b63dbc9bca7ca2499
2023-03-25 23:01:13,True,0.4695,0.001463,47.8354,0.07,0x56...4465,https://bscscan.com/tx/0x7dca4a5874785266471cebb93ab20ddb99cabd3598e304c3f4daba85d37f2042
2023-03-25 22:53:12,True,0.4719,0.001463,635.364,0.9297,0x70...8487,https://bscscan.com/tx/0x93ca2f0ff4580999b2ce09db6bac74484394a7edba77197e8ce9f153d92896f2
2023-03-25 22:52:45,False,0.4695,0.001456,16.0,0.0233,0xb4...6d63,https://bscscan.com/tx/0xc8ac489096192211e8ed39c6a162a664a24b072112b88fddd75a0d8a51ed78ef
2023-03-25 22:50:18,False,0.4695,0.001456,25.2829,0.0368,0x09...0ab5,https://bscscan.com/tx/0x1a33500649224f0f2a7fc4ab5f76654c01b43fe6363e4f393c7c2b057a3860ae
2023-03-25 22:42:21,False,0.4672,0.001456,1151.6,1.67678,0x00...78d2,https://bscscan.com/tx/0x95142070f787c0c77658012541fa73aa9affed79857906b5dd3e460a66a09f4b
2023-03-25 22:38:12,True,0.472,0.001463,635.202,0.9295,0x70...8487,https://bscscan.com/tx/0x0ea1bd7956ce03fe8396555ff924838d0325d7419c4bf090e8ed78c32aa3772c
2023-03-25 22:37:45,True,0.4697,0.001463,84.1841,0.1231,0x52...0ae0,https://bscscan.com/tx/0x77445dbeeaa766fe9467e52da16f61d106a3b0753ebfc1efc8b1556a4b891614
2023-03-25 22:28:15,True,0.4718,0.001463,52.944,0.0774,0x0d...2955,https://bscscan.com/tx/0x8e8a880402174c3b3a8b80c102b1b17c00929e094bf4d1d08bad6adc48701314
2023-03-25 22:27:42,True,0.4718,0.001463,26.5567,0.0388,0x3c...cfd2,https://bscscan.com/tx/0x74f8a6f0c248b1c3069793f41ab6831807210370777a2df0214840e4967a6ab7
2023-03-25 22:22:12,True,0.4718,0.001463,635.405,0.9297,0x70...8487,https://bscscan.com/tx/0x54a8118704e2769d5601c65a8549ded26e3eb997f24af552592b9e098fb4423d
2023-03-25 22:22:06,False,0.4695,0.001456,2560.97,3.72899,0x00...78d2,https://bscscan.com/tx/0xa6e790bb00888a1d1fa5ca3120056ca2c237f3c26ff2390cb906d6f1e6e061ed
2023-03-25 22:21:18,False,0.4694,0.001456,2561.76,3.7309,0x00...78d2,https://bscscan.com/tx/0x5ed33e28c923529fbc2c20b012bf27a4db63aa0ade405052f4f3196080a58db5
2023-03-25 22:20:24,False,0.4695,0.001456,2555.51,3.72255,0x00...78d2,https://bscscan.com/tx/0x6f292e6209768d76870843193bedbbf86a70c857a4fc53e05c503871f07970b4
2023-03-25 22:18:09,True,0.4716,0.001464,704.936,1.03209,0x9a...2e98,https://bscscan.com/tx/0xa7c9f8e6d569e0a811991b91031e26caf2521a493d264f46eddc9df0f88ae206
2023-03-25 22:08:27,True,0.4716,0.001464,17.544,0.0256,0xc5...2dee,https://bscscan.com/tx/0xd8fba8b5e42910827344e8ecb792d3e8d43e448f747f4998243309b1962efbe8
2023-03-25 22:06:21,True,0.4716,0.001464,635.291,0.93,0x70...8487,https://bscscan.com/tx/0xa8256757d7a70037a3f2d940a1591ce0699fa7caca42c58905e0e14f6668c19d
2023-03-25 21:51:12,True,0.4694,0.001463,635.354,0.9301,0x70...8487,https://bscscan.com/tx/0x60ac30a83b536591aa71f297dea0fab2d8d39fe99cf67a91096022d390cfd25f
2023-03-25 21:41:40,True,0.4714,0.001463,33.2986,0.0487,0x2c...c9c5,https://bscscan.com/tx/0x849d6713acbc065a481267a1751664fd473dfaed193e163af4e3cffa1238d484
2023-03-25 21:38:16,False,0.4663,0.001456,163.031,0.2374,0x43...31ef,https://bscscan.com/tx/0xf988cb927feced144b85bea1f0c46181863cbc0d7287252a2987c05251b88fe8
2023-03-25 21:38:13,False,0.4687,0.001456,2566.44,3.73867,0x00...78d2,https://bscscan.com/tx/0xd232f38b570573e00ffeaca4345d6c26ba7698f70e62bd8ada45a40e0f31752c
2023-03-25 21:38:10,False,0.4687,0.001457,1175.49,1.71266,0x00...78d2,https://bscscan.com/tx/0x1004fe261ea30b59c648dd74120f8258d9d6c0d2e7022f2a80c7aaca402cfdd3
2023-03-25 21:36:40,True,0.4682,0.001464,21.2238,0.031,0x5d...dc5d,https://bscscan.com/tx/0xe4becd1683626c35c92b510df2061ca6572aad15efc0ee8943380a9b654ba39a
2023-03-25 21:36:34,False,0.466,0.001457,2571.95,3.74778,0x00...78d2,https://bscscan.com/tx/0x7302caa266274c7cff02573cf86eb228363ac12af0a2e48a0d22a4d214b2701c
2023-03-25 21:36:16,False,0.4663,0.001457,2571.95,3.74854,0x00...78d2,https://bscscan.com/tx/0x90dc484b5c92dbaf7efe57d9d9c782159843ed9ce1930db5c4fdf33be3b0c295
2023-03-25 21:36:13,True,0.471,0.001464,636.485,0.9323,0x70...8487,https://bscscan.com/tx/0x35a5e7db5249ddbf33cc1c6cc69509634a3fe0ef62091e6e4accf23b0c911f9f
2023-03-25 21:25:54,True,0.4684,0.001465,362.398,0.5311,0x71...5cae,https://bscscan.com/tx/0xba2d3f892b24d3c29174045a6824fd6e304ccdfcc2fbbddd563d68d243f5ae62
2023-03-25 21:23:55,True,0.4705,0.001464,50.2955,0.0736,0x1f...e079,https://bscscan.com/tx/0x4332314a1bcae8835e9687f161c934178925f8f06801d09e08e9fe0adcda2eed
2023-03-25 21:20:40,True,0.4681,0.001464,42.4612,0.0622,0x2a...6cdd,https://bscscan.com/tx/0xe1e47029095062a03c43314265d82e7073f3a3809336fd441c600df677759f7e
2023-03-25 21:20:13,True,0.468,0.001464,637.14,0.9332,0x70...8487,https://bscscan.com/tx/0x1eed43f082c1c17e620b9a86445a2130c2372b1f855008542cd31fa290be59c8
2023-03-25 21:20:01,False,0.4657,0.001457,821.2,1.19687,0x00...78d2,https://bscscan.com/tx/0x00acd5fb5d82f547078c5fc3a48238da311d89cbb69879a16e5bb7d647020621
2023-03-25 21:16:55,False,0.4678,0.001457,605.087,0.8819,0x89...e3eb,https://bscscan.com/tx/0x2682c3dfaaac13a7861fbd7d3544fcbb7500ba3b6ea5eed34f84b66dceffdace
2023-03-25 21:15:46,False,0.4653,0.001457,1898.6,2.76758,0x00...78d2,https://bscscan.com/tx/0x37a66f2a22464154558d0ed4a5f663f9bfa6bafcb0a43f7c64b4cfcbd8c65bb9
2023-03-25 21:15:43,False,0.4678,0.001457,2571.94,3.74977,0x00...78d2,https://bscscan.com/tx/0x48aca367fdda23e0990fc1c34f2258552eb368fcd80e47a84524319947a44e77
2023-03-25 21:13:17,False,0.4652,0.001458,2574.7,3.75455,0x00...78d2,https://bscscan.com/tx/0x4d9dd228a40984b1d7fe80ccfde33ea11b67a33f8ab52fb43c8269c184a1d226
2023-03-25 21:06:32,False,0.4648,0.001458,66.1235,0.0964,0x00...8e06,https://bscscan.com/tx/0x097c2d34cd82bec20d0d90910b69a0b2d7724ede5d7aa791e4cb5c07aed73157
2023-03-25 21:06:14,False,0.4672,0.001458,45.9315,0.0669,0xaf...42dc,https://bscscan.com/tx/0xa5233a0e278cd03ca8525f1375788b36a81ab9f129849a514e4e903ad86554b0
2023-03-25 21:05:11,True,0.4695,0.001465,638.005,0.9351,0x70...8487,https://bscscan.com/tx/0xced65b0e90c0105eab280020fcf4666ddc98980a6ce52c2af383fe988632d3be
2023-03-25 21:02:14,True,0.4694,0.001465,250.443,0.367,0x3f...66aa,https://bscscan.com/tx/0x1681f8c695e4f636157d0b6d778b03cc9e22dcc4d5567b199ac315024fd41176
2023-03-25 21:00:53,False,0.4672,0.001458,5723.76,8.34886,0xcf...f8b8,https://bscscan.com/tx/0xf69f26fb2f3985abf7bc9ad3f6c575002a8b9d47628e96f6babbe12fd95ffee0
2023-03-25 20:55:14,False,0.4674,0.001459,1416.4,2.06658,0x00...78d2,https://bscscan.com/tx/0x6b448b5454f5054dabf98634904c4dd99f4d7fe0f763bcf944b9bcdb5ba0f0c7
2023-03-25 20:53:05,False,0.4651,0.001459,1685.2,2.45907,0x00...78d2,https://bscscan.com/tx/0x275d64143f55d3d5735bdb16914dae6af02e4430183173d8d43aa9e25d820b5d
2023-03-25 20:50:11,True,0.4675,0.001466,637.503,0.9349,0x70...8487,https://bscscan.com/tx/0x2e9f4aa18816b28822f4bcc3e90e9e664757d11258fb12cbd16befee3bbe6ca5
2023-03-25 20:49:44,False,0.4652,0.001459,7.16639,0.0104,0x32...9d36,https://bscscan.com/tx/0x1332d99916dcd7275ca50dc7989a879377e908824ef3bcf1d219817177cb3461
2023-03-25 20:47:44,True,0.47,0.001466,681.884,1.0,0xb6...f5ee,https://bscscan.com/tx/0x9ec1a8bfcda9d51a37ed2da88d4317ad9415fb30da27ee2af5384c43fac2dd07
2023-03-25 20:45:05,True,0.4698,0.001466,35.7361,0.0524,0xe6...b100,https://bscscan.com/tx/0xa2f687c4613bf3dc9fc0d543865914c8f4ff0638d6aac3bb5993df92f8d0a021
2023-03-25 20:44:26,False,0.4673,0.001459,22.1693,0.0323,0x7d...a2a7,https://bscscan.com/tx/0xb78f7f9ba341352e93e826f34c101811d53b8b9166b6f12f541e0035e7c53d69
2023-03-25 20:43:26,False,0.4649,0.001459,1875.8,2.7373,0x00...78d2,https://bscscan.com/tx/0x1f2944480b731848e2f1eed374d19fd54555f75feee8409a11fb6463c5689a88
2023-03-25 20:43:23,False,0.4649,0.001459,2578.27,3.76306,0x00...78d2,https://bscscan.com/tx/0x8422dc3da004ade302c66cee1ba63ea741d665384e33d953533254ae9b780b22
2023-03-25 20:38:08,False,0.4676,0.001459,2574.7,3.7586,0x00...78d2,https://bscscan.com/tx/0xa019d5ec88b44892e9624a7b8f795a9e6d8916a98263e9abd6058d9866ffbaa2
2023-03-25 20:37:56,True,0.4676,0.001467,15.0,0.022,0x51...c856,https://bscscan.com/tx/0x53f76c148cc3510a1e7f826b46df821064831d65390fb11b17e0c8f5261e332d
2023-03-25 20:34:11,True,0.4677,0.001467,636.872,0.9344,0x70...8487,https://bscscan.com/tx/0x997b3d17a719a187922be2e6b1cfb73b2384dcd43957862c8ef3ae7e50448e02
2023-03-25 20:31:53,True,0.4701,0.001467,2.04468,0.003,0xdc...fabb,https://bscscan.com/tx/0x08782329915c97b6657dcda8cf6fa39e9a54e8a33518c5e3094503d4ea68fb86
2023-03-25 20:26:32,True,0.4704,0.001467,715.748,1.05013,0x7d...6578,https://bscscan.com/tx/0x451dfb11a26c66bc3f78853e73e713631f3587caa7c896a76e8d26f22b18f2cb
2023-03-25 20:23:47,False,0.4681,0.001459,1624.1,2.37103,0x00...78d2,https://bscscan.com/tx/0xd1763b45e8736d3d9e87622873fa8e9d5a81351957ea9f2645f5306e4883b66b
2023-03-25 20:20:56,False,0.4681,0.00146,24.4889,0.0357,0x5f...fa76,https://bscscan.com/tx/0x7f753f988f4180d2cdcf9db8d7a3940465a2973571e00c075fadf64847fd1ec2
2023-03-25 20:18:56,False,0.4684,0.00146,364.775,0.5325,0x8c...0a8b,https://bscscan.com/tx/0xff5f2e736f5537380523e52d394ff1b543bbd8cb2591c5c790b679a442707126
2023-03-25 20:18:11,True,0.4684,0.001467,636.671,0.9342,0x70...8487,https://bscscan.com/tx/0xb1995531f7127911f78580d07433a815eb8472214336b53009cb03705ea3421f
2023-03-25 20:14:02,True,0.4708,0.001467,6.53347,0.0095,0xc2...630b,https://bscscan.com/tx/0x424e5a67c1d9202e2256fc9a59743d9c3a2145bd51387a592bc3e08c40b305e2
2023-03-25 20:09:44,False,0.4662,0.00146,534.4,0.7802,0x56...0086,https://bscscan.com/tx/0x847d0dd60954903abfaddbdedffc4f5cf0e6548c7d0cf45b87f21f70e7b74afa
2023-03-25 20:08:02,False,0.4685,0.00146,266.391,0.3889,0xf7...3f4a,https://bscscan.com/tx/0xeb86d98d7d3a932ae6559cf36d12bdbb8afc69cce12e968d73494d674bc5b3cf
2023-03-25 20:08:02,False,0.4685,0.00146,1596.2,2.33069,0x00...78d2,https://bscscan.com/tx/0x8cb31790b817ffbe7a7291a18e37124c1d8993d4a6cbf72ab858911123a08505
2023-03-25 20:06:02,False,0.4685,0.00146,63.7188,0.093,0x26...0aaa,https://bscscan.com/tx/0xad00db619dea003d284f87742d9c226a5bc2e1a20ddc1a59240a634ee96d7625
2023-03-25 20:03:11,True,0.471,0.001467,636.08,0.9334,0x70...8487,https://bscscan.com/tx/0xa595cad625496f2e0779d456c643c4cea5cdeb2e20511cfd234b954ad4376885
2023-03-25 20:02:08,False,0.4697,0.00146,2000.7,2.92161,0x09...18f7,https://bscscan.com/tx/0x719ab4fbab7c36cebb308ff816f6376314cf9984cb081ad508f24fe8a91db501
2023-03-25 20:01:26,True,0.4733,0.001468,20.9249,0.0307,0x53...a975,https://bscscan.com/tx/0x443b692c44c81bff6fb32edfc8e0bf4ea8cab05a4da00c9b0b738537bfe1d9d2
2023-03-25 20:01:08,False,0.4707,0.00146,952.9,1.39167,0xc3...157a,https://bscscan.com/tx/0x120342f42624c2142f17cb76ee1868d5fb849ba49a57300151770f47a39fc260
2023-03-25 20:00:23,False,0.4712,0.00146,748.8,1.09366,0xca...34d7,https://bscscan.com/tx/0xd64ffb099bb20bd4da9031f7b77fc96fd433cc7e20cf2e4fd3abd37465c8cd35
2023-03-25 20:00:20,True,0.4736,0.001467,26.489,0.0388,0x3c...cfd2,https://bscscan.com/tx/0x87f7d72d5543ad6717564185a9249b40cfb6e886d4f70a556780c10638e56436
2023-03-25 20:00:17,True,0.4736,0.001467,42.9177,0.063,0xc2...630b,https://bscscan.com/tx/0xa54fdca99b824999cb11a58cfe8b6226e74a2aa67f0ae9ff3749352f5efacc06
2023-03-25 19:56:38,False,0.4705,0.00146,10.0,0.0146,0xc1...f415,https://bscscan.com/tx/0x2bd341981830825ccf0b49ba97b2c7e1cf08621942061e26620b3bc240d6e610
2023-03-25 19:55:15,False,0.4705,0.00146,100.0,0.146,0xdb...8ed7,https://bscscan.com/tx/0x168bad4da373b16d21d1dc620e80d926fa5c50c5f0ded161453e7441941ae313
2023-03-25 19:47:12,True,0.4748,0.001467,630.8,0.9259,0x70...8487,https://bscscan.com/tx/0x079c7d8e5abcd340bcf7730066abee65df67f37b257c28fff74d1bf036197387
2023-03-25 19:38:42,False,0.4703,0.00146,2545.46,3.7181,0x05...7eea,https://bscscan.com/tx/0xf4e492ee987ca7bf778a36f24dbde4c889eaee0f82d9afba5324ab4120ca21e5
2023-03-25 19:38:36,False,0.4726,0.001461,2545.46,3.71884,0x00...78d2,https://bscscan.com/tx/0x9da0e5b9ff439d9dd6077a79eccb5a1a5b01453c193716ba62eae25f0ffeae4a
2023-03-25 19:37:57,False,0.4703,0.001461,802.6,1.17273,0x4d...74b8,https://bscscan.com/tx/0x31031ca378c4479d8945d3200c62463be8096fc47ce1b1d66fd37f04d3796b7d
2023-03-25 19:32:12,True,0.4758,0.001468,630.066,0.9252,0x70...8487,https://bscscan.com/tx/0x21ab6bd44e9f5463f9c9207b4ff0e6dcce1a519101d7d8eff7fb4e19deb55577
2023-03-25 19:31:12,False,0.4711,0.001461,777.997,1.13679,0x7d...6578,https://bscscan.com/tx/0x76d34b6cd399cc02adc82f9578c66ade88496be52dd1e7d1360d11a164232b37
2023-03-25 19:23:18,False,0.4712,0.001461,48.0197,0.0701,0x42...76bc,https://bscscan.com/tx/0x60701937c38048ca8a3391b5ac34eed71f6cd2ea9d4a65992c247c73e636ef46
2023-03-25 19:23:00,True,0.4759,0.001468,15.0,0.022,0xb1...8d7b,https://bscscan.com/tx/0x74af7b193e04148e0480e876a6fc4627dc48e9fd4bc2b42c7946a6d265121f17
2023-03-25 19:17:09,True,0.4758,0.001468,630.05,0.9252,0x70...8487,https://bscscan.com/tx/0x3bc262033266c3802827b0d9b471409131aaf5eb20d7856f454d5a7d92eb4ed2
2023-03-25 19:12:43,False,0.4735,0.001461,29.7006,0.0434,0x42...76bc,https://bscscan.com/tx/0x05138469194e5d799544a27a182bf53ec774a8f77f739f1f5826b3127ab83d75
2023-03-25 19:07:29,False,0.4732,0.001461,295.716,0.432,0xfc...bd45,https://bscscan.com/tx/0x1740db12d72be4d28436fcb9d2681fa3d3cb05b1b55f63e8d3cb2eadc0f22403
2023-03-25 19:04:10,False,0.4731,0.001461,1462.6,2.13727,0xca...34d7,https://bscscan.com/tx/0x5fe3ec009c193ed78ac90e7d7081434dc6ba8dec0235aa9a4a59d387e4c21492
2023-03-25 19:01:12,True,0.4732,0.001468,630.189,0.9255,0x70...8487,https://bscscan.com/tx/0x8ddfaa423dfbdde4c91bab925a0dd881deda5cd55de4fabdcf85857e2ba457a9
2023-03-25 18:57:03,False,0.4733,0.001461,49.773,0.0727,0x34...e4a7,https://bscscan.com/tx/0x0ab65d5f420243924825c2482d05fb06e3cfc1dfa8055c8660aa71e9b3661ea5
2023-03-25 18:52:09,True,0.4733,0.001468,28.5395,0.0419,0x3e...87ba,https://bscscan.com/tx/0x29b41f115f775d8ab8ae5e61eccd10adf1e22a229030180882867c9af950914c
2023-03-25 18:48:09,False,0.473,0.00146,8.79846,0.0128,0x51...9519,https://bscscan.com/tx/0x93858e8395264c5cb33fc3984df649df60c9ec745ee8fa24fb54e29b9b3c5479
2023-03-25 18:46:12,True,0.4731,0.001468,630.42,0.9258,0x70...8487,https://bscscan.com/tx/0x18d21529901ca6a89940f0977fe7f919560df299d64802a058617335ecfff2f7
2023-03-25 18:44:54,True,0.4731,0.001468,29.42,0.0432,0x5d...dc5d,https://bscscan.com/tx/0xbde162df7c03a3e36d71b2c154933b5d2d1a40bb920e0eba3cccaaa3861784e6
2023-03-25 18:41:08,False,0.4731,0.001461,20.3099,0.0296,0x52...8d7e,https://bscscan.com/tx/0xf04925d60369c0cad66f014c704c0bc0e4ff02a703736f52bd090c8f95c5222e
2023-03-25 18:39:05,False,0.4709,0.001461,1283.1,1.87499,0x34...7c76,https://bscscan.com/tx/0x09a38ad575fbd7cc0a16e5caae75261d209d48d02e177ce5a4708b8e4e23608b
2023-03-25 18:36:41,False,0.4733,0.001461,2550.08,3.72698,0x00...78d2,https://bscscan.com/tx/0xb22e7e84864c3f78a79655946af9074b2004ecc77d9e00bbff2ee84df79ecbbb
2023-03-25 18:36:20,False,0.4734,0.001461,2381.78,3.48168,0x62...1f10,https://bscscan.com/tx/0x593ffc76212b2ba02a5b3c57db9e68b5ca63db1d1a7de035e707c67dd8528948
2023-03-25 18:36:20,False,0.4735,0.001462,1164.9,1.70308,0x00...78d2,https://bscscan.com/tx/0x72968b7a5144034014a7c5065ae29ea86998030f3941747bcef0da7678ad3f56
2023-03-25 18:30:14,True,0.4761,0.001469,629.503,0.9249,0x70...8487,https://bscscan.com/tx/0x2506d36d0774da433a4c228468861aa2b924cd1a8d40cb5ce68a62fd7c42e629
2023-03-25 18:27:35,True,0.4739,0.001469,29.9621,0.044,0x65...54d6,https://bscscan.com/tx/0xaa8ba75b4da7854b9aa3e52f3cee421a15bca18c76c951e28a2be3b5dfd84922
2023-03-25 18:15:10,True,0.4742,0.001469,627.955,0.9226,0x70...8487,https://bscscan.com/tx/0xd14e55fec5f08ed518c0003c0ab6263adcda833c5b64f2d390b779158d76e7a1
2023-03-25 18:12:04,False,0.4741,0.001462,8000.0,11.699,0xf1...ed96,https://bscscan.com/tx/0xce48b5165d61bf3477380055b91859cbbc8c7ba24677c93eb8b6ad216d6670b6
2023-03-25 18:09:10,False,0.4743,0.001462,21.8219,0.0319,0xe9...5245,https://bscscan.com/tx/0xce6f7658b24984e827b2bcf010058c4148063b820d56bf2a573f6232f8be8ad3
2023-03-25 18:06:04,False,0.4751,0.001462,13.5685,0.0198,0xbd...4f7c,https://bscscan.com/tx/0x351e7cb88fdbc02ce8d96f79ab6d82a8878d9f4e1be8bc1218ff2af26bc0acfe
2023-03-25 18:03:01,True,0.4752,0.00147,22.2503,0.0327,0x3c...cfd2,https://bscscan.com/tx/0xf42292b998ca1ac575a8333acc16277f3ce290a1234029babc2134a5881fea99
2023-03-25 18:01:13,False,0.4752,0.001462,199.93,0.2924,0xbe...482e,https://bscscan.com/tx/0xc8f56ec24f66b7fb1db794d49a4cfb9115720c534fac3bd4181831d4613d394a
2023-03-25 18:00:43,False,0.4725,0.001462,20.9934,0.0307,0xcf...39b3,https://bscscan.com/tx/0xc337b0b94804104c2f4b815c4710422940fd480747ae12a11329f5f7bebdb7e7
2023-03-25 18:00:19,True,0.4775,0.00147,0.0283,4.167e-06,0x8b...6566,https://bscscan.com/tx/0xb12484aea06da27a8388bc29148e6b52fc4920ca8ff02646db6b89d32e3b16cf
2023-03-25 17:59:10,True,0.4753,0.00147,627.606,0.9226,0x70...8487,https://bscscan.com/tx/0xe70dd7ba7401c766c237a222c47db2dfad9e0c79b778cc8e3b9f793ced7aa8fd
2023-03-25 17:45:13,True,0.478,0.00147,105.854,0.1556,0xa2...b38e,https://bscscan.com/tx/0x006abbed55f30293926d4d3eb6fa5630e170f7391f65ee3f730166eb7f77330b
2023-03-25 17:44:16,False,0.4756,0.001462,67.8672,0.0992,0x34...e4a7,https://bscscan.com/tx/0xf7c4962709e2976b30324303ebf63c06416bf650ff314220d8de575224d907b9
2023-03-25 17:43:10,True,0.4756,0.00147,627.528,0.9225,0x70...8487,https://bscscan.com/tx/0x6fb6279d478b311dde594c9b48cd105082b0a6a8f651456d5a064544316179c4
2023-03-25 17:42:22,False,0.4756,0.001462,50.0,0.0731,0x34...e4a7,https://bscscan.com/tx/0x324d24548b5a2998e82ec93ff5ba9f87ddf023ee8ea93fc41395d8158b2708c8
2023-03-25 17:38:01,True,0.4757,0.00147,50.0,0.0735,0x7a...0805,https://bscscan.com/tx/0xb1627b053397af5aad812b264be806ac120e69d1467f2acd53e707fc89f25e85
2023-03-25 17:36:49,False,0.4733,0.001462,136.731,0.2,0x4a...bbf3,https://bscscan.com/tx/0x6ff417273c4f109af0af236f5415f4ca830ad3cfc41e2f371422fd6c0a3cd054
2023-03-25 17:33:40,True,0.4781,0.00147,40.0,0.0588,0xe6...f0cc,https://bscscan.com/tx/0xc3e789aff17add2ae360070d0fd6f596cd913fa892d6c3d9c539e04e9a7c3beb
2023-03-25 17:28:19,True,0.4781,0.00147,627.297,0.9221,0x70...8487,https://bscscan.com/tx/0x4cc1e42876f20e7e118ee33f7d8e3c5ff90d8e5a2ff2eb376b9334f09c06725f
2023-03-25 17:26:58,True,0.4757,0.00147,75.5671,0.111,0x1a...0c99,https://bscscan.com/tx/0x4b26d05c198399dcb4524612a45654f65ffa37afbda49a2b43269a22aff680a8
2023-03-25 17:20:49,False,0.4733,0.001462,264.587,0.387,0xc1...f2cd,https://bscscan.com/tx/0xd2f75424f4fc983cad5b264411451c2d0d729e56cd65a04f4f486db388766774
2023-03-25 17:20:04,False,0.4757,0.001462,83.0,0.1214,0x05...234a,https://bscscan.com/tx/0xa6aaf8859c14260037644a3a54f8baf06e91f034ba1a19b11e108f96e88d66a7
2023-03-25 17:12:10,True,0.4754,0.00147,627.537,0.9224,0x70...8487,https://bscscan.com/tx/0x50d43a9678cbb837553dd5b166dffe2c671ebc9ebeea9d79e79e05402b4ac166
2023-03-25 17:11:58,False,0.4754,0.001462,7.53204,0.011,0x8b...d720,https://bscscan.com/tx/0x81605979e07aba31174dd7f80650b6fbf8344c74580b061c4488e28d2bc9be64
2023-03-25 17:06:19,False,0.4725,0.001462,5.77766,0.0084,0xef...a440,https://bscscan.com/tx/0x449a11e0b7dd07bade7677cf4523a8e9ea5f17984656ff2bb0e6caf528374538
2023-03-25 17:01:28,True,0.4772,0.001469,2860.98,4.20505,0xca...34d7,https://bscscan.com/tx/0xd6e993daf0c9e4ca4ad694e0340d32de8e8ddf399691c9af3aa2c5ef88f6fa67
2023-03-25 17:01:25,True,0.4771,0.001469,2381.78,3.5,0xed...4f31,https://bscscan.com/tx/0x9d5104d5f540b642dfd591f959101215e0942b60e00aa22ae85d16a2f2b8da48
2023-03-25 17:01:25,True,0.477,0.001469,2152.8,3.16295,0x00...78d2,https://bscscan.com/tx/0xf5db9da6aebe7c56e7f7ca903cf586fb32da9caecfde98cfad5be0f50b6c077b
2023-03-25 17:00:19,True,0.4745,0.001469,44.9227,0.066,0xaf...46ea,https://bscscan.com/tx/0xfeb8babbe6a2858fc41cd7c423550314a964b04fb0faa96701c0147157d89de7
2023-03-25 16:58:28,True,0.4745,0.001469,806.0,1.18405,0xa0...cc8d,https://bscscan.com/tx/0xd27d448f381f2121f4e96215bae7da083458a3e041f7675f542f486a3f29d525
2023-03-25 16:56:13,True,0.4769,0.001469,627.43,0.9216,0x70...8487,https://bscscan.com/tx/0x038c5718148ee412a2ff9515f73a63d04375c2e806c357e87739b61a0f301694
2023-03-25 16:50:49,True,0.4771,0.001468,42.9084,0.063,0xc5...a868,https://bscscan.com/tx/0x04d8adaf95ae1c333f811a9191c0ad1650b444f570d41234599fdaf6e32ce98c
2023-03-25 16:45:13,True,0.4768,0.001468,14.3974,0.0211,0xf5...0c2b,https://bscscan.com/tx/0xf19d02de727914b1390a8bf6faf822686245c008da7105af6619a5abc178cf33
2023-03-25 16:41:16,False,0.4741,0.001461,22.0,0.0321,0x08...ebb9,https://bscscan.com/tx/0x6d6556a4fa3815fc233cacd90514ca95b490a1dd0085458a18b96c81b39b553c
2023-03-25 16:41:10,True,0.4765,0.001468,629.157,0.9241,0x70...8487,https://bscscan.com/tx/0x29ef6f7c94d4b56b3ab370bcb466548f44950d067d806f0dd39c96da830e5d59
2023-03-25 16:30:34,False,0.4718,0.001461,102.653,0.15,0x12...2bb6,https://bscscan.com/tx/0xfba64d4df8bc4920d30d5b684b848aa468612785d51b3477325b577a2eadf5d5
2023-03-25 16:26:31,False,0.4719,0.001461,102.921,0.1504,0x3f...f4ce,https://bscscan.com/tx/0x1bb3598588ab1c9333548cf73053c2390691d19337160af89e1c4521cd88ed20
2023-03-25 16:26:10,True,0.474,0.001468,629.189,0.9241,0x70...8487,https://bscscan.com/tx/0x8d25ce1d18d9ff3981866b248aafcdfcc5259a7856862f743f5b37c889837648
2023-03-25 16:23:34,False,0.4718,0.001461,210.0,0.3069,0x70...835d,https://bscscan.com/tx/0xbe03eaec83335dd021818679200611ec6d55a66cbfebc1cc43c7440b5da5aa77
2023-03-25 16:12:53,False,0.4742,0.001461,11.3809,0.0166,0xfa...537b,https://bscscan.com/tx/0xfd1452c6c194de62f2039fd59e994a33e4bf60b0da6a96bc241b0f47eff85a5f
2023-03-25 16:11:10,True,0.4768,0.001468,628.859,0.9236,0x70...8487,https://bscscan.com/tx/0xb402dba0a1bb0f04f3434539b6d567be381ebe0071d81b80471a22b5603fb146
2023-03-25 16:02:19,False,0.4721,0.001461,69.9826,0.1022,0x78...d595,https://bscscan.com/tx/0x51ed8883262063553b7e3dc83b9b27db5ddddabd1e1bc90533b7edb0af608d92
2023-03-25 15:56:10,True,0.4747,0.001468,628.563,0.9231,0x70...8487,https://bscscan.com/tx/0xbc5b0e2fe3cc6e6896c3030b78d8ed02fab6b6bd5bc7ed64d48b9f242d8b6dc5
2023-03-25 15:47:15,False,0.472,0.00146,100.22,0.1463,0x54...671b,https://bscscan.com/tx/0x27e4f88b26d64644f8b559f5564035913f8feabbf54cc9696a0e646e189fb4b3
2023-03-25 15:40:12,True,0.4775,0.001468,628.952,0.9237,0x70...8487,https://bscscan.com/tx/0x6f9e34fdafe8c26726cd26e88f82676de79cc0f696be30aff9ac2317ca0a1861
2023-03-25 15:39:15,False,0.4751,0.001461,16.0,0.0233,0xde...5cff,https://bscscan.com/tx/0xffc9dd66d8c8efa4b7e885ae9df7872587ee78149556aa8ebae8a847c8185fbe
2023-03-25 15:35:12,True,0.4773,0.001468,197.569,0.2901,0xae...cc52,https://bscscan.com/tx/0x6a49f3ea21aaa9ffd8cf9504e6fc692ee5f88edb308986804c3801ad20610070
2023-03-25 15:32:25,True,0.4768,0.001468,1566.3,2.30014,0xe3...d2ff,https://bscscan.com/tx/0xde8f5b028c7a93fe8832f8176f6afecfa8eb07e2492ea25d59329fb58da60bb8
2023-03-25 15:31:18,False,0.4744,0.001461,10.0,0.0146,0xb8...9548,https://bscscan.com/tx/0xef29c67a4018ae4511c35ed6326921cd01e288d7e2494dce56eb702b62389c52
2023-03-25 15:24:48,False,0.4719,0.00146,21.4276,0.0312,0x97...a20c,https://bscscan.com/tx/0x42431c2b8df3e016efac45ad9e64b98753367184d3db69bad8f00b2af7dce958
2023-03-25 15:24:18,True,0.4768,0.001468,628.67,0.9231,0x70...8487,https://bscscan.com/tx/0x254e26ea0ed4506363e6c547124c8ceb69b8d65a227c35091f39d4f75b022c47
2023-03-25 15:23:39,True,0.4768,0.001468,28.5263,0.0418,0xf5...51d8,https://bscscan.com/tx/0x7486a2aa3ff7002fa18d46b45eeff156400a51ecf4a73e2e3891a45dd1fe2bb2
2023-03-25 15:23:33,True,0.4744,0.001468,29.4471,0.0432,0xac...bf93,https://bscscan.com/tx/0x98db34094576636e7571750130748d4de2092ca181c2d4d3adffb60be7d8f84e
2023-03-25 15:22:48,True,0.4743,0.001468,2.0,0.0029,0x7e...7633,https://bscscan.com/tx/0x307fda8e001a955ae7920fd333bccb0f214e529d88ac3fb200c67bdf4fd051ec
2023-03-25 15:16:09,False,0.4748,0.001461,1159.31,1.69386,0xec...c760,https://bscscan.com/tx/0x98ed91a950f1aab0881075b79e39862c5fcd811dec3d8c30f24cbeb9805b1938
2023-03-25 15:13:57,True,0.4775,0.001469,10.3015,0.0151,0xde...367a,https://bscscan.com/tx/0x0e2b9a833421f9b98d278ba7b1376fde7725683d2f07c63176875aa26493f35d
2023-03-25 15:13:42,True,0.4773,0.001468,904.5,1.3282,0x4d...74b8,https://bscscan.com/tx/0xb57f96dd5d7a2b7ad138b9e19cfc5e8bff0476e28f6aac3cd8b74dc51cc2ca09
2023-03-25 15:13:36,True,0.4773,0.001468,145.046,0.2129,0x12...55e7,https://bscscan.com/tx/0x65ba919311dc62ff0569622792df906f20903abeed3b30dbdecfad316a28aa78
2023-03-25 15:09:27,False,0.4749,0.001461,20.5334,0.03,0x02...f2c0,https://bscscan.com/tx/0xecae3fd9573fd04996a5c0b37e75f56df69fbcad3c08a7d7f4faaac661b8afe1
2023-03-25 15:08:12,True,0.4773,0.001468,628.32,0.9225,0x70...8487,https://bscscan.com/tx/0x17abd3b3cf1ecb021c04d0c0f385b66bc1089efd86f4a6a18e04a96c762b3ccb
2023-03-25 15:03:27,True,0.4771,0.001468,21.0,0.0308,0x3e...802f,https://bscscan.com/tx/0x8720a725041503539983a52983017053172ce05f3e8db5e8d61c3da1fbf7572e
2023-03-25 14:53:12,True,0.4767,0.001468,628.841,0.9233,0x70...8487,https://bscscan.com/tx/0xbf1a2e3b6f4a46c22a377ee7867420e7d65f6cde346cae66dd6b238c04cdde52
2023-03-25 14:52:21,True,0.4767,0.001468,1843.81,2.70692,0xac...bf93,https://bscscan.com/tx/0xead464b27980d16df8e2e3abf8875acfca626ac8da9085c98ad0574ca065b3e4
2023-03-25 14:42:00,False,0.4736,0.00146,14.8412,0.0216,0xdd...93de,https://bscscan.com/tx/0x562bea5979c0b7f9aa61b331f07df177e4501bea25dce4571831868eebd7d988
2023-03-25 14:37:17,True,0.4735,0.001468,629.565,0.9241,0x70...8487,https://bscscan.com/tx/0xe34e879917aab55cf91883b539ca39ccd98486892abf58b786efbf600f2634f1
2023-03-25 14:33:56,False,0.4736,0.00146,12.7296,0.0185,0xfa...ec0d,https://bscscan.com/tx/0x485cbe33dacaee5502648a80aaa877b0ce35ade35f404127f512500eb09f24bc
2023-03-25 14:21:19,False,0.4713,0.00146,38.9412,0.0568,0x81...3662,https://bscscan.com/tx/0xe3ea88fc0100e3764f592858928608eadd691d9a16a2c9047b87301fded870d8
2023-03-25 14:21:19,True,0.4736,0.001467,629.921,0.9246,0x70...8487,https://bscscan.com/tx/0xba118750480f15411dbd3e22984523e85453f4078722f4ab7c469b7960fa846a
2023-03-25 14:21:10,False,0.4713,0.00146,30.0,0.0438,0x5d...f82e,https://bscscan.com/tx/0xe518c923d422dcb6c6083227026e6e48dccd1cde5b8f51a8c076c74547f83a06
2023-03-25 14:13:16,False,0.4734,0.00146,190.539,0.2782,0xae...b405,https://bscscan.com/tx/0xd371a9d1a202936ca5139316481a8849694c420cf4ba33a661a953019a5a8ddf
2023-03-25 14:12:04,False,0.4734,0.00146,20.0,0.0292,0x11...07eb,https://bscscan.com/tx/0xf14dc34125bb1147bd6637a8b668aaa651f5bc429bc8cbdf5fb5f95b453e6447
2023-03-25 14:05:12,True,0.4735,0.001467,629.317,0.9237,0x70...8487,https://bscscan.com/tx/0xafabb5301692f6b15a8a9d7c14a77e8d493bf33bf1fff8898e780556199cb6aa
2023-03-25 14:04:42,True,0.4761,0.001468,550.317,0.8081,0x7e...6dfb,https://bscscan.com/tx/0x9908576824f5f813ea0ea980f654548bac64580e50d7bea4b2993d78392257c0
2023-03-25 13:58:30,False,0.4711,0.00146,31.799,0.0464,0xf2...0b57,https://bscscan.com/tx/0xd579939706d9b1a09f9cb6c54eaf33e1fa8f228a15475320b908a67b8b1158d3
2023-03-25 13:51:36,True,0.4758,0.001467,5.6,0.0082,0x64...1bd5,https://bscscan.com/tx/0x5c7d452628753c4280389961406802ec109eb46add23509b8ee4192e0fd938cb
2023-03-25 13:50:12,True,0.4758,0.001467,629.924,0.9245,0x70...8487,https://bscscan.com/tx/0xed3443b5afd4191db926c83ce3b57fea55b917642bc9e0a29d9aad79ec554b78
2023-03-25 13:48:57,False,0.4711,0.00146,10.0,0.0146,0x58...c337,https://bscscan.com/tx/0xb11ffeaa28d9cad99d4577b913b7bf1b67e3d7e07181a4cfc175fb64a5008632
2023-03-25 13:46:18,False,0.4736,0.00146,9440.0,13.7909,0x83...6678,https://bscscan.com/tx/0xa273caa38722e380a797d5a1b5c03dc27b91fd7dd9010442363b38d814995e0c
2023-03-25 13:46:18,False,0.474,0.001462,12338.4,18.0407,0xb0...a41e,https://bscscan.com/tx/0xa513c92f9085bb26533e0772b821e172c6d4e1a122bc8ef0a30d04cb53876c89
2023-03-25 13:46:18,False,0.4742,0.001462,1037.6,1.51793,0x05...7eea,https://bscscan.com/tx/0xf63f6d82f7954e5c45c8ff005839fa7898d4f8d199749eae9b11810545bdbd69
2023-03-25 13:44:06,False,0.4741,0.001463,2539.29,3.71531,0x00...78d2,https://bscscan.com/tx/0xdfdbe5a612ab31d7ee31f5fff3be8048738fe2436c6382c816ddb1d4ade83691
2023-03-25 13:43:21,False,0.4743,0.001463,651.177,0.9528,0xf5...8cea,https://bscscan.com/tx/0x642795f389632529fb0e19aeb694d71b0006c548fd7571bed083c091e25319a8
2023-03-25 13:43:09,False,0.4743,0.001463,1596.68,2.33665,0x00...78d2,https://bscscan.com/tx/0x36cb4ee1ef6056b489fd7c82a12a3d073226b6c0f433f65b75ea4b678dcc235b
2023-03-25 13:43:03,False,0.4744,0.001463,2533.93,3.70886,0x00...78d2,https://bscscan.com/tx/0xa57605bb0de4ffcfcc61bd10426fa9d649c2c276546c6e63f52b916a72284f69
2023-03-25 13:41:39,False,0.4722,0.001463,2.23605,0.0032,0x58...c337,https://bscscan.com/tx/0xffea4afe1443c874b5bf8dafd4c2a483939740ea238f2f811147414be2609334
2023-03-25 13:35:12,True,0.4746,0.001471,628.209,0.9241,0x70...8487,https://bscscan.com/tx/0x3804b3eefb3be20225b4582dbea5ff647359cfa77fd759ec892286a49c641830
2023-03-25 13:32:27,False,0.4722,0.001463,20.0,0.0292,0x6c...f659,https://bscscan.com/tx/0x310fefbd8ca8dce3439bd611396e85524469da0e9c08a56def92dd22d695233c
2023-03-25 13:20:15,False,0.4747,0.001463,2189.8,3.20561,0x00...78d2,https://bscscan.com/tx/0xea87b0440bd9c2af2788c8b511ec99c7fa1200aec9e02aa0cbba1e0decdfac73
2023-03-25 13:20:12,True,0.4771,0.001471,627.924,0.9238,0x70...8487,https://bscscan.com/tx/0xc37b2fd357e6db13fc5baf859359b9d8a4f1a289a24da46f001142f6a36b5b81
2023-03-25 13:17:18,False,0.4747,0.001463,38.6566,0.0565,0xee...8089,https://bscscan.com/tx/0xa4a04f2ac916a78eeb1bbdcad2b7ddd7c3e39acf181da1d8c22d083bafffa92d
2023-03-25 13:15:51,False,0.4747,0.001464,1451.5,2.12503,0x00...78d2,https://bscscan.com/tx/0x3f1cadd0c06c804c1348e24230aba3b6a7aefddf8919e30292da9b5191273f06
2023-03-25 13:15:24,False,0.4747,0.001464,2529.37,3.70363,0x00...78d2,https://bscscan.com/tx/0x9ac51410d5c6341ca74e050557e22bf33fef12a8ada73d1c6735c6c782733744
2023-03-25 13:12:09,True,0.4746,0.001471,300.0,0.4415,0xee...57ff,https://bscscan.com/tx/0x4e9e65a35860b8400b7b5c800fb26e9fff90cdae175ee1ed57c3f133d65d780c
2023-03-25 13:08:39,True,0.4773,0.001471,243.304,0.358,0x1d...50bf,https://bscscan.com/tx/0xef32391095214447618218b18b8cd73972bbd031507160d9a186df2e3b37e3e6
2023-03-25 13:05:09,True,0.4772,0.001471,42.753,0.0629,0x90...9592,https://bscscan.com/tx/0x1270863ae356f698492742880eae5cf5caf6623616e5c3398bf87afaa6c6dede
2023-03-25 13:04:12,True,0.4747,0.001471,628.037,0.9242,0x70...8487,https://bscscan.com/tx/0x534a86f2024c8344cbee71b0c1d4bff9d29ae35bf17de9a81098006ff8e0ba09
2023-03-25 12:54:18,False,0.4724,0.001464,40.0,0.0585,0xb7...e2f6,https://bscscan.com/tx/0xa57704d4ff5853cb8563c9b68858ef501d7ce89cc39c81e1a2c1ebc452f90df7
2023-03-25 12:49:45,False,0.4725,0.001464,132.851,0.1945,0xb2...1fdd,https://bscscan.com/tx/0x74a8bf322b3419614bb05257b1dfb185ce78c3f9f3771e1edab1b7aedbd068a1
2023-03-25 12:48:09,True,0.4772,0.001471,627.712,0.9237,0x70...8487,https://bscscan.com/tx/0x298a9d7db9088042eb954c88b8b74f096fe0ed83764ec6601a2516a0959be680
2023-03-25 12:36:36,False,0.4747,0.001464,14.4062,0.021,0x17...7037,https://bscscan.com/tx/0xe6eab0fa67263c43049f8d901aa32c4227b4d33221e6e539e801850026c508bb
2023-03-25 12:34:09,False,0.4746,0.001464,126.906,0.1858,0x8b...d720,https://bscscan.com/tx/0xc808fe019915c4187a1eb207f3d2122a88b6a37e795accb3f02774371ddcc8e9
2023-03-25 12:32:12,True,0.477,0.001471,628.017,0.9241,0x70...8487,https://bscscan.com/tx/0x7def4b115f3703b84f0f7729cf8589e9c6a31e2ad8a1016281fa89778dc5c86a
2023-03-25 12:17:18,True,0.4768,0.001471,628.27,0.9244,0x70...8487,https://bscscan.com/tx/0x64fb8eb13ef01c541f44afa5f5a8d96be5e02da4c317c8a83c668de5ff357c19
2023-03-25 12:14:42,False,0.4743,0.001464,6.0,0.0087,0x02...10db,https://bscscan.com/tx/0x77c560a0d6fc90af4d4216f3c312ea786bde94dac19753a20cfecab30b6e9857
2023-03-25 12:14:06,True,0.4743,0.001471,28.4992,0.0419,0x4c...f061,https://bscscan.com/tx/0xaa4a9c48a013de6f8fbc0d8f8c39bd5ec25023c7aacb4321cbca6fb83a238f80
2023-03-25 12:13:03,True,0.4767,0.001471,42.7508,0.0629,0x8f...334d,https://bscscan.com/tx/0x903b8e885b755ebcaac14a6cb4ab880333e6e9d758e5dc7c95e3076932aea775
2023-03-25 12:11:54,True,0.4766,0.001471,42.7515,0.0629,0x9b...a077,https://bscscan.com/tx/0xb998036b0bbb001ce44c07d9dc15153dc5ce52c4e48085d8f2c1f9806f56f921
2023-03-25 12:04:32,True,0.4767,0.001471,6715.09,9.87805,0x7f...2eaf,https://bscscan.com/tx/0x0f900f301f2873c4ac59cb4700f84e66246b04437940613bf88514aafc04ad54
2023-03-25 12:02:11,True,0.4742,0.00147,628.884,0.9248,0x70...8487,https://bscscan.com/tx/0xe8f86ab1c5d964eede9005dc6f2d680673619b0477784ce6fbd4790e45393b58
2023-03-25 11:48:20,False,0.474,0.001463,48.0,0.0702,0x5d...251f,https://bscscan.com/tx/0x1e180b0f31f1dbf5ffeee368bbb98126a7d12e51f1ed1e8c7e1d8201ff5504c6
2023-03-25 11:46:11,True,0.4742,0.00147,628.952,0.9248,0x70...8487,https://bscscan.com/tx/0x578d60b90a6643fcf1c75ed2fdd2d61c1252cfb45d3548ea53aa836d5a13449f
2023-03-25 11:45:47,True,0.4768,0.001471,207.618,0.3054,0x71...5cae,https://bscscan.com/tx/0xafc360f0d29d05cf6c89e1a0746baa6144a00cec86fb9c7649a85c59505a810c
2023-03-25 11:40:54,False,0.4743,0.001463,2348.0,3.43573,0x00...78d2,https://bscscan.com/tx/0xa5ec2479d0dacb7e7a03bfb01582d55a6bfdff209caeb94f394e087930dd7551
2023-03-25 11:39:52,True,0.4767,0.00147,408.866,0.6013,0x9a...4280,https://bscscan.com/tx/0x822e412c3db86b2853b9d97d5e1864c2dff561af6fde9c772d9f701ee85ce6ed
2023-03-25 11:32:49,False,0.4742,0.001463,117.481,0.1719,0x30...7ee5,https://bscscan.com/tx/0x4a87496359fe525fc7ad882b636cad839c505007c640185180d554122c40f92d
2023-03-25 11:32:34,False,0.4742,0.001463,835.072,1.22205,0xf0...5bc4,https://bscscan.com/tx/0xafeaed2872d878d265420909a9f8d41e57447b1962456757c32704013f500372
2023-03-25 11:30:13,True,0.474,0.00147,628.675,0.9246,0x70...8487,https://bscscan.com/tx/0xe7bfaf7348d624b5d6fc02a0e06d45c7f3ab9b3a160762e299ef0d9c5b3a468a
2023-03-25 11:17:45,False,0.474,0.001463,149.483,0.2187,0x5d...d98a,https://bscscan.com/tx/0xba598bd6b70a9687d051f38486efff78a8f1997b87cc1f7bb39718513dab7267
2023-03-25 11:15:12,True,0.4765,0.00147,628.562,0.9244,0x70...8487,https://bscscan.com/tx/0xba45eba839ca43b9d9f38bec1644378004d6689c30355d1d738a0cabad7d6a02
2023-03-25 11:03:27,False,0.4718,0.001463,396.616,0.5803,0x1c...9c10,https://bscscan.com/tx/0xdb020a0710bc0695eb98a6598f1207a36426ee6a83a939a7e6c5c264181bdf80
2023-03-25 11:03:15,False,0.4718,0.001463,155.745,0.2279,0xa9...f6c6,https://bscscan.com/tx/0x38328637f23779a87268f9e5c67723b8333ed00680427b1a1c2145be7d121b44
2023-03-25 11:02:21,False,0.4742,0.001463,316.0,0.4624,0x1c...9c10,https://bscscan.com/tx/0x22118f911917a422ed07e14d5e7a76bbee5ce63d7ecaff2b5e042a42c735a2e1
2023-03-25 10:59:12,True,0.474,0.00147,628.849,0.9248,0x70...8487,https://bscscan.com/tx/0xf03ac796f882a2232812b0a9806d103b70139c8bf67a761de0d3af6a428c80b9
2023-03-25 10:56:15,True,0.476,0.00147,200.0,0.2941,0xb6...f5ee,https://bscscan.com/tx/0x4644590256a2eb31cb4f230b01f42b0eacb905156c374d40364cafe853ff44f4
2023-03-25 10:55:45,False,0.4736,0.001463,2079.2,3.04281,0x00...78d2,https://bscscan.com/tx/0xaa4779d01147f00a187a0bef5fa0be3526456dc270a7f933b3dc4181c64f04b1
2023-03-25 10:54:54,False,0.4737,0.001463,99.0,0.1448,0x77...88ad,https://bscscan.com/tx/0x382cd0fd236e463f5981f39a461d09c5646b816290c4197fdc2085a0edb767d8
2023-03-25 10:45:54,False,0.4711,0.001463,71.3975,0.1045,0x64...c781,https://bscscan.com/tx/0x21236ff8fafd562eb072e8f8e8560d651827e1919b2151264028871d0a5ffe87
2023-03-25 10:43:48,False,0.4715,0.001464,10274.5,15.0438,0xea...189b,https://bscscan.com/tx/0xc13ab0f08039b66c90ecdfc62dc0f52df1a586eee08f85a9d2dcd024f13a80ff
2023-03-25 10:43:45,False,0.4717,0.001464,964.8,1.41327,0x00...78d2,https://bscscan.com/tx/0x8ec20ac4e26bc062d746adf18aef09d4558b64a3954e828430c20943c71a854a
2023-03-25 10:43:18,True,0.4741,0.001472,629.092,0.9261,0x70...8487,https://bscscan.com/tx/0xaecca2433a5297863b13923316d9f6a0cf32633d1cab39d852077b34e9f29b3c
2023-03-25 10:36:27,True,0.4741,0.001472,72.3905,0.1065,0x2d...f642,https://bscscan.com/tx/0xbb8b5baa2c9c20bfb828c08037316502b578d561bb41af0f0bcf222f3e0d21cf
2023-03-25 10:35:36,True,0.4762,0.001472,115.763,0.1704,0x68...787d,https://bscscan.com/tx/0x63196f1ed75f6af8faca2d7057601e44e40699aa53cbecaf6c387215ec20fe4e
2023-03-25 10:32:24,False,0.4714,0.001464,33.0646,0.0484,0xee...57ff,https://bscscan.com/tx/0x2c1052e9c33c58b423435a1f6d1d43edb52328724508304ae8d37633179753d0
2023-03-25 10:30:57,True,0.4761,0.001472,25.6045,0.0376,0x52...8d7e,https://bscscan.com/tx/0x33681692d326ccb0d7ef40f497c76912018900c2ac71de3da6ee6950f83886a3
2023-03-25 10:28:42,True,0.4768,0.001472,8.53609,0.0125,0xee...57ff,https://bscscan.com/tx/0x57cf78857cf5e97e51a1e3277a52820ae3900fdab9bcbbaf67d83c19978b3c6e
2023-03-25 10:27:15,True,0.4768,0.001472,28.058,0.0413,0xee...57ff,https://bscscan.com/tx/0xfb8ed5606b73785c462e7795128e2640f21043d806fcb5369fd44a1c29f493ad
2023-03-25 10:27:12,True,0.4744,0.001472,628.417,0.9251,0x70...8487,https://bscscan.com/tx/0x5818c2b9db0300fa8b0f6dfde9751940a258e3897df92dc72990c21b319ee927
2023-03-25 10:19:36,False,0.4743,0.001464,54.1375,0.0793,0x6b...ed6b,https://bscscan.com/tx/0x3bc4349ba6c9f6704314d05f48476547d0541bec51e811620d0793f2c6b22855
2023-03-25 10:17:27,True,0.4744,0.001472,218.331,0.3214,0xd3...2e46,https://bscscan.com/tx/0x64a861ba661ce798bc22b1df4a013a3a5ab0da184d81f51a913ed237eba2a185
2023-03-25 10:12:42,True,0.4743,0.001472,300.0,0.4416,0xd3...2e46,https://bscscan.com/tx/0xfa7bc53c4970093d0e0295a13fdb6156518a1b248efbf5cedf4150c8cacad167
2023-03-25 10:11:12,True,0.4766,0.001472,627.76,0.924,0x70...8487,https://bscscan.com/tx/0x488e988ae1ce2b3fffcd9f31cefd8c9885b58cafbfe1dbf21e3333469c4be834
2023-03-25 10:09:33,False,0.4742,0.001464,211.657,0.3099,0xee...57ff,https://bscscan.com/tx/0xbe27eba941c4aba52ba95d9019996462172640b13b06a987c44f971c2b4139ed
2023-03-25 10:06:24,True,0.4768,0.001472,212.834,0.3132,0xce...5a49,https://bscscan.com/tx/0x01dacd7d5b89989fa8b063becb3e0934b59aba4037e238283cb4d84b452d6f4b
2023-03-25 09:58:45,False,0.4742,0.001464,127.188,0.1862,0x99...3489,https://bscscan.com/tx/0x665792c988f07a29fbe98af2e64aa7f98c2bfd6f1f7532e6547778bfbc6e3608
2023-03-25 09:58:00,False,0.4745,0.001464,187.908,0.2752,0xcb...7f00,https://bscscan.com/tx/0x3f18bec5eb93a9152fca4c7ece26de49492819d0187c474c8fd5a08e4530e2d6
2023-03-25 09:56:12,True,0.4766,0.001471,627.422,0.9235,0x70...8487,https://bscscan.com/tx/0x0174df853ea086576507627dfae98cbf5328cf0467f8e3137aeb2d4228a3c21d
2023-03-25 09:55:03,False,0.4743,0.001464,2486.3,3.64168,0x00...78d2,https://bscscan.com/tx/0xd5a7d155efa6df8668946d77cd04d275b80ba78c2bf4178fb8c7d70d39a4c29a
2023-03-25 09:52:06,False,0.4747,0.001464,738.23,1.08142,0xf0...c22e,https://bscscan.com/tx/0x2700a2eacd039d53efc9f690d7fbd62a59055c1b7a74ae5e51a0cbd968742616
2023-03-25 09:51:18,False,0.4724,0.001465,934.4,1.36888,0x00...78d2,https://bscscan.com/tx/0x0a46e73ff14eca14db45c950f50378839ef79739e62a936de057c545cfeaf6aa
2023-03-25 09:48:57,False,0.4724,0.001465,2544.67,3.72841,0x00...78d2,https://bscscan.com/tx/0xdfd3c892e16d9bac72b9308fc457762ad433d736dbfc310367f793ae52b6a570
2023-03-25 09:47:33,False,0.4749,0.001465,435.684,0.6384,0x89...7a42,https://bscscan.com/tx/0x2e25f27b3d47c136f935c0bc5b26790886c81306f493f21194e7297e76eb1385
2023-03-25 09:40:54,False,0.4749,0.001465,9878.67,14.4816,0xda...5a45,https://bscscan.com/tx/0xe75c057a96da360d6e478d7882083da59183cd760aac1a74c6e0150299a3c3d8
2023-03-25 09:40:12,True,0.4774,0.001473,627.347,0.9246,0x70...8487,https://bscscan.com/tx/0x4d9e633902f1d441181f13b3bebaf21c8596708409ce2a5ca489701f6ca06ce1
2023-03-25 09:34:00,False,0.473,0.001466,22.66,0.0332,0x44...6f5c,https://bscscan.com/tx/0xb184dbab664df3c212aa21db12163fa047a56437f4bad776dc52de2c1ce9a8a3
2023-03-25 09:29:09,False,0.473,0.001466,62.35,0.0914,0xf5...ccd4,https://bscscan.com/tx/0x1fb82fe1bc6e0bf3d34de6f96e7b1fbcb8a872b97a7b6fddcae8ffbf17ad3fa5
2023-03-25 09:25:12,True,0.4753,0.001473,627.292,0.9244,0x70...8487,https://bscscan.com/tx/0x2c6f00e67c375261863821e9a2e3285d644776bdb2a6563989f03e15a1f9b0d9
2023-03-25 09:25:00,False,0.4753,0.001466,74.99,0.1099,0xd4...1076,https://bscscan.com/tx/0xb1b2599d13b24271e58d8690293cdef6fe4e8fce8987f61c2cdd1045f6ebce00
2023-03-25 09:24:18,False,0.4753,0.001466,58.3571,0.0855,0x64...c781,https://bscscan.com/tx/0x0ae442b8f3485c487cd631f1c8a8db9dc90d100679c4604337ece25630ed8390
2023-03-25 09:22:54,False,0.4729,0.001466,79.9,0.1171,0x19...8540,https://bscscan.com/tx/0x65fa42f378b1c1a7a523003226a55095c9dd0be65c9ef638a737d595cee3a631
2023-03-25 09:19:18,False,0.4753,0.001466,25.0,0.0366,0x59...a874,https://bscscan.com/tx/0xc52704acb99ef169ce4b16b8b09b3b162ca0f653b6545e37c6b48f7fb1b40295
2023-03-25 09:12:39,False,0.4754,0.001466,2533.93,3.71615,0x00...78d2,https://bscscan.com/tx/0x7898e93cabe46af66494bb2a67937b2e76f3c751aa49f5af22ab410a436ad6ca
2023-03-25 09:09:18,True,0.4778,0.001474,627.074,0.9243,0x70...8487,https://bscscan.com/tx/0xf6ce9562bae72b07437df73c04fd7c41b517ade8db9d14873f9f4e334177d976
2023-03-25 09:08:18,False,0.4754,0.001466,230.0,0.3373,0x5f...8c81,https://bscscan.com/tx/0x23445ff7625a20d7ee17751e45bba813099c87f333d212768589346e26a5b533
2023-03-25 09:02:15,True,0.4777,0.001474,247.613,0.3649,0x3f...66aa,https://bscscan.com/tx/0xda37de4c91935a1d45d94de259769a38fdf2a2e4f6272ca8a5ac28dd25f09f5f
2023-03-25 09:00:57,False,0.4752,0.001466,204.549,0.3,0xd0...10bf,https://bscscan.com/tx/0x54d6f9d89fa5a1e26e4e34aab132e964492a89d1e26c6eda5302fd4f514ad2df
2023-03-25 09:00:30,True,0.4775,0.001474,58.9266,0.0868,0x2c...c9c5,https://bscscan.com/tx/0x1214228c347ed75554ea69a601d1d71ab7f8e73f7b6784fe6f2541c1f880d766
2023-03-25 08:59:57,False,0.4754,0.001466,34.7324,0.0509,0x3c...cfd2,https://bscscan.com/tx/0xf2ef7d08c69ce8df582491c3d9a121b98b5c595875b91e95f556aa0790ff4cff
2023-03-25 08:56:38,False,0.475,0.001466,254.006,0.3725,0xd0...10bf,https://bscscan.com/tx/0x3a834c24e3f72e6e183e36c2e6fa721bac692d71d1f111088b0c5c8bf24932bf
2023-03-25 08:53:12,True,0.475,0.001474,626.612,0.9236,0x70...8487,https://bscscan.com/tx/0xe8e2c2803e9146d7765f62063ffbe6ee0dcd76e70fc64fc51649cafdf9c817b6
2023-03-25 08:41:30,False,0.4751,0.001466,848.628,1.24465,0x72...c559,https://bscscan.com/tx/0x2ff2eeed768ef7cfa08d5dfebcd1297d9c75e301abe20297432b5b93c378ceb3
2023-03-25 08:38:15,False,0.4727,0.001466,850.0,1.24674,0xf5...ee0e,https://bscscan.com/tx/0x38a8419b856773b229f406c18cfaee9cbb8e48493e361e5022c64a18b4d8b985
2023-03-25 08:37:12,True,0.4774,0.001474,626.422,0.9234,0x70...8487,https://bscscan.com/tx/0x064071bceb8a4761dc71f2b359572ae05e854d39a3b0ca786dbec03295319e6a
2023-03-25 08:25:00,False,0.4754,0.001466,2.0,0.0029,0x64...a5bf,https://bscscan.com/tx/0x4ba12f12045603e2aac1b7c0e787c1d9b06a62273bba9dbd837973faa363b159
2023-03-25 08:24:00,False,0.4754,0.001466,167.559,0.2457,0x89...6a21,https://bscscan.com/tx/0xbe36d314b51fd0a37adfebddb34515ae6835089f4b47e0be49b507f4a9b82a0c
2023-03-25 08:22:12,True,0.4754,0.001474,627.44,0.9248,0x70...8487,https://bscscan.com/tx/0x4deffd55b5c8dce5299f4411bccdea9380f811dde9e762927ffb8272105f0890
2023-03-25 08:18:24,True,0.4777,0.001474,71.5308,0.1054,0xeb...0060,https://bscscan.com/tx/0x60845c3896607eacf871306ef17e0867d9dcec57a8904871214c21bce392dd11
2023-03-25 08:13:33,False,0.475,0.001466,370.131,0.5428,0x4a...b418,https://bscscan.com/tx/0xd34af234ee887af6ffa97b8fe73c4778d32f95b7fcaa52b10b355422c69ba6fe
2023-03-25 08:08:04,False,0.4747,0.001466,1481.6,2.17321,0x00...78d2,https://bscscan.com/tx/0x31c797e0e36ed2cac7d1a4ff76faf1db96e7bae91d753096f5f5d0426e49af58
2023-03-25 08:07:28,False,0.4748,0.001466,48.324,0.0708,0xdb...3059,https://bscscan.com/tx/0x79a772c1114e630a089a32b53eb760cde5bbbe9986539192c14c6b927ef4aff2
2023-03-25 08:06:10,True,0.4775,0.001474,627.466,0.925,0x70...8487,https://bscscan.com/tx/0xde414ea43b91eb746f6ecfcdaadc738c858686a1e071b6e7aaf2f7738c21a326
2023-03-25 08:02:07,False,0.475,0.001466,11.9759,0.0175,0x86...de96,https://bscscan.com/tx/0xf4b6606d031a6d806986c51532cccf41666de19dafd0ec97e1bdd99db4d3e6e7
2023-03-25 08:00:07,False,0.4749,0.001466,1548.8,2.27195,0x00...78d2,https://bscscan.com/tx/0xff604d18d9386112232274846acae00f847a774951fd664a0b02c105b520db09
2023-03-25 07:58:37,True,0.4773,0.001474,165.605,0.2441,0x88...1d15,https://bscscan.com/tx/0xf1232090831c089bd9f1fcd6aaff7312b8a7f7f469f7ceea9fffbb129ded5b89
2023-03-25 07:56:43,False,0.4726,0.001467,2534.71,3.71873,0x00...78d2,https://bscscan.com/tx/0x284c9f8b90864731ae0250e48f559d20074e0c7689012b7245e86b5ac8fc6a42
2023-03-25 07:56:40,False,0.4727,0.001467,2534.71,3.71948,0x00...78d2,https://bscscan.com/tx/0x5bdd31515449f394ecf0b0608c7e0977731cc2d62edd939cb23bb4982c20d5e4
2023-03-25 07:55:55,False,0.4752,0.001467,1257.71,1.84586,0x00...78d2,https://bscscan.com/tx/0x0f5d56d10b43a6c277f333532746f9f3aebbcb719162a9e01bc2594768192e52
2023-03-25 07:55:46,False,0.4752,0.001467,2534.71,3.72059,0x00...78d2,https://bscscan.com/tx/0xf6d14068d86f62b1004b297f20dae662efff4004a57bf749237f4e07f6168044
2023-03-25 07:55:43,False,0.4754,0.001468,9440.0,13.8631,0x83...6678,https://bscscan.com/tx/0x6eccb220367b6f58f665c148dadcb9bff45ed6b7791c4cd3a4b66ad57cda3c33
2023-03-25 07:55:43,False,0.4757,0.001469,2528.59,3.7151,0x00...78d2,https://bscscan.com/tx/0x1021077b85b352ad04d7b3b1dd768a0d683c9507f821540c9eba02fbfc46f184
2023-03-25 07:51:10,True,0.478,0.001476,626.248,0.9248,0x70...8487,https://bscscan.com/tx/0x154d027eb79e22ec82b5526680ed5bef720e8ce4a816c024f3acf109079d3990
2023-03-25 07:47:41,False,0.4733,0.001469,11.9759,0.0176,0x86...de96,https://bscscan.com/tx/0xed908410bc1c3681b5883becd8f477f49a1d0c0b33f93d8affc534a13db741ff
2023-03-25 07:46:02,True,0.4757,0.001476,355.074,0.5243,0x07...9154,https://bscscan.com/tx/0x37fc0e3e800bb921ef359c2d1bc9d7e01070276b1fb6a96a9f321e6139228c95
2023-03-25 07:40:23,False,0.4758,0.001469,1725.1,2.53482,0x00...78d2,https://bscscan.com/tx/0x8f38726b167d016455987ce978452b8a11989ff184da7642bfdc9a4b46d9a61c
2023-03-25 07:40:20,False,0.4759,0.001469,2529.37,3.71721,0x00...78d2,https://bscscan.com/tx/0xf8bbd711cfb1b1f9f2bad3c56204ebefb44d2aceb69d8078cce5dfeaf13884d3
2023-03-25 07:36:17,True,0.4784,0.001477,626.232,0.925,0x70...8487,https://bscscan.com/tx/0x76dcd8ef38eda9eb73e6d347a10dae236c333f1c735f47cb3a9036954832ae7d
2023-03-25 07:35:11,False,0.476,0.001469,1000.0,1.46975,0xcf...9c22,https://bscscan.com/tx/0x1c783826c975501325b69f2829183b9e99dcb640b2152279ee8d8c5497be2587
2023-03-25 07:27:44,False,0.4737,0.001469,2165.0,3.18082,0x4d...0ff5,https://bscscan.com/tx/0xd2f1a1fa1bdfaa11a61d4b804fc439a71555f9a87696136874465b5fdcee1b93
2023-03-25 07:21:32,False,0.4765,0.00147,2533.92,3.7254,0x00...78d2,https://bscscan.com/tx/0xeb79b8cf692360f68c5cbc8eb6f6faf2e56c5734341004542ef0d13a49d7c7f5
2023-03-25 07:21:29,False,0.4766,0.00147,2533.92,3.72615,0x00...78d2,https://bscscan.com/tx/0xc0603f50e7c05c917de19e6179af076d181aac2fe2a84db93e05540d9fdfde9a
2023-03-25 07:20:11,True,0.4792,0.001478,625.312,0.9242,0x70...8487,https://bscscan.com/tx/0x228a616e1ff9481fea68edee171d4d260ffa919e9ad438ae33917218fd02beff
2023-03-25 07:20:11,False,0.4769,0.00147,1362.56,2.00386,0xb0...a41e,https://bscscan.com/tx/0xe080f68667eddccec86fcc15c21a8db783b0af12fb1306022ea7f88d210de176
2023-03-25 07:20:11,False,0.4769,0.00147,2540.07,3.73615,0x00...78d2,https://bscscan.com/tx/0xfbac3fad4768d4703d3bfb90030143641150d32a01c3041ea24a7666e598d94b
2023-03-25 07:20:08,False,0.4747,0.001471,2529.37,3.72115,0x00...78d2,https://bscscan.com/tx/0xb3161a2b5cdfee1dc8dfad96075a807ac144731a378f2ef297b8d4467a67646e
2023-03-25 07:05:13,True,0.4768,0.001478,625.027,0.9242,0x70...8487,https://bscscan.com/tx/0xa2b9d0e695f46db2e1c4acf832a57f34312bfe9e1c64904f328d09d34d2f22f6
2023-03-25 07:02:46,False,0.4746,0.001471,1209.2,1.77912,0x00...78d2,https://bscscan.com/tx/0x11a00937195a5be34ef48acaeda541c75ad6097f49e5f7c690af5913a57cdb8c
2023-03-25 07:00:46,False,0.4746,0.001471,1557.7,2.29213,0x00...78d2,https://bscscan.com/tx/0x647d5f919c1cfa125c413e3674a6f36eb1ef3e0716865982bfa046d8cb6f988f
2023-03-25 07:00:43,False,0.4747,0.001471,901.26,1.32632,0x00...78d2,https://bscscan.com/tx/0x7df81fa0b817b00df642b79937c6aed0edb56efb2dbadb18ae10452dc98cd510
2023-03-25 06:59:16,False,0.4747,0.001471,2533.92,3.72949,0x00...78d2,https://bscscan.com/tx/0x00c1aeff4dfef07f34b73b88f4c181799a1b86fe3a0963f7a0fd86beca4d4606
2023-03-25 06:59:13,False,0.4748,0.001472,2533.92,3.73024,0x00...78d2,https://bscscan.com/tx/0x2a46bb825c9cc36a336daa5f572c75868c82c3a1478f18a0e65a815d6799b89e
2023-03-25 06:55:22,False,0.477,0.001472,922.6,1.35836,0x00...78d2,https://bscscan.com/tx/0x0edbce04047a6be61661c878722ea56e9f016d30e3fc3bd847c099b4d4788180
2023-03-25 06:52:28,False,0.4745,0.001472,300.0,0.4417,0x53...6615,https://bscscan.com/tx/0x5e184aa4726ba65c0fde68c3e1bfc76d23a13ce896d92e6cc2263397b59dfc03
2023-03-25 06:51:22,False,0.4769,0.001472,77.1049,0.1135,0x63...0994,https://bscscan.com/tx/0x8c0a33749d428bbd53084ecd8b2bd1521134ef545a19dbb5e7b3cc1f39620aa7
2023-03-25 06:50:10,True,0.4768,0.001479,624.185,0.9236,0x70...8487,https://bscscan.com/tx/0xc226fa1db7c7dd6f01dcb456675c6ea223b8f50ba241075512c3784f3a93fbb1
2023-03-25 06:48:04,False,0.4769,0.001472,2524.05,3.71664,0x00...78d2,https://bscscan.com/tx/0xf8b13b96a0183052a20491896da0ef815629cd3cae25c8b303feed4a729236e3
2023-03-25 06:48:01,False,0.477,0.001473,5750.0,8.4696,0x83...6678,https://bscscan.com/tx/0xd7f3f7f37ef8bcc558857af9de9f86c489a0410ab88e13d543e06d2f8b2eb073
2023-03-25 06:48:01,False,0.4773,0.001473,5848.5,8.61863,0xd8...bcda,https://bscscan.com/tx/0x3897515f13fd8e58462a02870e4fc838ca162734940aa346e88349d7e32617f4
2023-03-25 06:48:01,False,0.4775,0.001474,5437.21,8.0161,0xb0...a41e,https://bscscan.com/tx/0x872b435250dcdd4b83b8fda0a8f24309c2f84070faea0d649040d3435656a303
2023-03-25 06:46:04,False,0.4777,0.001474,2528.58,3.72908,0x00...78d2,https://bscscan.com/tx/0xb805dc472675785482432d12acd1273aa08b0eed5bbbbb10b6b4ed9f8c420085
2023-03-25 06:45:16,False,0.4778,0.001475,2523.27,3.72198,0x00...78d2,https://bscscan.com/tx/0xcae0e8770c7472be9e1fb614c874e4285407893a065558f26c929b40f2c7766d
2023-03-25 06:40:46,False,0.4755,0.001475,65.18,0.0961,0x34...99dc,https://bscscan.com/tx/0xc1ab45b77a0d7d2f8b759016740aed15747ec9649e7521989522f388040613a4
2023-03-25 06:38:34,False,0.4785,0.001475,9.55785,0.0141,0x75...234d,https://bscscan.com/tx/0x8afc05afa4fd6080646e8da218c9b836970cb98252fa14776eeea3a9c6f16bd5
2023-03-25 06:36:01,True,0.4787,0.001482,159.499,0.2364,0xd0...e4df,https://bscscan.com/tx/0x6f9c28a873e5671e34534dcd061a3566e27c3acc910b46942382b62d38a53eff
2023-03-25 06:34:13,True,0.4787,0.001482,623.313,0.9241,0x70...8487,https://bscscan.com/tx/0xb2c81c9cf14320e29cddca3446ab6acebdd63e0a8fe64a0be7006fbb82fe3e8e
2023-03-25 06:32:58,False,0.4787,0.001475,1373.9,2.02679,0x00...78d2,https://bscscan.com/tx/0x7811a5928db93ff8779ccaa763a32333bdae7a64d6f607dcec6e1a4611e1da9f
2023-03-25 06:32:52,False,0.4788,0.001475,832.7,1.22851,0x00...78d2,https://bscscan.com/tx/0x9eb71b033c8c49ff5d12e73fc5368e929841cecf61f3d777b1ee4a218fdd5b35
2023-03-25 06:26:16,False,0.4787,0.001475,1134.2,1.67346,0x00...78d2,https://bscscan.com/tx/0x77a556e372303270b6df2eff3052c8f0847a1bfaf2f56e52fb2627218c8c2d9e
2023-03-25 06:24:43,False,0.4763,0.001475,2459.57,3.62949,0xd9...950d,https://bscscan.com/tx/0xff8d8cc08399d56028a1a6b07eb36d824b2c9c642807b608b79feea7fb51e4c6
2023-03-25 06:20:46,False,0.4789,0.001476,2513.47,3.70976,0x00...78d2,https://bscscan.com/tx/0x4de59f33bde2205a625c2e6b7b8f0cec4e5b069c09c0a6397266619d7b6e075b
2023-03-25 06:19:10,True,0.4813,0.001483,622.796,0.9239,0x70...8487,https://bscscan.com/tx/0x742fea68f573eafff2431c06e8dcf18189775d70a2b3cdd51409537f1de93a07
2023-03-25 06:14:58,True,0.4813,0.001483,191.317,0.2838,0x42...859c,https://bscscan.com/tx/0x8f75a1dd4e6f30ce1a80f9960285b5fb56f263f7debfe3e9483671b8b9c1110e
2023-03-25 06:14:58,False,0.4789,0.001476,25.6856,0.0379,0x3c...cfd2,https://bscscan.com/tx/0x6e35efed29f96ba67faa8d7606e08dd777f54acbf31ab95605084153c942e367
2023-03-25 06:13:55,False,0.4789,0.001476,2512.7,3.70913,0x00...78d2,https://bscscan.com/tx/0xd420e5467d19cf6778be9ec0440b227b2e766f58199f2fa4f9c80dfd74737821
2023-03-25 06:13:07,False,0.4788,0.001476,2513.48,3.71101,0x05...7eea,https://bscscan.com/tx/0xec0db5d19788bca641e7ac178211b84a5eff6c72d47dd3a17ccfda7785d11afb
2023-03-25 06:05:01,False,0.4767,0.001476,20.0,0.0295,0x75...4e82,https://bscscan.com/tx/0x70ad53c9b816c4b850da17d477cfb8d7730b0967815b2e338f1cd2099c169e4f
2023-03-25 06:04:10,True,0.4815,0.001484,622.475,0.9237,0x70...8487,https://bscscan.com/tx/0xbd133344ec6785ad57d993c3346700a8662a056ec1465b0406ba5538643149f2
2023-03-25 06:02:55,False,0.479,0.001476,4426.71,6.53727,0x17...272e,https://bscscan.com/tx/0xdfb76f708204c8b6072599549ee410b42979a295c4849bf0c94cd589c5524b86
2023-03-25 06:02:22,True,0.4815,0.001484,43.0,0.0638,0x18...f64e,https://bscscan.com/tx/0xefc538468f73aae6528b9428b93a3a65e5597c9fc60a9e41f19386f12728ddad
2023-03-25 06:00:34,True,0.4792,0.001484,28.6672,0.0425,0x18...f64e,https://bscscan.com/tx/0xf80a777585a1951ecf8a2e424d707e1e53f27617c4d7e3d61ccec6c6600dad0d
2023-03-25 05:49:10,True,0.4793,0.001484,622.242,0.9236,0x70...8487,https://bscscan.com/tx/0x425279c2d9917993d9a706ed9d997650a923e7c0346b00382f2f9104e31102e0
2023-03-25 05:47:46,False,0.4794,0.001477,200.0,0.2953,0x18...f64e,https://bscscan.com/tx/0xc167baec106200a6f08317acb2694e7fe1a25aed7534aff0f92177fd1315ae59
2023-03-25 05:45:04,False,0.477,0.001477,1285.0,1.89802,0x00...78d2,https://bscscan.com/tx/0x752a635c971e00ef1e4bdca9b2111586fb46270b02f9cf55a1e141803745e6ca
2023-03-25 05:45:01,True,0.4794,0.001484,450.0,0.668,0x42...859c,https://bscscan.com/tx/0x403a26600daae56b8f5a88254fdb70d341f0e9e2205ac0791e952edd40ebc8cc
2023-03-25 05:42:19,True,0.4796,0.001485,6.67403,0.0099,0x4b...904e,https://bscscan.com/tx/0x9cbabfe53c55b69e85819683c6fa2b7e4e3df98fcd279dd301bd7ae9c77f0bd0
2023-03-25 05:34:37,True,0.4823,0.001485,20.0221,0.0297,0x4b...904e,https://bscscan.com/tx/0xc14afba9669d14bf360b4937506ee22428fefad0ca48bc9da4317281b1d3d0c5
2023-03-25 05:34:10,True,0.4821,0.001484,621.892,0.9231,0x70...8487,https://bscscan.com/tx/0x6b3c261f824ece2bc56e47172e3e38cfcde2194ca8f39d6543e4aba7f768d999
2023-03-25 05:30:58,True,0.4818,0.001484,6223.96,9.23666,0x0a...669b,https://bscscan.com/tx/0x5ef074fd3c68ccd9dc28c700d016b79f2b808c136ee0365a149b50c255647e94
2023-03-25 05:28:22,False,0.479,0.001476,109.835,0.1621,0x1a...5e90,https://bscscan.com/tx/0xd46ba1f44c5fbc672674109a4c1110d50420af11239f2a8746f5d68d805693ff
2023-03-25 05:26:01,False,0.4789,0.001476,41.0744,0.0606,0xf0...383d,https://bscscan.com/tx/0xb21ed3118863292f6d2f3d762e4aee3658de3827f8e32d154437ad229ca41829
2023-03-25 05:24:01,False,0.4764,0.001476,2512.7,3.70984,0x00...78d2,https://bscscan.com/tx/0x9a5008a9827ccce808ab222acfcbc9b44b13fea0cd73c954b5ddaea102d81983
2023-03-25 05:23:16,False,0.4764,0.001476,244.8,0.3614,0xf0...383d,https://bscscan.com/tx/0x985cdf50c71bdf69c410930e0b331102b28b9d1d0e5b3bb1135fb52582c1ae73
2023-03-25 05:21:52,True,0.4814,0.001484,56.7472,0.0842,0x4b...904e,https://bscscan.com/tx/0x2112e9f8fcac5b83a04fa615a2e5293f1327e5d4b64d3975f07c7f40a106f2df
2023-03-25 05:21:49,True,0.4814,0.001484,56.7472,0.0842,0x4b...904e,https://bscscan.com/tx/0x2112e9f8fcac5b83a04fa615a2e5293f1327e5d4b64d3975f07c7f40a106f2df
2023-03-25 05:21:13,False,0.4787,0.001476,10.0,0.0147,0x02...f2c0,https://bscscan.com/tx/0xd56e56c69d6838eb752cdc688e869360d9dcb9af48c879ea650deff799ef8c6a
2023-03-25 05:20:01,False,0.4787,0.001476,67.1336,0.0991,0x02...f2c0,https://bscscan.com/tx/0x484351cff8bd7f4596892a9a6148c462f547f29ecb4d0a1d0dba3d49e669be42
2023-03-25 05:18:10,True,0.481,0.001484,623.128,0.9247,0x70...8487,https://bscscan.com/tx/0x17e7f897f543ab73fb9751ba6123c698fc68efcb77341a5aafa633547978747f
2023-03-25 05:17:19,False,0.4784,0.001476,2512.7,3.71048,0x00...78d2,https://bscscan.com/tx/0xf049d9255a351ea4e6b638036e80afb76e5d158f99d80858539f28aff2931cd8
2023-03-25 05:10:43,False,0.4761,0.001476,5.82917,0.0086,0x97...cd74,https://bscscan.com/tx/0xfc1bfed6432b5b9701688eb87be0417df8650f8cf1da08a97acd70c9f179fec0
2023-03-25 05:04:19,False,0.4784,0.001476,22.0,0.0324,0x02...f2c0,https://bscscan.com/tx/0xb912f6e2c9048e2cc598199f65486c6636c06bec8cb576b75c4d2a92dbddb8ff
2023-03-25 05:03:10,True,0.4784,0.001484,623.012,0.9246,0x70...8487,https://bscscan.com/tx/0x840e7967643d7f7777656fc9ff0e812ce90e6512d56f2cf6ed2ac27111b27d56
2023-03-25 04:55:52,False,0.4766,0.001476,1269.5,1.87485,0x00...78d2,https://bscscan.com/tx/0x77a91b69f0d993688aaec1c9e7f328634d15210a60f90d1a3af779cb0bd3a18b
2023-03-25 04:55:49,False,0.4767,0.001477,2513.48,3.71256,0x09...18f7,https://bscscan.com/tx/0xe38282cafbc9069f65c8e9442a723940b768ea9ddff9bdcb341d52ef36c898d9
2023-03-25 04:54:40,False,0.4792,0.001477,2518.75,3.72109,0x00...78d2,https://bscscan.com/tx/0x4a51b64fc9f23794e204df52818a0e4a8790f0be9278b9f581bd3e71e58e6c92
2023-03-25 04:50:36,True,0.4792,0.001484,28.3729,0.0421,0x09...3f43,https://bscscan.com/tx/0x58ad838e76ab5e60589e40aa3f43a87ad69494634bb98af364f1e2d9401cd59c
2023-03-25 04:49:58,False,0.4769,0.001477,1171.84,1.73147,0x28...3185,https://bscscan.com/tx/0x49a2290a0d3ce7e4f4b14b85cc8863130ed3bcf6f869f489c46bd85f3d0bc58c
2023-03-25 04:47:12,True,0.4818,0.001485,622.094,0.9238,0x70...8487,https://bscscan.com/tx/0x584ae70c418f6e2756d0ffeb04eb5cfaa7cc2c89368f1a05591b8aa6469ec207
2023-03-25 04:36:58,False,0.4768,0.001477,40.0,0.0591,0x97...99d0,https://bscscan.com/tx/0xc776d4628b25f29f3943e96f7b61770582ea251cbddf7594dabb5e3594040194
2023-03-25 04:32:10,True,0.4792,0.001484,621.197,0.9224,0x70...8487,https://bscscan.com/tx/0x94de1b36ce9ce52bb91939e010a209dc733ef8cd43eed1ec326b983f96ec12ea
2023-03-25 04:25:25,False,0.4792,0.001477,2518.75,3.72181,0x00...78d2,https://bscscan.com/tx/0xcb5fa98d54e44ac284ab72e51561ec95da582e95ef38358839691068242acca5
2023-03-25 04:25:10,False,0.4793,0.001477,770.3,1.13838,0x00...78d2,https://bscscan.com/tx/0x6d35ffa17edbf3863980614edac276acf91c500e26e9847c63be5e04b3e82862
2023-03-25 04:24:07,False,0.4769,0.001477,823.2,1.21663,0x00...78d2,https://bscscan.com/tx/0xae02ce267ff7d54578c58708e6fde8f4bd25bd9fb059cd080baae157ac6fa9e8
2023-03-25 04:16:13,True,0.4799,0.001485,621.548,0.9232,0x70...8487,https://bscscan.com/tx/0x72edd1018ca9a815dabd9c96db5cda067b622179326c7c6b5f00b1d25d84ff84
2023-03-25 04:16:01,True,0.4799,0.001485,51.2741,0.0761,0x66...7c57,https://bscscan.com/tx/0x770cee3e869fe5c3a192f32ff4ad47ecdd3ddb846f3492a7c4a3c990357579ab
2023-03-25 04:13:49,False,0.4798,0.001477,6.78702,0.01,0x3c...cfd2,https://bscscan.com/tx/0x2650361ecd02ae777b7e3d60660052d32aac794801842a9079d22721b86f76d2
2023-03-25 04:13:25,False,0.4798,0.001477,20.3611,0.03,0x3c...cfd2,https://bscscan.com/tx/0x0ea1a029f30d86da1285322396ae74c0e15e39657c8b786ca49efc1b61e3aa7b
2023-03-25 04:10:46,False,0.4799,0.001477,26.0817,0.0385,0x8b...f2b8,https://bscscan.com/tx/0xfb7dcdb2ad309e5de47193373e0d9bcfa388ef86dd8640a09adf023dbff7834a
2023-03-25 04:09:22,False,0.4776,0.001477,500.0,0.7389,0xda...7899,https://bscscan.com/tx/0x8e281a76b7b7ef3d7390ee4b07cce0e2cc588d1d3c992ac27416e5d7a9bd850d
2023-03-25 04:02:34,False,0.4775,0.001478,101.067,0.1493,0xf3...969f,https://bscscan.com/tx/0x695e1bcf3ee2427b2d42dc7b2cf0ab27e9d74f1baadb7e7b899f85f1748ae156
2023-03-25 04:02:13,True,0.4799,0.001485,29.5948,0.0439,0x1f...7a8f,https://bscscan.com/tx/0x4cc90d92c1d8b4a32474d618a03955b9350e758e294640f186d229f8ac408205
2023-03-25 04:00:13,True,0.4799,0.001485,621.429,0.923,0x70...8487,https://bscscan.com/tx/0x6478f251fca95b1fb3f5795c51059428b5ebc9e63e82263a0896adab54b8db4e
2023-03-25 04:00:10,False,0.4775,0.001477,10.0,0.0147,0xdd...93de,https://bscscan.com/tx/0xd18554218e43482bdb9fb74011b2e3f4f6feb5bd6d13f9e6f736f0d58d3daaba
2023-03-25 03:59:19,False,0.4775,0.001477,24.3,0.0359,0xdd...93de,https://bscscan.com/tx/0xdadd1359a9c16f43a76ca1e1434d6facc45e84f29b677c5a5efac4096b1bf827
2023-03-25 03:57:04,False,0.4775,0.001477,10.0,0.0147,0xdd...93de,https://bscscan.com/tx/0x05cd8aa1a9b983f4ebbfac3ace0f06de2f39b2ead790c6e81b418e19b7c86609
2023-03-25 03:55:10,True,0.4823,0.001485,327.09,0.4858,0xec...9221,https://bscscan.com/tx/0xbf5ffc10d3eacab5151b5ddefb747df0808acb88ef79339a1425668ac56ac7ba
2023-03-25 03:49:46,True,0.4821,0.001485,3.8,0.0056,0x94...677f,https://bscscan.com/tx/0xfb04173579f684c61d2252aa5bcf77602665cd109da01208cf4854d7a2385d0b
2023-03-25 03:45:12,True,0.4822,0.001485,621.52,0.9231,0x70...8487,https://bscscan.com/tx/0x6ade24664b4bf2315db982a321bf6bb3420c50032fabcc53b4cb32912cdffd7c
2023-03-25 03:37:10,False,0.4797,0.001477,10.0,0.0147,0xdd...93de,https://bscscan.com/tx/0x77aa6ca07df6512ba3f3befa295be9723a1e56b69a7d4120917d95fca22739ef
2023-03-25 03:35:11,False,0.4772,0.001477,30.0,0.0443,0xdd...93de,https://bscscan.com/tx/0xdbd296848c612fdc09850688afce0f45dcca9bab43870e9896dd7a8a5893e4ca
2023-03-25 03:32:21,False,0.4796,0.001477,39.0,0.0576,0xa8...6c48,https://bscscan.com/tx/0x4a131ffbb3f5b36f3b4964e9c4aa782e4577ff46f31cfddfa8f5c4a68a334487
2023-03-25 03:32:00,True,0.4821,0.001485,227.928,0.3385,0x33...c8f8,https://bscscan.com/tx/0xf55a1dd0efb6b0c0ffa8e170c938e511ff3ce702219e78ed095a94805ae6bea1
2023-03-25 03:31:52,False,0.4797,0.001477,1500.0,2.21679,0xed...41e8,https://bscscan.com/tx/0xeb2ec0e534dc05ad3ec82461bd2734c28127e2c86adf602001441d42c89f44aa
2023-03-25 03:29:17,False,0.4798,0.001478,2211.7,3.26906,0x00...78d2,https://bscscan.com/tx/0xb179814be6756d02f1aa08ec4ce74c515d0672ff9327a30ea4bd36230470df64
2023-03-25 03:29:11,True,0.4822,0.001485,621.509,0.9233,0x70...8487,https://bscscan.com/tx/0xc93298183214dd522659dec0b99c55ba8a61b55e6906168bae20e853815be4fd
2023-03-25 03:23:48,False,0.4767,0.001478,50.0,0.0739,0xa8...6c48,https://bscscan.com/tx/0x7c6ba596207706d44a14e18bc965fbdc5d6ff1791ab258cf0829c04f5d06ef13
2023-03-25 03:20:51,False,0.4786,0.001478,1334.5,1.97307,0x00...78d2,https://bscscan.com/tx/0xa9e26399e2be0a29ae61108e1bdc52d6c7a8e439ddc18df7ad4e9abcfebdfd16
2023-03-25 03:20:45,True,0.481,0.001486,0.6729,0.001,0x08...d9e9,https://bscscan.com/tx/0x6bbf7fe34bf651ab5ba09fe7581f2672159adfaadaae1a178f09ee63dc07d9c0
2023-03-25 03:20:42,True,0.481,0.001486,0.6594,9.8e-05,0x03...ebcc,https://bscscan.com/tx/0x849b0dcea89e6d3a0d85d4cd24f42184b1373839a1069258f05ec0bb1423143e
2023-03-25 03:15:18,True,0.4805,0.001486,31.1727,0.0463,0x8c...cf6c,https://bscscan.com/tx/0xdff677095d32c2f1cdca8ef9dcdfd73e3cb66f7cb542941e987bf46af5bd9af6
2023-03-25 03:13:12,True,0.4778,0.001486,622.294,0.9247,0x70...8487,https://bscscan.com/tx/0x0e71a33454075805c922b855a7e3b179045ff9ee74f49d4eaea326baa0436fc3
2023-03-25 03:11:08,False,0.4775,0.001478,19.0933,0.0282,0x85...7094,https://bscscan.com/tx/0x7a31b1234ce013669e27d01d6ddf6432ba6cac796398e7dd388540c3eb95a0e5
2023-03-25 03:07:13,False,0.4775,0.001478,2517.97,3.72323,0x00...78d2,https://bscscan.com/tx/0xe13d1d16b62b5050f74a2851f7f3ae96a569f3f0fdf19d25f24aa1c92e13f5d7
2023-03-25 03:06:20,False,0.4752,0.001478,20.0,0.0295,0x12...9d8c,https://bscscan.com/tx/0x8a666c0ad6961db1a9b35662d35cd6a9b10db30ef2cf6a7e832f48166f6bf4be
2023-03-25 03:05:40,False,0.4777,0.001478,1611.78,2.38367,0x00...78d2,https://bscscan.com/tx/0xa99829b49a9b03889f11f63dd128124fa2cf4e8f8df903f79994f51808cfb589
2023-03-25 03:05:34,False,0.4754,0.001479,2517.97,3.72445,0x00...78d2,https://bscscan.com/tx/0x7c4409eec4055b476abfe3cb2feee062e7b165e0ce9c7bd30bfc975460f4e32b
2023-03-25 02:57:11,True,0.4812,0.001486,622.285,0.9251,0x70...8487,https://bscscan.com/tx/0xef7105e698b062011061745f49c1866c723db620b66641ae5e78e1aa76d84604
2023-03-25 02:55:02,True,0.481,0.001486,300.0,0.4459,0xef...e9e7,https://bscscan.com/tx/0x124d05d328d44f93416944a3dc3d4cc493019dad63e056713247e7d25ea32331
2023-03-25 02:54:02,False,0.4785,0.001479,9.85675,0.0145,0xbc...b810,https://bscscan.com/tx/0x58045157366e1fca52613b87aed0ad7518b48dbf142973725986468142e64da4
2023-03-25 02:53:02,False,0.4762,0.001479,1137.9,1.68324,0x00...78d2,https://bscscan.com/tx/0x5ea063ace6df0b9818eb06f72cdfa96d2baeea862aa767da76eedbc6b5efff13
2023-03-25 02:52:05,False,0.4763,0.001479,1054.8,1.56045,0x00...78d2,https://bscscan.com/tx/0x0e48be4668fb754c72ea507fabeffa93b5ad41c1257fae25888dc3c8c9544768
2023-03-25 02:47:50,False,0.4767,0.001479,11.1416,0.0164,0x04...c7d0,https://bscscan.com/tx/0x4e1a00b5f40499d3a4689090e662f4f6c9a7dac9ff881222740c802776c45238
2023-03-25 02:47:17,False,0.4767,0.001479,15.7189,0.0232,0x04...c7d0,https://bscscan.com/tx/0x6404c8d7362ab01c34be40e3ae830577464a06c25b15faff9bb41fd48109fcc3
2023-03-25 02:44:50,False,0.4791,0.001479,2292.0,3.3912,0x00...78d2,https://bscscan.com/tx/0xf25a7140c4cefeae9cd7f47fdee6979df054345862140e7b7be6fee76ae9d182
2023-03-25 02:44:47,False,0.4792,0.001479,2517.97,3.72626,0x00...78d2,https://bscscan.com/tx/0xfd1d2a583d60a89177310caee00e93de2d75205e2d16bf2a30512e961a44e90d
2023-03-25 02:44:11,False,0.4794,0.00148,8798.49,13.0264,0xb0...a41e,https://bscscan.com/tx/0x4effe0000c5ccdf2bb68206de3cc7e761ed31520fce64e9876aa1585cab5148b
2023-03-25 02:44:08,True,0.482,0.001488,1000.0,1.48842,0x1d...7b45,https://bscscan.com/tx/0xe4d495e2772b67fe4bd2822b0a582f5ed21768dafb10a55830136df15b0ece9d
2023-03-25 02:43:41,False,0.4772,0.001481,2502.22,3.70597,0x00...78d2,https://bscscan.com/tx/0x1838559723051e589926a201afdfce9a063e342abd043379eb9beca49bb39663
2023-03-25 02:43:41,False,0.4774,0.001481,6089.6,9.02221,0xb0...ff7c,https://bscscan.com/tx/0x7b937cc4fc85b4d7b5d2b3d5b7ae50a65f77dc6a05f728fed4887063daa8bd8e
2023-03-25 02:43:35,False,0.4777,0.001482,9010.0,13.357,0x83...6678,https://bscscan.com/tx/0x574af06a48a49ca0fdbfcb77e01711fa691260c55a9152858f2f8bb73f0b8d03
2023-03-25 02:43:35,False,0.478,0.001483,8777.14,13.021,0xb0...a41e,https://bscscan.com/tx/0xfbd6144887eb2c40652fd12c7d084bfc3e9541c185f63b74a043bb851947ac4f
2023-03-25 02:43:32,False,0.4782,0.001484,2507.45,3.72148,0x00...78d2,https://bscscan.com/tx/0x8e88baed0dcdd68979ef65d66512715634aebc976ceb69c943f49c0055b39905
2023-03-25 02:41:11,True,0.4809,0.001491,620.612,0.9257,0x70...8487,https://bscscan.com/tx/0x116f377184c5e9e9be2b8f6740b88085e6dde448812bd95fc3453ac524b1a4e4
2023-03-25 02:35:59,False,0.4811,0.001484,137.914,0.2047,0xd2...d344,https://bscscan.com/tx/0x4627f1a9862c881b447626b19628abb05d264759efbe0c21132d58724cce0303
2023-03-25 02:34:29,False,0.4811,0.001484,2.31706,0.0034,0x3c...cfd2,https://bscscan.com/tx/0xf63d17661d1dc638b6ce0ad68ab8f782307f6f3cb7cbb40fe967f20f43ca7e4f
2023-03-25 02:33:47,False,0.4787,0.001484,1.266,0.0018,0x3c...cfd2,https://bscscan.com/tx/0x68cc1cbc36762da433edc9de1ff538e16930be456ebc99aa03b760e99d4e3579
2023-03-25 02:27:23,False,0.479,0.001484,11.2679,0.0167,0xf7...24a0,https://bscscan.com/tx/0x28e92506a44fb5e03e7e596d3c33429d4646b1e2dbc452c3f5b184dee7dd8083
2023-03-25 02:25:20,True,0.4813,0.001491,620.874,0.9261,0x70...8487,https://bscscan.com/tx/0xda05bda8b0ed34cdb2d40f1d929eeddb93a37bd4c96ce8471cc0461b443b1d2f
2023-03-25 02:24:44,True,0.4813,0.001491,6.70403,0.01,0xea...c5fc,https://bscscan.com/tx/0x44baeedf24e5c600dea5ad25d396a121b1ac707334e81ce886a89f94fb51df17
2023-03-25 02:16:23,False,0.4809,0.001484,16.8236,0.0249,0x38...9b59,https://bscscan.com/tx/0x37158b3de98bdabafef27246631aaaee5bce29056e1637e4c240d9ef272ae6f1
2023-03-25 02:13:02,False,0.4807,0.001484,1312.39,1.94794,0x00...78d2,https://bscscan.com/tx/0x6593ce7d9ba2c06ba1e4bae8794e219bccd590d5598f4dda5e5974b9d7d95c9f
2023-03-25 02:12:26,False,0.4807,0.001484,2502.22,3.71453,0x00...78d2,https://bscscan.com/tx/0xd78a8c8d850d4638ecf8f10489ad1c0daa8e0a139c1ccbb6e836aa25e4be894f
2023-03-25 02:09:11,True,0.4831,0.001492,620.932,0.9264,0x70...8487,https://bscscan.com/tx/0x7d1e960f30ad34dec93fe58bfa0cfb0ab03afa9085a68fa36438a937c77b7e7a
2023-03-25 02:01:11,True,0.4804,0.001492,271.297,0.4047,0xb3...68a0,https://bscscan.com/tx/0x46193b0801b83a6e6016272ca0751029b98d515979ceaca8c11a13e6c9d00214
2023-03-25 01:55:38,False,0.4797,0.001484,2508.22,3.72392,0x00...78d2,https://bscscan.com/tx/0x06eceb6a732ed3696d1c3463bcf8cbe906b372dc838b84cf3c0c9f488c1f3c00
2023-03-25 01:54:26,True,0.4798,0.001492,18.3817,0.0274,0xd9...1a23,https://bscscan.com/tx/0x2ea3d25706697114ac8dec972fcaa3a7ada7d8792f4601c00294eea8b0953f1c
2023-03-25 01:53:11,True,0.4822,0.001492,621.715,0.9277,0x70...8487,https://bscscan.com/tx/0x7f93c5b17b2ad28c132dd5190e8b1dfed2b01395e13b541ecf2d4258a27bc877
2023-03-25 01:47:26,False,0.4772,0.001484,1965.54,2.91858,0x00...78d2,https://bscscan.com/tx/0xb3c95aae190d93bfe6474765600bc816e034ad6a6f7fbfdd145f6448da50a5de
2023-03-25 01:47:23,False,0.4773,0.001485,2508.22,3.72506,0x00...78d2,https://bscscan.com/tx/0x039100cd26a5d33b6e3af1a9da8382524de5eaeb4f29186c7ee43f67ad2ee84f
2023-03-25 01:46:32,True,0.4821,0.001492,20.0973,0.03,0x56...4465,https://bscscan.com/tx/0xbd6a8e53219e72aec3b58553f5e34d29de6875847da261e8f8e8ce8727d0c764
2023-03-25 01:41:53,True,0.4796,0.001492,400.0,0.597,0x6f...2498,https://bscscan.com/tx/0xd7aa8c32c80bede8306c5a720241c2072735727f4781a6a53981e55d2f97fddb
2023-03-25 01:39:32,False,0.4795,0.001485,177.451,0.2635,0x01...2ae7,https://bscscan.com/tx/0xacb4fa0e5257d7705398245ebc89f5ca721fce94f57af159c12935cd259c104d
2023-03-25 01:38:50,False,0.4795,0.001485,48.0,0.0712,0x02...f2c0,https://bscscan.com/tx/0x972addd2b416433de13f73294cf9d31fae7cdc80fed823c9740b4cd36baf73e2
2023-03-25 01:37:56,False,0.4795,0.001485,27.2162,0.0404,0x02...f2c0,https://bscscan.com/tx/0x7f771bf895c0c87ae1b2f28afb9d381fd3dbc1fbc20e8116e21b6ef704e9b550
2023-03-25 01:37:11,True,0.4795,0.001492,621.816,0.9281,0x70...8487,https://bscscan.com/tx/0xcb1664289452ae43db2843a677e8fae144587742f843c15e48572dad38691b2c
2023-03-25 01:26:59,True,0.4812,0.001492,25.8755,0.0386,0x53...5a4d,https://bscscan.com/tx/0x010f811e263b86bab00a713261b3a466c28a6c84cc8fed2420a96d43410d2a25
2023-03-25 01:25:08,True,0.4813,0.001492,67.5885,0.1008,0x2c...c9c5,https://bscscan.com/tx/0x957b86d77e147ddc3e8df2f177447d736b323ad78df58bbebc5fa58c75cfddd3
2023-03-25 01:21:20,True,0.4787,0.001492,855.731,1.27725,0x7d...3b6b,https://bscscan.com/tx/0xaaa5dabc2967b5aad78b989707e55bb39803a1d8bd95e133001b39199e61c993
2023-03-25 01:21:11,True,0.4787,0.001492,622.235,0.9286,0x70...8487,https://bscscan.com/tx/0x4003cee61ffa030948b07688d349a3e1aacc88806cc17d9df357d88cfab93d7e
2023-03-25 01:16:05,True,0.481,0.001492,362.075,0.5403,0x7d...3b6b,https://bscscan.com/tx/0x92b6a95bc201b6509fd68ccf95470ab9c558e06b2c1c7a761ebee1589e2e868d
2023-03-25 01:12:28,True,0.481,0.001492,329.169,0.4912,0x7d...3b6b,https://bscscan.com/tx/0x8c2b9161b3b087265c9968adc9899374f4cabb1e81d90823561a31968ca05330
2023-03-25 01:07:26,False,0.4785,0.001484,54.4497,0.0808,0x29...a11a,https://bscscan.com/tx/0xac1870d3feb44ba6e2f008c4f204f88555cf84cf097907da808ae79ce0fe4ef3
2023-03-25 01:06:44,False,0.4785,0.001484,52.593,0.0781,0x55...db5b,https://bscscan.com/tx/0xe1e91241572be6af68811e629c8e66947f5da769d2c96ca25e098a6f1a281ea1
2023-03-25 01:06:11,True,0.4785,0.001492,622.088,0.9283,0x70...8487,https://bscscan.com/tx/0x426e3dbdba4bb51d258213e3619dcbdc7de08a8e74a690ce710802adf59e7228
2023-03-25 01:04:47,True,0.4808,0.001492,190.0,0.2835,0x6f...2498,https://bscscan.com/tx/0xe1e351f607ad75495c2a1d8451f6f2b029ffd6ec93ab77cc478efbef92145ec7
2023-03-25 01:04:11,True,0.4809,0.001492,65.8385,0.0982,0x7d...3b6b,https://bscscan.com/tx/0x9f3632cde573696c983bf37dfc7442afe42bb6c65324067ebcc670138add214c
2023-03-25 01:00:08,True,0.4807,0.001492,831.981,1.24151,0x0d...eb6e,https://bscscan.com/tx/0xd44b2277fa87e41ff766d390c7654605c878f102f35bc1dce3e74f94ed28c8f2
2023-03-25 00:51:17,True,0.4788,0.001492,44.8606,0.0669,0x97...a6a3,https://bscscan.com/tx/0x8cf0165a2fe1c0c6ff5eae6493343cbc43160bd26dae0333509680f105eaacda
2023-03-25 00:50:11,False,0.4788,0.001484,52.9071,0.0785,0x5c...be56,https://bscscan.com/tx/0xb8d14f6e0a73024eae1a87eae20dfba2e63bf9f05b896667a4dce01efb301548
2023-03-25 00:50:11,True,0.4812,0.001492,623.009,0.9296,0x70...8487,https://bscscan.com/tx/0xb9ae0ff7e8bfdba0a33e8a96b3d511ea59c746c13350b842b6c8a21bf7b5db72
2023-03-25 00:45:53,False,0.4764,0.001484,6.16758,0.0091,0x61...9a70,https://bscscan.com/tx/0x141c0c000a94dafa6f94cb2aa6b1789dc2052eec9ba91392ffff3d3efef89fca
2023-03-25 00:44:53,True,0.4812,0.001492,28.0195,0.0418,0x95...b5ae,https://bscscan.com/tx/0x76b1640f2b4048c7b459e34c5bde26a9acaef3c9c9907d594070853bafa416d5
2023-03-25 00:40:55,True,0.4816,0.001492,1.32799,0.0019,0x97...a6a3,https://bscscan.com/tx/0xfee26ba45069eb8aea0004e149f8c7ba50555809776ad0de990e664cb6d80899
2023-03-25 00:34:24,False,0.4762,0.001484,218.472,0.3243,0x53...5a4d,https://bscscan.com/tx/0x210cd15db9976f947131ddbbc924ffae9c759adcc5955b9be8290028a14964d3
2023-03-25 00:34:12,True,0.4786,0.001492,623.016,0.9296,0x70...8487,https://bscscan.com/tx/0x8fff285ceaa91c6d8458b01e54e985bf92197dcd50629521a5b5ed441bc7f91d
2023-03-25 00:30:44,False,0.4785,0.001484,30.8987,0.0458,0x3c...cfd2,https://bscscan.com/tx/0x75373b407deb868e5a7d6c36183c67077503d063806febd8de7a971b8c25ed48
2023-03-25 00:30:32,False,0.4785,0.001484,1849.2,2.74555,0x00...78d2,https://bscscan.com/tx/0xaefae6ba5176fcf377fc0b08b508ae007a7a90363ee55facf5a6c30c4212005b
2023-03-25 00:29:02,False,0.4762,0.001484,15.0,0.0222,0xda...7899,https://bscscan.com/tx/0xda2ccd747c0856e8a6b083b9aadec65a70b2405c9188e1e6d1a33f303afc2b8b
2023-03-25 00:24:20,False,0.4785,0.001485,2512.7,3.73131,0x00...78d2,https://bscscan.com/tx/0x44286fa594f39d20543676b08b422c5a6ffb98b89845ccae6ef712e07788ce69
2023-03-25 00:23:44,False,0.4786,0.001485,2512.7,3.73206,0x05...7eea,https://bscscan.com/tx/0x721d6d6cb7a262e8c8cd94325592da8f8e0ec3436112e94317b18429e3ef2083
2023-03-25 00:21:35,False,0.4762,0.001485,1518.4,2.25561,0x00...78d2,https://bscscan.com/tx/0x19b3afb93b9d6fc654bb470b82d64aae1d7e20fefd05c1fb2598d1a4e8e64feb
2023-03-25 00:21:29,False,0.4785,0.001485,2512.7,3.73325,0x00...78d2,https://bscscan.com/tx/0xf329d8324debb69d53a79f57acecdaa70c83a1079df9fa0991544b3f3cb5c4d7
2023-03-25 00:20:05,True,0.4786,0.001493,363.897,0.5434,0x8e...f7a5,https://bscscan.com/tx/0x54a61d8ae3c0ec4f30a39c943d9d152b158d46ff8a1fd602ea4b1c7fa3ac3b16
2023-03-25 00:18:26,False,0.4762,0.001485,1240.3,1.843,0x00...78d2,https://bscscan.com/tx/0xc06074a14f547d31824f54d1ff80918029dcf76779245de46523ce2161e7393d
2023-03-25 00:18:17,True,0.481,0.001493,623.122,0.9305,0x70...8487,https://bscscan.com/tx/0xfd70bc7ef9263a1bb301ec494a64e1ad9cbd1f275c6e4fb64f4b1c312882eba6
2023-03-25 00:16:44,False,0.4759,0.001485,340.994,0.5064,0xb9...a8f8,https://bscscan.com/tx/0xa834942514e02586dd6c286fdc524529ed74bba1ec3402d1004341064144fca9
2023-03-25 00:14:18,True,0.4785,0.001493,44.5073,0.0664,0xf6...694b,https://bscscan.com/tx/0xcbe08f2a4eed5441ac2de5be1daa300b3cd2f3cd9b48517f8656be429a095bd3
