datetime,buy_order,price_USD,price_native,amount_token,total_native,maker,etherscan_url
2023-03-23 08:52:51,False,0.4943,0.001525,33.6713,0.0513,0x46...4c4c,https://bscscan.com/tx/0x552fdd7cbc12af4cc66a4bcac650131c487ef600e7c1d02231bf402490d52e2e
2023-03-23 08:52:45,False,0.4941,0.001524,141.0,0.215,0x3e...bcd6,https://bscscan.com/tx/0xe471c5ed8c7190ab194fa8d0f1c2196637f085b21c34076a7b9e8b9183c45fab
2023-03-23 08:52:39,True,0.4967,0.001533,2412.43,3.69866,0x00...78d2,https://bscscan.com/tx/0xacfddca35d29b460a185eedf06480c2dd244d57666636a77f397829787e65adc
2023-03-23 08:52:06,True,0.4942,0.001532,2412.43,3.69794,0x00...78d2,https://bscscan.com/tx/0xcdb4c3e0b605d6f5c5b3b0e5e551bc50e6fc419ea32785198b7a7cd90af29892
2023-03-23 08:50:57,True,0.4966,0.001532,135.58,0.2078,0x62...1f10,https://bscscan.com/tx/0xfe13fa5e9a4853dd259d41f8f893a540cc82aa48892e36e75ceecff5b238c252
2023-03-23 08:49:51,True,0.4966,0.001532,730.043,1.11891,0xed...4f31,https://bscscan.com/tx/0x8ceb57bf04e861a70a7d45351f3ddc22014c74264a90a5c00b61e79e7d4c96c5
2023-03-23 08:49:21,False,0.494,0.001525,205.981,0.3141,0xba...960d,https://bscscan.com/tx/0x67e6b0a558be6a0d8c55f4b85bdc9bebba32018abf835d9279c5b026b7a500e6
2023-03-23 08:48:30,True,0.4939,0.001532,3262.77,5.0,0x2f...e155,https://bscscan.com/tx/0x97c8e50d87b0141b0eef07f99f25a01c8eaa43c838f148ab2563603bab88c4a8
2023-03-23 08:48:30,True,0.4938,0.001532,3263.63,5.0,0x91...79fe,https://bscscan.com/tx/0x879dcf938d3a51e3460fe1f181a5a7c9202bad60cf9c1f991e1f2e3b9f548955
2023-03-23 08:48:18,True,0.4962,0.001531,881.73,1.35062,0x62...1f10,https://bscscan.com/tx/0xede32cbf288f627751021d63c5eb0a62c2ba2ba29b1a8823e27a3e1a3820d139
2023-03-23 08:47:54,True,0.4937,0.001531,2412.43,3.69483,0x05...7eea,https://bscscan.com/tx/0x03dcbe343234989b6dab3340d6bec3de89a4a37d591c8c1aa867384438cef415
2023-03-23 08:47:48,True,0.4936,0.001531,2416.54,3.70042,0x00...78d2,https://bscscan.com/tx/0xfa72248422d73f572a855ddd9e2fb882de14a89af0501b89c51e81322b21df01
2023-03-23 08:47:00,True,0.496,0.001531,462.541,0.7082,0x62...1f10,https://bscscan.com/tx/0xb85f5ddbcfd21abc1fbe208f19a4c53872a30d5bb355d0adff5e44a5bad99f32
2023-03-23 08:45:42,False,0.4907,0.001523,33.748,0.0514,0xc2...7494,https://bscscan.com/tx/0x37ccaa30635d84a2c2bb838850277b50d416c06423624ff85941ab6416479bb1
2023-03-23 08:42:42,True,0.4953,0.00153,2286.17,3.5,0xda...6e1f,https://bscscan.com/tx/0x7f612aa627d2e6afb426312bc1ff1566d09e6c1e71877efcfe96eb537007a8b7
2023-03-23 08:42:42,True,0.4952,0.00153,3261.98,4.9928,0xed...4f31,https://bscscan.com/tx/0xc9862e57d7a97cb6910a4a4cf1d3b38bb5d0aa4f2c25d510459b1ae1d5ca68db
2023-03-23 08:42:42,True,0.495,0.00153,2287.19,3.5,0xda...c952,https://bscscan.com/tx/0x9e2e4214840059f8bee119939103e311df9a388146a59373159ecb6ac5b15187
2023-03-23 08:42:42,False,0.4925,0.001522,15.0,0.0228,0xd7...901e,https://bscscan.com/tx/0xc26fb069483e4f2446b8ab92cc203b94d38370dcdee98fc43a13afb944f32d57
2023-03-23 08:42:30,True,0.495,0.00153,2421.42,3.70471,0x00...78d2,https://bscscan.com/tx/0xf03b704af519f9d2b2ac41ca0e4d3c4e3c28dcf817eac4273892033ec6c7d5e0
2023-03-23 08:42:27,True,0.4924,0.001529,333.691,0.5104,0x88...c466,https://bscscan.com/tx/0x7186c5c90627f56f585e27bb1e5ad780c8b0f8ca94a3933e18bdde02315bea23
2023-03-23 08:41:43,False,0.4924,0.001522,90.806,0.1382,0xc0...7b58,https://bscscan.com/tx/0xd5b3ccd63bce2802d13602159550c33b31e4144ed47fe40d3e5dc0987c5063ed
2023-03-23 08:41:37,True,0.4949,0.001529,683.288,1.04526,0xd7...f5c0,https://bscscan.com/tx/0x79ead9203be19a6a02917e62b2c83b61cca77f1ce33a3ef2dc87d0e24c6457a6
2023-03-23 08:41:13,True,0.4923,0.001529,721.582,1.10378,0xd7...f5c0,https://bscscan.com/tx/0x84f7d664f4820bb0483139aa882bac89fa3514c05c0ffe727ba219f8587d047d
2023-03-23 08:40:58,True,0.4948,0.001529,5.0,0.0076,0x01...6d5e,https://bscscan.com/tx/0x69ff21b4835c4369a96ea99c9693c7902d4a0a9a6545237130500d7cdbd34428
2023-03-23 08:40:28,False,0.4926,0.001522,15.26,0.0232,0x45...7cdd,https://bscscan.com/tx/0xe735bdc4f084cf0069fdfaed34c951eb48ed37101886f796634d57fe950266e0
2023-03-23 08:40:16,False,0.4927,0.001522,32.856,0.05,0x4e...585e,https://bscscan.com/tx/0x0aedf260d7de25ecfb793f5e7ca1458555097320463445e9718c47508720fddf
2023-03-23 08:38:10,True,0.4952,0.001529,604.958,0.9253,0x70...8487,https://bscscan.com/tx/0x792141803747867f3c0a5df73fdfbd8f9b640ba10f62b4472da17157c9bcc4cf
2023-03-23 08:38:04,False,0.4927,0.001521,100.0,0.1521,0x56...4664,https://bscscan.com/tx/0xcf6af3d50e71786505fe6a7e7b2db837dd79fc5bbb9e6fd990b684856ec3e581
2023-03-23 08:37:10,True,0.4928,0.001529,52.3025,0.08,0x42...859c,https://bscscan.com/tx/0x6e8af3ed8a86dbe77ae3b80813849fc9e6ad77a76205bff49ea2d52eabeb48ab
2023-03-23 08:36:31,True,0.4952,0.001529,10.2479,0.0156,0x42...859c,https://bscscan.com/tx/0xe3a7a35fd0a089b878009a2cabc04acd921ace579f901dfc839eef44791b9d87
2023-03-23 08:34:46,True,0.4952,0.001529,8.0,0.0122,0xef...235c,https://bscscan.com/tx/0x88ade3697acc63f8d53f85cec4d2a4710215326667f9cf7b7dbe99896a29bceb
2023-03-23 08:34:10,False,0.4927,0.001521,12.5,0.019,0x33...c136,https://bscscan.com/tx/0xe904975c4dc8917be4d5f7e7643077186daf9cc7d8e2148f6bcd55e457972b72
2023-03-23 08:33:43,True,0.4951,0.001529,3.38729,0.0051,0x1b...38fe,https://bscscan.com/tx/0x87533294c1be23e838f6c7c066aa8acd1d5a5d30fe14d027ffbb3de4e2da9c02
2023-03-23 08:31:10,True,0.4935,0.001529,28.2258,0.0431,0x75...5a77,https://bscscan.com/tx/0xa34f52f1c91938c04912be5ab512cb6c3441cd8feceec01ed14005d148c55291
2023-03-23 08:26:22,False,0.4934,0.001521,20.0,0.0304,0x15...4279,https://bscscan.com/tx/0xb6579e67c6452759b32d503b9178126c268cc8bba54b42a19c3be6446e827587
2023-03-23 08:26:16,True,0.4958,0.001529,940.0,1.43773,0xbc...0860,https://bscscan.com/tx/0xb667e7212045378716db524ddb166c40d17d091b54b5c9d821ed6b98c98f304f
2023-03-23 08:22:13,True,0.4937,0.001529,604.041,0.9238,0x70...8487,https://bscscan.com/tx/0x7d5bcf07d4a6febb27e756f19ad5084242c066e4ec1ad7d0bc92dd09b74e50bc
2023-03-23 08:10:40,True,0.4935,0.001529,473.403,0.724,0x58...1584,https://bscscan.com/tx/0x09b594b85e8123a7842790d902b985c62ae64a26ca3e7926319aa60a06fe709b
2023-03-23 08:06:13,True,0.4937,0.001529,603.475,0.9228,0x70...8487,https://bscscan.com/tx/0xbc9fd371a1a5335799626b33cbda73fb517fadd0cacd56dde1beee08a891fbc5
2023-03-23 08:05:07,False,0.4913,0.001521,1203.74,1.8317,0x8f...ee38,https://bscscan.com/tx/0x60e6489fa75512e60fe65a87cf8e074b3218b0bd1f53c34ea652c6e3d4fa4f2a
2023-03-23 08:04:19,True,0.4963,0.001529,19.0,0.029,0x3a...d7f5,https://bscscan.com/tx/0xbdfcf8ad767690b060caaf80c8e11e7e930823a7bffb41638281cea473024ecc
2023-03-23 08:01:59,True,0.4937,0.001529,6.0,0.0091,0x59...8987,https://bscscan.com/tx/0xaa78d547ed54384c2c8f9691a13d10aec83bfb3fba3405f833887157305fc12e
2023-03-23 08:00:36,True,0.4962,0.001529,5.0,0.0076,0x16...1e13,https://bscscan.com/tx/0xb77e431074c5fb04c2bfee259caa841abbf82873c3b6b110d95bd0165a499742
2023-03-23 07:59:21,True,0.4962,0.001529,6.0,0.0091,0x76...7248,https://bscscan.com/tx/0x3b3fc6b36c6239ac55a682735392f5d6ad88904620001b3beae43648c81201e7
2023-03-23 07:57:27,True,0.4936,0.001529,20.1172,0.0307,0xb1...fd93,https://bscscan.com/tx/0x466c9424ce1c0575835d2d008751bc5f5ad2c355f8c5a65cfbd7adb19d2be8bc
2023-03-23 07:50:12,True,0.496,0.001529,603.381,0.9227,0x70...8487,https://bscscan.com/tx/0x8fa4ef50ae368762d8d6869988bd2a8f431f27e1c4785d2fba3e2b892a69ee15
2023-03-23 07:46:30,False,0.4932,0.00152,81.3167,0.1236,0x7d...221e,https://bscscan.com/tx/0xc046ff1308939a4f6f7db1fcfae6466d9a53d76d03a23b41e72cdd6957012060
2023-03-23 07:44:48,False,0.4934,0.001521,30.0,0.0456,0x3a...96f2,https://bscscan.com/tx/0x136eb38d1457f5d35407ea7109949cda65d69ea0829f576317b159e3b8e421d1
2023-03-23 07:43:42,False,0.4909,0.001521,30.0,0.0456,0x3a...d0bb,https://bscscan.com/tx/0x6da2bff26da9449aff53bf9ec5679e8560dcbf8eab149e8290be6d5aba77e004
2023-03-23 07:39:36,False,0.4933,0.001521,41.0,0.0623,0x37...1281,https://bscscan.com/tx/0x18434032d6e22a5612f9d71744cb3b181bcf71313c8b1308d57fa5657ef451e9
2023-03-23 07:38:48,False,0.4908,0.001521,6.0,0.0091,0x2d...ee09,https://bscscan.com/tx/0x151ecfa0b68c6f2ba6d511b65401ff9498ffe840df7cc2d90f13672955c7eacf
2023-03-23 07:38:33,False,0.4908,0.001521,1500.0,2.28267,0x77...b1a8,https://bscscan.com/tx/0x51b20b81c0b730ed62d91736143b05905ea9916a42a25e78ba7af7bd6cfd6a7f
2023-03-23 07:34:12,True,0.4958,0.001529,603.333,0.9227,0x70...8487,https://bscscan.com/tx/0x6e7eb7c9620d03b365dc1212100d36470468d7e915112522042666d822c6b720
2023-03-23 07:33:00,True,0.4958,0.001529,5.0,0.0076,0x16...e9cb,https://bscscan.com/tx/0xc780542914ae5ef9ab104e17d777f5de5517145c796088f69a0da70224b1543d
2023-03-23 07:31:42,False,0.4933,0.001521,25.0,0.038,0xb2...6c8d,https://bscscan.com/tx/0x82bbc044a80d892cf3d893d17774931bb8da217684d8af2022cc507494e2cfd9
2023-03-23 07:19:42,False,0.492,0.001521,12.37,0.0188,0xfd...81a4,https://bscscan.com/tx/0xa8debe0484a3080a58f13c66610aa9aaef4802005fc949f8b6c36d5b0e8f1541
2023-03-23 07:18:12,True,0.4945,0.001529,605.414,0.9259,0x70...8487,https://bscscan.com/tx/0xb1ad7356b6ecc9a6ac1c2fa00918b4a1597dde2ac1835013689e85daf93de9db
2023-03-23 07:17:30,False,0.4896,0.001521,29.6602,0.0451,0xd3...2e46,https://bscscan.com/tx/0x0da44a0622ff38ae72a3bea8722810dc66910eb51724e466b97b0d986b6968fa
2023-03-23 07:15:09,False,0.4919,0.001521,12.39,0.0188,0x09...2e5e,https://bscscan.com/tx/0xb4df2bc16864b05b771cfd649083104589f1134158a16d8480bf86074239394c
2023-03-23 07:13:12,False,0.4919,0.001521,15.15,0.023,0x83...8414,https://bscscan.com/tx/0xc3f17f4d1a228b347165c6c91e905045058a2d6c3b520a4b033e63cdbeadaad9
2023-03-23 07:12:51,False,0.4891,0.001521,34.184,0.0519,0x5b...7da2,https://bscscan.com/tx/0xe25f9aa4340cde071371fc7e259bb6234b987eb2dd2738993448e6dfd1445e77
2023-03-23 07:10:51,False,0.4919,0.001521,13.4473,0.0204,0x53...d1df,https://bscscan.com/tx/0xff8397f20f0999c487f91816b4a38a112984f1554b4329fd321e00bb229d9baf
2023-03-23 07:10:18,True,0.4944,0.001529,71.9248,0.11,0xe7...00c0,https://bscscan.com/tx/0xb1ee5cff4fee2b41841f5d0c726d40dc1501237d70e7be4d6f620ab54c90d9f2
2023-03-23 07:09:30,True,0.4919,0.001529,89.246,0.1364,0xd4...eb3f,https://bscscan.com/tx/0x6f25835752bc3ce8302f5023677480d59c7da11b79b30fc1cd55cc968d4433dd
2023-03-23 07:04:30,False,0.4887,0.001521,33.9813,0.0516,0x0b...8558,https://bscscan.com/tx/0x65d0a0c37759fdfa23174a6910183f8b197509579e3c120b42f0d7a1280df042
2023-03-23 07:03:12,True,0.4938,0.001529,606.168,0.927,0x70...8487,https://bscscan.com/tx/0x67dc5fcd274ddf4eb7a768cf1fd66c7ed646c15543cca97318f83e59eb8a2afe
2023-03-23 06:59:09,True,0.4913,0.001529,1100.0,1.68214,0x42...859c,https://bscscan.com/tx/0x17f0374c2523a8287cdfaf0c727650e0b61639f40de2ed1de38663fd3405ba0e
2023-03-23 06:55:41,False,0.4886,0.001521,16.6989,0.0254,0x20...b91a,https://bscscan.com/tx/0xbddfb95d54941913a96f46355731590b3850acd9756e31aa67175628aeb532c4
2023-03-23 06:55:14,False,0.491,0.001521,58.8307,0.0895,0x1a...33f0,https://bscscan.com/tx/0xc1d9765e5ce2a1fd89dab058a49cc7d9d980669b28de075116fdffd740252e9c
2023-03-23 06:50:59,True,0.4934,0.001529,100.0,0.1529,0x3f...71ea,https://bscscan.com/tx/0xab8d7e39c98d5697d74a0da9c3dcf37e09cff215e3d4ebb1dc268bb595a08f80
2023-03-23 06:48:47,True,0.4908,0.001529,628.362,0.9608,0x3f...c9bc,https://bscscan.com/tx/0x57f5b0e11c47cc0a4aa051580e9bbd045824f99b02a39e078b25a59cb52aa11b
2023-03-23 06:47:53,False,0.4908,0.001521,160.0,0.2434,0xec...def9,https://bscscan.com/tx/0x3b40a47de339e6b8492e5c9aeee446587bf8b5af91c3bfd1485dcc8ba690d72e
2023-03-23 06:47:17,True,0.4905,0.001529,607.275,0.9285,0x70...8487,https://bscscan.com/tx/0x37b6c5d6960e4bbea90c0ffd0bfd92e85b0c913f638cc8d074f8097b01cf42b5
2023-03-23 06:44:08,False,0.4905,0.001521,197.187,0.3,0x8a...046c,https://bscscan.com/tx/0x21471ea62d38824550076c396819a6b93454d3344001cca043404fbe0770f0f0
2023-03-23 06:43:53,True,0.4929,0.001529,247.533,0.3784,0x57...0de2,https://bscscan.com/tx/0xc7659dc873c7aede38038a04008efdc8d5fdf2d2cc5411fc36042fc63cb4ed96
2023-03-23 06:39:28,False,0.4879,0.001521,34.4218,0.0523,0x2a...dcea,https://bscscan.com/tx/0x577cb5a86f8913bbc9deefc7c02addb99d78c68dd2cd862d457ce3a0d8bfda56
2023-03-23 06:36:22,True,0.4903,0.001528,1135.34,1.73587,0xd3...ec6f,https://bscscan.com/tx/0x8cc654bbbaedf65a5c51462a827f86d061c72c140bb356dfdce9338b161646fd
2023-03-23 06:35:25,False,0.4903,0.001521,12.0,0.0182,0xc7...7748,https://bscscan.com/tx/0x9aac4e7b680c056053d8cddf7b6c4a1dcfcd3df9316429065dc31b00b3f48d43
2023-03-23 06:35:10,True,0.4928,0.001528,8.0,0.0122,0x15...a42e,https://bscscan.com/tx/0xc7b2673f9b53679611d55cfca9f3508e8a8f6dea278cf0f7df259a36eafc6012
2023-03-23 06:33:31,False,0.4902,0.001521,1305.21,1.98565,0xd3...ec6f,https://bscscan.com/tx/0xdbc46deb0b21bc4f1bfdf4a5592b729bb6b84efec509f1d11f18875d309128a6
2023-03-23 06:31:10,True,0.4927,0.001529,608.07,0.9297,0x70...8487,https://bscscan.com/tx/0x409d9616eb4babe33af546498c99e302509f2c9e757c37fabec73c47cc3b8a78
2023-03-23 06:30:16,False,0.4901,0.001521,74.6262,0.1135,0x65...86b9,https://bscscan.com/tx/0x0e909e901e37998558e7ddb1062af3c37d20f144aee39c5c288974408aed74a3
2023-03-23 06:30:07,False,0.4876,0.001521,12.4374,0.0189,0x49...b36f,https://bscscan.com/tx/0x61d0e5f72c442625e1bfc8377a94ab2e5e7cbbd2d6ec79c82e704c7752553c37
2023-03-23 06:28:58,False,0.4901,0.001521,12.5901,0.0191,0x52...a560,https://bscscan.com/tx/0x023d26addb36e9acd1c2b4929cd62bd84be85b546dda29a9d88ab5883a0ba6b5
2023-03-23 06:26:52,False,0.4877,0.001521,28.2563,0.0429,0x49...b36f,https://bscscan.com/tx/0x0a42e591c58b90c7a60e594de19a4e790b3d0f5200898801a21840773080258e
2023-03-23 06:21:27,False,0.49,0.001521,29.835,0.0453,0x51...29d3,https://bscscan.com/tx/0xf58b1e8dad2ea5bad38a98de0572ef2e6f7b2b3f44d03599ac3a430df75db371
2023-03-23 06:18:47,False,0.4876,0.001521,19.7193,0.03,0x49...b36f,https://bscscan.com/tx/0x200cd4af1096631715fe4531f8fca6419762dafb340cba25b99c74e62c0267af
2023-03-23 06:16:17,True,0.4925,0.001528,607.983,0.9295,0x70...8487,https://bscscan.com/tx/0x0c4ddfc02b16f33a0105f58f6a61becc4a82fe0b5b1e3f1a44c353f7b6c31562
2023-03-23 06:13:44,False,0.4874,0.001521,283.366,0.431,0x4e...585e,https://bscscan.com/tx/0xd1c365b96ebaa1fae9dcbb437e6237fc4d769f9a27b3c3cc1db9a758eb065ac1
2023-03-23 06:11:26,False,0.4898,0.001521,6.87265,0.0104,0x38...d3a1,https://bscscan.com/tx/0x343f8e3c5a7bdaae7fedfb0a028a51434ac5ec0529cbd58882336b3dea729139
2023-03-23 06:08:47,False,0.49,0.001521,49.0,0.0745,0x20...9830,https://bscscan.com/tx/0x45d7900f87d9240b34bc1ec89ee148a4ae9078b9620b1016861ddbb7ca2412d8
2023-03-23 06:06:32,True,0.4925,0.001529,26.5591,0.0406,0xee...5232,https://bscscan.com/tx/0x39601bc6f943905755e126b3ea3515a3f667bdf9a6606dd6c591c8a28b061d3d
2023-03-23 06:06:05,False,0.4876,0.001521,5.0,0.0076,0xee...5232,https://bscscan.com/tx/0xb12aa64788800c5f5b1c7f5da99b658f71751b0b6ed72d73de40d9ed798bd517
2023-03-23 06:04:23,True,0.4897,0.001528,20.4879,0.0313,0xec...def9,https://bscscan.com/tx/0x1519214a5f5e4b326b6c8d9ad266a15ca74b50d2d6767149eb258e40ac8b20e0
2023-03-23 06:03:59,False,0.4899,0.001521,9.71885,0.0147,0x4a...bc8c,https://bscscan.com/tx/0xe28df757f760637558ce445e84131081f020ea2bd0270088a5513876ef34e588
2023-03-23 06:03:14,False,0.4899,0.001521,7.8,0.0118,0x60...dafa,https://bscscan.com/tx/0x24906a5e404a5c7eaf062d2adaa9ec8ad652fb1a3c91dcf692861b0c4dc3a23f
2023-03-23 06:02:38,False,0.4898,0.001521,90.0,0.1369,0x78...fb53,https://bscscan.com/tx/0xf38ce2c4949fea33501e66f495f5353482789e29b112d650bfaf47c1cb2c6399
2023-03-23 06:00:11,True,0.4923,0.001528,607.554,0.9289,0x70...8487,https://bscscan.com/tx/0xbcf28171fcb56e3edaaf32e2a424a5f86085df964835c556cb14b931d2157ff9
2023-03-23 05:59:11,True,0.4924,0.001528,164.541,0.2515,0x8d...e1f5,https://bscscan.com/tx/0x593bcc44b24221f99e22bce68b33096ba66cd935ad93d23fb5506abb5af2dfbe
2023-03-23 05:53:08,False,0.4874,0.001521,373.463,0.5681,0xdd...e0c9,https://bscscan.com/tx/0xc8533f9f2e7e34662fd0e4f4205c72993354e8040ade121fa171057fe5e9b7e9
2023-03-23 05:51:38,False,0.49,0.001521,10.0,0.0152,0xc1...5687,https://bscscan.com/tx/0x644988f12978a2a40d7f7f025838d560e3b568ec0820b0cddd15e63a4e68cd94
2023-03-23 05:46:53,True,0.4922,0.001528,29.9057,0.0457,0xb9...12de,https://bscscan.com/tx/0x81d82b64041bc880dca2a8999476962fb3a6441c614089257c40bbdf0aa87405
2023-03-23 05:44:44,False,0.4896,0.001521,8.74351,0.0133,0xdc...a947,https://bscscan.com/tx/0xc1fdd697981be7059289041138b291f27710bba69acadc39375a9c6464b6c4cd
2023-03-23 05:44:11,True,0.4921,0.001528,608.41,0.9301,0x70...8487,https://bscscan.com/tx/0x13e215292e79e39739562ac53c6d0598a231cda96f80a1333cfa8d06bb84629f
2023-03-23 05:41:50,False,0.4897,0.001521,88.4,0.1344,0x4b...7bf0,https://bscscan.com/tx/0x330ec5b82f0c9c1e42757f730f9b5da41648329c99449a19d7fd7143bc087370
2023-03-23 05:39:26,False,0.4897,0.001521,40.5264,0.0616,0xc7...46b9,https://bscscan.com/tx/0xc6d33179371c3c6e8b533708be878f8e595c0568c876e336ffe22a03022a6974
2023-03-23 05:37:20,False,0.4897,0.001521,91.439,0.1391,0xc8...5889,https://bscscan.com/tx/0x511c5b3bdebeac484a3623815bfc6dccfa1e68a42c8901a9f77a5d08d6eb1303
2023-03-23 05:35:29,False,0.4874,0.001521,20.0,0.0304,0xc8...5889,https://bscscan.com/tx/0x092a6980a407a4c42db22f05cd43f70eb43ee4c687a0e56af0a3d7076ba731f2
2023-03-23 05:29:23,True,0.4918,0.001528,2.5,0.0038,0x6b...9fdb,https://bscscan.com/tx/0xb9fa5805c4305d5b80a48cdb4868ea80623298138254a6e2af338ccbdfe3cfbe
2023-03-23 05:29:14,False,0.4893,0.001521,166.015,0.2525,0x64...9ae8,https://bscscan.com/tx/0x4a30c68f68bd5dc3bae06d9fb70969cbce636e94dcaffe20d2805d3df91af676
2023-03-23 05:28:17,False,0.4893,0.001521,157.0,0.2388,0x9e...97fd,https://bscscan.com/tx/0xac1e95e0ae995eadda6d1fd46409d57e46291c33cc096ab02579b5b74fd611c5
2023-03-23 05:28:11,True,0.4918,0.001528,609.294,0.9315,0x70...8487,https://bscscan.com/tx/0xdc5e076d3fbefde831578c6f2242e91f22931756101515a87a89801437e2e2be
2023-03-23 05:22:45,False,0.4891,0.00152,37.6782,0.0572,0xd8...858c,https://bscscan.com/tx/0x914c5fab6e3a8ecbcb247146ecf4e431a26d079158d70bbf58de7ed0607645a1
2023-03-23 05:22:31,False,0.4868,0.001521,39.7,0.0603,0xa8...edad,https://bscscan.com/tx/0xfe95518c395734e46a858c96421e9eb6629392f3f52a770a526d3b7401322b8e
2023-03-23 05:22:28,False,0.4868,0.001521,27.315,0.0415,0xe1...37e9,https://bscscan.com/tx/0x1c44d29860d27343d5a6a2c50add3b7bef85d6bb1d8fa292360a2793f806c9da
2023-03-23 05:20:16,False,0.4892,0.001521,39.0,0.0593,0x74...ac15,https://bscscan.com/tx/0xb4b19d6d1c19ef8a5df03e5c061c0a5eb584fb786081d64f8d4d1e329c880d2a
2023-03-23 05:18:46,False,0.4894,0.001521,5803.51,8.83043,0xd6...e942,https://bscscan.com/tx/0xfd4817fdb7237c3c5187910e3e90e35b7c1afd82a32dfe586eaf54307bb7b4e7
2023-03-23 05:18:19,False,0.4896,0.001521,30.0,0.0456,0x38...30ba,https://bscscan.com/tx/0x141632b1565713a0b2847e24c4d7f5ee7be8d026e5ee85636b3a057954dc3583
2023-03-23 05:16:31,False,0.4864,0.001521,71.8947,0.1094,0x71...6ecd,https://bscscan.com/tx/0x1f5e082d95da0375d81d596a805c211209c15a9ffd85a60374cb1412456e1c55
2023-03-23 05:15:40,True,0.4889,0.001529,653.796,1.0,0x3a...af4b,https://bscscan.com/tx/0x8d2ea5efdcbeb270eaff86d7c2a706b151b8f5d787b38ceeea9b54ebba3fc2df
2023-03-23 05:15:31,False,0.4889,0.001521,1.79,0.0027,0x63...477a,https://bscscan.com/tx/0x370db7b71d4de026a9849ae3042a62111ec573eaa29ec94dd33a9f253f56e618
2023-03-23 05:15:16,False,0.4889,0.001521,177.613,0.2703,0x64...c781,https://bscscan.com/tx/0xbf6cd4f8908b69b03b7f1c7ccbf192947a6c02aa08605e1345813210acc25ff5
2023-03-23 05:14:40,False,0.4864,0.001521,98.6502,0.1501,0x01...2ae7,https://bscscan.com/tx/0x71bf780bdc0780703b4d320453c168f982adb91b17057da784b00588b5699bcf
2023-03-23 05:12:49,True,0.489,0.001529,319.318,0.4884,0x5f...970f,https://bscscan.com/tx/0x77e8dce593d0c970c051dbc3c6a548be9283724b9ca59a4f667705def2133dd7
2023-03-23 05:12:10,True,0.4914,0.001529,609.71,0.9325,0x70...8487,https://bscscan.com/tx/0xbb743120a752073eccb9e053a883e1e690219338ee4c9137b313b822012915cb
2023-03-23 05:11:55,False,0.489,0.001521,2141.74,3.25952,0x62...1f10,https://bscscan.com/tx/0xe6c093ea7bb25b70ddff63cba62f1c65577e5f2e8df90c55d4f85ae6f5dff311
2023-03-23 05:11:43,False,0.4866,0.001522,1289.65,1.96299,0x62...1f10,https://bscscan.com/tx/0x67de5b8223247c028ff097ee794b8da96b4d2e5fec3262c3e8512b5e09b13ec0
2023-03-23 05:08:07,False,0.4893,0.001522,283.0,0.4307,0x3a...af4b,https://bscscan.com/tx/0xb48e49a046bc168fdba6a1a434f9b5d5342a720920b8a3a529643f00f0c71414
2023-03-23 05:05:37,False,0.4868,0.001522,38.6588,0.0588,0xb5...7ebb,https://bscscan.com/tx/0x788abe21b5e2b5d64d66f06fdf129da591ae48298fc4f071565007057f9a806e
2023-03-23 04:56:13,True,0.4891,0.001529,608.896,0.9315,0x70...8487,https://bscscan.com/tx/0x12a0e55e477fa4e36a425f2a1d6f97803196a39d91e1624a47b98a47e18df908
2023-03-23 04:54:58,False,0.4891,0.001522,10.671,0.0162,0x5a...00a7,https://bscscan.com/tx/0x3c9d1ebb3f92987314ed6caa3c40fbcbf7d7cd358b5bb41c2ded445eeb142126
2023-03-23 04:40:10,True,0.4908,0.001529,608.366,0.9306,0x70...8487,https://bscscan.com/tx/0x2744ae270196a110928a8b971042d14eced172a825ba3894df0010ca87f71121
2023-03-23 04:36:52,False,0.488,0.001522,531.271,0.8086,0xe3...0f47,https://bscscan.com/tx/0x3f512053ddcaedd95b892a98be8f6864a5e0fcf0a0ae8487e95d3cd4588c638f
2023-03-23 04:35:10,True,0.4878,0.001529,42.0,0.0642,0x74...ac15,https://bscscan.com/tx/0xec64541b5217c065a9b0111f5db97b7ae19e15142c9c962c85941d802d83133b
2023-03-23 04:31:34,True,0.4877,0.001529,42.0,0.0642,0xea...0ffb,https://bscscan.com/tx/0xe777dfa3601d12afb9961adc8023db9c904146aaef93670e7f74cc023155cd1d
2023-03-23 04:28:43,False,0.4857,0.001521,23.0,0.0349,0xbc...3a2e,https://bscscan.com/tx/0xe351d8765eae62eaa0af0b96eb5776b0c6027e3449a43af7f2ecb03691640f4e
2023-03-23 04:26:01,False,0.4884,0.001522,130.0,0.1978,0x75...4fd2,https://bscscan.com/tx/0xd328fa50a344219f5eedc069f3f5826e5b811f416d9e764f249f944b080d5323
2023-03-23 04:25:19,True,0.4885,0.001529,609.818,0.9328,0x70...8487,https://bscscan.com/tx/0x29941b67c2d46989dd78a7012643987a9b9fab130056df1172b726dc0da9008f
2023-03-23 04:24:40,False,0.4885,0.001522,122.229,0.186,0x66...320b,https://bscscan.com/tx/0x3b1dfca95d340f5e03b018ad10a88e6914db3ab6dff2baf90f894d5f10fda07d
2023-03-23 04:23:55,True,0.4909,0.001529,42.0,0.0642,0xa8...edad,https://bscscan.com/tx/0xa8b47c2359e7dd9da014b1fe9658a4c8b888505c9d811d69cdcf32ddcf33296c
2023-03-23 04:15:07,False,0.4883,0.001521,4.54828,0.0069,0x9a...62c7,https://bscscan.com/tx/0x608808fa499dae10a4f5ea8194866ecae7d164c122c03ae3b629d10f332bd55f
2023-03-23 04:10:19,True,0.4908,0.001529,610.154,0.9333,0x70...8487,https://bscscan.com/tx/0xb22ce0250801fce0ef237d29ee6a31ac85205289c494d7f73a72b6d64fb509aa
2023-03-23 04:09:22,False,0.4884,0.001522,80.6142,0.1227,0xb6...f5ee,https://bscscan.com/tx/0xdc8ff6c4045248f3f2cb239c03b41f9b95ddd65f8cc2a76e5af56b60f0ae7753
2023-03-23 04:03:43,False,0.4858,0.001522,620.994,0.9451,0x0f...842d,https://bscscan.com/tx/0x75eb421f44ff14c6194e618e25335586f1279bf9e519a4d9a77c2ac76489b272
2023-03-23 03:59:34,False,0.4879,0.001522,20.0,0.0304,0x4f...7299,https://bscscan.com/tx/0xda688a07c1b3e4a3bb0254f4601024dd0d5475e8a02ecdb84bdb87aaf3bc2e05
2023-03-23 03:59:19,True,0.4903,0.001529,638.49,0.9767,0x0f...842d,https://bscscan.com/tx/0xa931af6fe9e5c8c79f8185d2c1aa4bbe51a7129121bba0d26d8ba1c5ba1fc764
2023-03-23 03:57:13,False,0.4852,0.001522,2.0,0.003,0x7c...8b80,https://bscscan.com/tx/0x6e1702afa849470d473c4bef4e93d2e53ff51672b8e4f40502795c60409b2362
2023-03-23 03:56:34,False,0.4876,0.001522,644.915,0.9816,0x0f...842d,https://bscscan.com/tx/0xce203a0ee284484929302e08ce5b454cbde8c76b598d0a91dc2a1c173ef916e1
2023-03-23 03:55:10,True,0.4877,0.001529,610.359,0.9336,0x70...8487,https://bscscan.com/tx/0x98ca6b2e520cb547798211e8ab6449c1dc525195f03d39111aff8b7561bb6368
2023-03-23 03:52:01,True,0.4878,0.001529,2433.88,3.72266,0xd3...ec6f,https://bscscan.com/tx/0x1905e924e58a3b390699c704e7bf3be4c5f6241204cbee069ce9ebf2c3f5984a
2023-03-23 03:51:55,True,0.4877,0.001529,2288.73,3.5,0xf2...bfcf,https://bscscan.com/tx/0xcedb448ff4c67ed0a7267c8c0d03ab75adcae7dbc9e3222846ba44f40232fc3e
2023-03-23 03:51:55,True,0.4876,0.001529,1138.66,1.74103,0x62...1f10,https://bscscan.com/tx/0xabde64df636a9584dbdba3d750317c0f0b2e320c04f791b82de71e7d2a8a64ec
2023-03-23 03:51:55,True,0.4875,0.001528,2289.36,3.5,0x52...1c7e,https://bscscan.com/tx/0x0c858045335be2841d9c125360901fe52b4a97f04fad786773cdeff134d67200
2023-03-23 03:51:55,True,0.4874,0.001528,2289.78,3.5,0x0c...8533,https://bscscan.com/tx/0x7294373b121a2fa4c0b601649c9133c203a75cb6c4b4d4a42513efa419976500
2023-03-23 03:51:55,True,0.4873,0.001528,2230.5,3.40877,0x00...78d2,https://bscscan.com/tx/0x7218c7420df65f4f3884fd1f96bcd009f4f89efd56128dca41d547e0a16d6291
2023-03-23 03:47:28,True,0.4899,0.001527,3829.8,5.85148,0xd3...ec6f,https://bscscan.com/tx/0xe135fad844f38c4c37a21341c7b126e1e7e6c3f687236172c1066572d0bfbe31
2023-03-23 03:47:25,True,0.4898,0.001527,1114.93,1.70315,0xd3...ec6f,https://bscscan.com/tx/0xc3009adae1180125b8d36d4d8749916e62f4dd7b394525508019e04ed24b4491
2023-03-23 03:47:22,True,0.4897,0.001527,2176.61,3.32451,0xd3...ec6f,https://bscscan.com/tx/0x60750359f1f8abb7be6d8787d4439ee51e1b293914b6c86be50217f452849e7c
2023-03-23 03:47:16,True,0.4872,0.001527,4437.23,6.77554,0xd3...ec6f,https://bscscan.com/tx/0x444eaf905ba4c113d369c3ac788239ff665663d527830080e1188c23ff9cd2dc
2023-03-23 03:47:13,True,0.487,0.001526,2292.73,3.5,0x62...1f10,https://bscscan.com/tx/0xed6f5a456977942cebd50f65df02a1e91f149398c7c8d8b51596bad23314e3d1
2023-03-23 03:43:49,True,0.4869,0.001526,31.6802,0.0483,0xec...9221,https://bscscan.com/tx/0x1f31c610a3cc8e279401cc7c0134a63e2d9b24f66bc237fc2f3a267eed1676bb
2023-03-23 03:43:19,False,0.4869,0.001518,100.132,0.152,0xa8...d9f6,https://bscscan.com/tx/0x8f40b216e08e6150b7166d6f0af67a8adb17f63376c41e0cbd7236a158481141
2023-03-23 03:42:37,True,0.4868,0.001526,3384.69,5.1658,0xd3...ec6f,https://bscscan.com/tx/0x7f519f751ed42d0a7cb7ace6183c1614e30761b7132a5d8bc56992eff5d06e0f
2023-03-23 03:39:13,True,0.4892,0.001526,611.521,0.9331,0x70...8487,https://bscscan.com/tx/0xbb67ec00d939fbcc0f726cb57edf66a8b4b93d4e14d4a08ab75d971387f8c1b3
2023-03-23 03:38:22,False,0.4867,0.001518,86.0,0.1305,0x80...d14e,https://bscscan.com/tx/0xeb4a7d7be43ff3d11bbb31bb3860838c495a30d929469e6a7dcf8a26302f65f8
2023-03-23 03:37:52,True,0.4867,0.001525,200.788,0.3063,0x82...9d96,https://bscscan.com/tx/0xbd6ff7c3de5bf23fee1b70d5193d9bafb1337f03159fb6c60620bd357b3dda43
2023-03-23 03:36:55,True,0.4867,0.001525,203.85,0.311,0x82...9d96,https://bscscan.com/tx/0xf42a86a87775a3da93f8a5aa7f3413a5f36a7d26fec74b8b0d09dd3782c2f616
2023-03-23 03:31:52,False,0.4865,0.001518,11.8311,0.0179,0x55...ad71,https://bscscan.com/tx/0xaa3da5244e381036c9626795fe89e0eab50801f59016bfeaf632bf6a7a37d07e
2023-03-23 03:25:40,False,0.4845,0.001518,850.806,1.29181,0xe0...9550,https://bscscan.com/tx/0x2d56a371d1301ffcdc1abb403093e283faf06c9754380ce07dfb9508f225b693
2023-03-23 03:23:13,True,0.4872,0.001526,611.335,0.9328,0x70...8487,https://bscscan.com/tx/0x8f32008cd6e2248d6d89e73795243bde3d695b3c894ccead172f3e4582875112
2023-03-23 03:13:37,False,0.4876,0.001518,5823.16,8.84345,0xee...46a9,https://bscscan.com/tx/0x5985fc04059505982296f8283c228bd94d6bbf0063912e7a63060cd15b3e3096
2023-03-23 03:08:12,True,0.4874,0.001526,611.159,0.933,0x70...8487,https://bscscan.com/tx/0x69e0eae791e7567b91b21b8fe1eb47f5b9d866676fdf7dadd19d4232755cd0c7
2023-03-23 03:02:42,False,0.4871,0.001518,4.90455,0.0074,0xd3...ec6f,https://bscscan.com/tx/0xbc83daa76c04e85ce2e01a1db6330450f61cbf13d79cad08f405461a64742afc
2023-03-23 03:02:39,False,0.4872,0.001519,3923.64,5.96074,0xd3...ec6f,https://bscscan.com/tx/0x428a21156ebd726de340baa27a6dfe46efd35f00b201aa7283972c403b6d1638
2023-03-23 03:01:27,False,0.4849,0.001519,2928.16,4.44963,0xd3...ec6f,https://bscscan.com/tx/0x2783108f99e9023bb8e90ebd3b786a491efce4312d4a12596dc26e7cee1ad62a
2023-03-23 03:00:39,False,0.485,0.001519,1499.53,2.27909,0xd3...ec6f,https://bscscan.com/tx/0xf3df8b9d48853308b39883ea88b9ec3a0b3dfcae5b1d8e99aea59d631a672790
2023-03-23 03:00:30,False,0.4851,0.00152,1828.35,2.77922,0xd3...ec6f,https://bscscan.com/tx/0x18e6a47404aad705f378a2cc416b21463a851172264c2741bdd09ce171685dba
2023-03-23 02:59:48,True,0.4901,0.001527,10.1708,0.0155,0xa0...0f54,https://bscscan.com/tx/0xfd61ab088dda7812c2761004c735a023657a2b4dbdcb789dcb23a7f0d785a5eb
2023-03-23 02:57:03,True,0.4902,0.001527,55.4016,0.0846,0xa8...1b2a,https://bscscan.com/tx/0x60569c4e1a3e2d426ff252b2836f36552c370816c466bb81268cdb65212867f7
2023-03-23 02:56:15,False,0.4853,0.00152,3912.39,5.94845,0xd3...ec6f,https://bscscan.com/tx/0x429f6b0c8d03100f76650d844ede276f62ede913df86831b1a723f02670b6d1a
2023-03-23 02:56:12,False,0.4854,0.00152,4.20173,0.0063,0xd3...ec6f,https://bscscan.com/tx/0x794ef88099d5e58bd1d73896441cae6c5f378536a83a567acd5c6fb121e41dae
2023-03-23 02:56:06,False,0.4855,0.00152,3361.38,5.11217,0xd3...ec6f,https://bscscan.com/tx/0x0d64efa6290cb64e3e9ef5781fd1a0e35c75df3d6566372287df93ba2dc80653
2023-03-23 02:55:12,False,0.488,0.001521,117.831,0.1792,0x81...da1f,https://bscscan.com/tx/0x2f19de655575fd3eccfbdd644170f0010e144ff07b9adf192a1348149b0e3442
2023-03-23 02:52:12,True,0.4905,0.001528,609.922,0.9323,0x70...8487,https://bscscan.com/tx/0x0d05b16245a39f1701040cd1cc9bc90dab9beb2dee1a0957f99875c81beb768a
2023-03-23 02:51:27,False,0.4885,0.001521,12456.3,18.9555,0x52...1c7e,https://bscscan.com/tx/0x51f4c8d3dbb7c05f99a9c9f58a1192932eebeb539e9dd752f0abfcd51b7d1de6
2023-03-23 02:49:18,False,0.4888,0.001522,10.0928,0.0153,0x1f...4e9e,https://bscscan.com/tx/0x0eac14ef3d8b742d53dd21bec06625588f100ee736178c1f82427be13c6c2ae7
2023-03-23 02:38:48,False,0.4896,0.001523,17606.4,26.825,0x2f...e155,https://bscscan.com/tx/0xd45d799241edb75fef9cf966cb9f620da40430732d82f1fc23071543b605023d
2023-03-23 02:37:12,True,0.4923,0.001532,607.823,0.9313,0x70...8487,https://bscscan.com/tx/0x39978dfb4e6873fdb2b778c46758b3b014d4d2b0354d045f3a763803e5978416
2023-03-23 02:34:21,False,0.4899,0.001524,40.0,0.0609,0xf7...8bed,https://bscscan.com/tx/0xb94fe061d0ece03a866521d541df33249b9a65cffba91305cbbcf6d0780ec4e1
2023-03-23 02:33:45,False,0.4901,0.001525,13554.5,20.6763,0xda...6e1f,https://bscscan.com/tx/0xb37d58e8cd9bbb3b5db9b9bbad3c6a97b0e36c5c62d46f0356feacca21188e61
2023-03-23 02:32:24,False,0.4902,0.001525,30.0,0.0457,0x3d...c76e,https://bscscan.com/tx/0x25cf6be35d49d1137861246de069f83804a2c8f67034fa3fbece236719269160
2023-03-23 02:31:18,False,0.4905,0.001526,672.339,1.02618,0xf2...bfcf,https://bscscan.com/tx/0x8fb81d773b7cb32daab58ba838fdd52c80fb3e34738718eea6b1d56315306851
2023-03-23 02:28:06,False,0.4905,0.001525,20.0,0.0305,0x64...cd21,https://bscscan.com/tx/0xe5e9d3e8076342625ab5c48ac172d52ccca4c5038e942854a76c65736d9507e8
2023-03-23 02:21:57,True,0.4908,0.001534,15.3341,0.0235,0xd4...d5df,https://bscscan.com/tx/0x10415fb24a862bb163102d849b9937df03cfa43417cfbf070ab2262d5943cf06
2023-03-23 02:21:18,True,0.4907,0.001534,606.735,0.9307,0x70...8487,https://bscscan.com/tx/0xed038796172a3398af2914233995df29481c9beee94cffe48c3a15d9fa280757
2023-03-23 02:21:15,False,0.4883,0.001526,4187.43,6.39217,0x62...1f10,https://bscscan.com/tx/0x9a5a7cf7c7157d07dc3eb586481bc424a8eb5ac7a7f75729a5038fd1ba0e6144
2023-03-23 02:16:39,False,0.4909,0.001526,18.9587,0.0289,0xbf...5a29,https://bscscan.com/tx/0xb89eab3e49e2b183a6fd57d75de6d00383aa9d9a62be35f0359cf18b8b8db13f
2023-03-23 02:16:09,False,0.4914,0.001527,10458.9,15.975,0x8d...1b76,https://bscscan.com/tx/0x1ab4b27e440b45e0331472cbcbef60955fd09ba9fcd660ae4abf02513571af46
2023-03-23 02:16:09,False,0.4916,0.001528,2310.8,3.53135,0x03...9fa1,https://bscscan.com/tx/0x3af0070a53f934bbe92315e2c30ced20958f86fe83bd730f5a2ffb0938c01730
2023-03-23 02:16:03,True,0.4942,0.001536,65.1042,0.1,0x5b...14e8,https://bscscan.com/tx/0xbf7b72b2b695548c68d68d756524506d0ed3a4880d1133aa972ac8d6ec10c9f7
2023-03-23 02:07:18,True,0.4949,0.001536,13.1028,0.0201,0x07...e918,https://bscscan.com/tx/0x481191066c533b422afb0ad7a8a8524497db871b6dc998ed512a12bb8e65a689
2023-03-23 02:06:12,True,0.495,0.001536,604.807,0.9289,0x70...8487,https://bscscan.com/tx/0xc2319f376aebae9ff427cc6dae791e2cca612eef27bfd5fb3119a6c4670b601a
2023-03-23 01:51:11,True,0.4925,0.001535,604.704,0.9287,0x70...8487,https://bscscan.com/tx/0x5838206dd86e86aadd8f433053fe45ddeed849fef6a7a0af26e9c9a139115c34
2023-03-23 01:49:32,False,0.4925,0.001528,251.144,0.3838,0xf2...e606,https://bscscan.com/tx/0x9f6766673d090a32982ca5e59c0c0f23caa653c3f3e1fc30460bf735396efee0
2023-03-23 01:46:59,True,0.4924,0.001535,64.0,0.0983,0x17...7037,https://bscscan.com/tx/0xb6d27afc53373248019918e4fa29649a7a896bf7e5c95d3dbac881ea02b00573
2023-03-23 01:46:20,False,0.49,0.001528,20.0,0.0305,0x9c...aea8,https://bscscan.com/tx/0x8f94d18028632ff4e18ab101c40c4a87e74b14afced42ca5762d6745ed707040
2023-03-23 01:36:12,True,0.4922,0.001535,604.611,0.9285,0x70...8487,https://bscscan.com/tx/0xbfe613ebf2d7cff05cafc9c00026a3d8edb4eb7a9afcd781685524aec80beb18
2023-03-23 01:35:42,True,0.4922,0.001535,41.42,0.0636,0xb5...7ebb,https://bscscan.com/tx/0x7141b6b16a6d58e9e79dc5955687312b99c0b291ebd4d8a8b5a9450b44a843da
2023-03-23 01:31:06,False,0.4921,0.001528,209.632,0.3203,0x0b...56ac,https://bscscan.com/tx/0x61a43610c622857baffc85a7e4c6c6de8084fc4332a8b85bfea8834e15525cf9
2023-03-23 01:20:12,True,0.4938,0.001535,605.915,0.9305,0x70...8487,https://bscscan.com/tx/0x1bcc8500a2a1490d05406b9a4ae626ebe5d03e517e656f00de3fef49fda9c1e9
2023-03-23 01:14:26,False,0.4909,0.001527,29.98,0.0457,0x32...57ef,https://bscscan.com/tx/0xa345e1bbfbf76fb684fc248d0cc2feb68065fce4559e44b16656edcc098d294d
2023-03-23 01:11:53,True,0.4938,0.001535,60.1256,0.0923,0xf3...969f,https://bscscan.com/tx/0x3ac68ba4e348404baa7aa0bcaec3ab06a319962184a06cf87806b3fc482a4893
2023-03-23 01:11:47,True,0.4914,0.001535,809.1,1.24253,0xf9...5ebf,https://bscscan.com/tx/0xc789a24f9bccbde8eb0eaa2125246ad1122576ba2977e4c800c8a6717d2f2a0f
2023-03-23 01:11:44,True,0.4913,0.001535,1765.9,2.71159,0x00...78d2,https://bscscan.com/tx/0x1c3e2f36e1d644f6cb4dd866ef4d410adc02c7239358f81908210e5642a330cd
2023-03-23 01:04:11,True,0.492,0.001535,605.344,0.9294,0x70...8487,https://bscscan.com/tx/0xeebc4cf7ad60ca1477880a7816baad173dbfaeed544706663b9819a93ac58293
2023-03-23 01:03:26,True,0.4946,0.001535,471.6,0.724,0x71...69e3,https://bscscan.com/tx/0x73fc06d38650569b561b14f77b01e5ec09dcbe39ce05164df0a8ad0881307b1e
2023-03-23 01:02:05,True,0.4921,0.001535,297.959,0.4574,0x62...1f10,https://bscscan.com/tx/0x2a55b2aeae8553502d0bcb21c0a18598a2a76a5727ec66027eab22d1c4155ea9
2023-03-23 01:01:47,True,0.4921,0.001535,1945.7,2.9869,0xf9...5ebf,https://bscscan.com/tx/0x179562aaa41393c537e4489f21aa39f34e4431c5047cc9caabbc92e8225badd0
2023-03-23 00:57:56,False,0.4921,0.001527,14.4838,0.0221,0xa7...0fbb,https://bscscan.com/tx/0xcbee7c4b976bed045afe66a4711e113628447c4966d74216aca82bd979af8eae
2023-03-23 00:56:05,False,0.492,0.001527,5.70577,0.0087,0xfa...537b,https://bscscan.com/tx/0x55c81189326192e3d3e47b8ef2eaf601154e31d2ea4b09933cc2a20e3f8a014f
2023-03-23 00:49:47,False,0.4892,0.001526,5.0,0.0076,0xc9...47a1,https://bscscan.com/tx/0x7f363f7f7cbcc8dddfa210e9dbf642b520115ffb3de623cf474004191efa1543
2023-03-23 00:49:11,True,0.4946,0.001535,605.0,0.9286,0x70...8487,https://bscscan.com/tx/0xd1116078bb6dcf690f748e6ece53300a210c1bd047443cfcb66d9e2319ecbde8
2023-03-23 00:45:02,False,0.4896,0.001527,10.0,0.0152,0x6d...631b,https://bscscan.com/tx/0x5a2db8b51b712a6cb1e0cd01397831d9308c78d4aeb97f27007cd16b3c0475b5
2023-03-23 00:39:31,True,0.4949,0.001534,532.0,0.8165,0x0e...7558,https://bscscan.com/tx/0x67309f6862b098b8f5000ac5792a4097620eb21e125cc93b2ed82eb304b70664
2023-03-23 00:39:28,True,0.4924,0.001534,2427.07,3.72489,0x00...78d2,https://bscscan.com/tx/0x28966448a7918f64ae133137e36c6539520e41dbd273d2959de4de9f49170652
2023-03-23 00:39:10,True,0.4948,0.001534,2426.31,3.723,0x05...7eea,https://bscscan.com/tx/0x7a3fb14555248af3b4ff0c6894468f5f18c0e4236aa51a010028b03692fe28a1
2023-03-23 00:39:04,True,0.4947,0.001534,151.441,0.2323,0xed...4f31,https://bscscan.com/tx/0x4613fa74f2f872b72f5c932898cecf279298152a6ef1d01e0676deee10f9f120
2023-03-23 00:34:30,True,0.4923,0.001534,757.5,1.16217,0x71...69e3,https://bscscan.com/tx/0xeee19b7a21a5a5854537a08f477047dbeecbfa94740119c55c43a1ff9c828e5f
2023-03-23 00:34:27,True,0.4944,0.001534,2426.31,3.72201,0x00...78d2,https://bscscan.com/tx/0xe2c9dd59406955ed317c6fd2a9b08005fa7b492d06e8788ce026cf63318b4609
2023-03-23 00:33:18,True,0.4943,0.001533,605.753,0.9291,0x70...8487,https://bscscan.com/tx/0x9c3e6cc0894877ce456f964af3b86d03c1f66e7a9a25fdff83a7cb27229375a0
2023-03-23 00:32:18,True,0.4943,0.001533,977.8,1.49968,0x00...78d2,https://bscscan.com/tx/0xb49faed51c3e78dbfe4afec2729ca36698d7d76e8338d485949a3358cf9ee9f5
2023-03-23 00:31:36,True,0.4914,0.001533,2421.42,3.7133,0x05...7eea,https://bscscan.com/tx/0xe9923d1eda073fc51038697aeab1dd867fdde06acab768cc90dc3a40fa1426d2
2023-03-23 00:30:43,True,0.494,0.001533,2273.83,3.48631,0x0c...8533,https://bscscan.com/tx/0xa64ba15ba42439799c7ef6cf2040be2cfb9945734f607ff121816e3d229b3d44
2023-03-23 00:30:22,True,0.4939,0.001533,1439.79,2.2072,0x52...1c7e,https://bscscan.com/tx/0x397ab577566d6fa8d838496aa2316872964fe06fec146e979d183309677db1ef
2023-03-23 00:30:13,True,0.4938,0.001532,2283.44,3.5,0xda...6e1f,https://bscscan.com/tx/0x5559649b810557affa4a46b32e23e4cac1420c2c560e0a9e05b82ab84ba543ed
2023-03-23 00:30:07,True,0.4913,0.001532,2283.86,3.5,0x91...79fe,https://bscscan.com/tx/0xdc83cae0d97b6dd9f92c3d63915a574d5c14e25810728200c423a9468e448bc5
2023-03-23 00:30:07,True,0.4911,0.001532,6527.61,10.0,0x3f...573a,https://bscscan.com/tx/0xd04d4471b16fa50a3accd7acab169f3c03ad1e225917551dd29bf111c869a97b
2023-03-23 00:29:46,True,0.4934,0.001531,1686.0,2.58203,0x00...78d2,https://bscscan.com/tx/0x7e8d3a662ea781c2c8ba1261c22c6424555cd8238b60f8edc3be129e401a1038
2023-03-23 00:29:40,True,0.4908,0.001531,2426.32,3.71517,0x00...78d2,https://bscscan.com/tx/0xf88db72068e5a470fae1b64d24812ff0104cf5940f1b1fb16b0f5dbaa0dedae1
2023-03-23 00:29:37,True,0.4907,0.00153,2426.32,3.71445,0x00...78d2,https://bscscan.com/tx/0x098e9aa86908089add2ce6c2df6874ba2c63465bbe8f31149c5766e8a5b02206
2023-03-23 00:29:34,True,0.4907,0.00153,2286.67,3.5,0xda...6e1f,https://bscscan.com/tx/0x44ca730757228aecc6730ea25a577af9d6fa4e825695d9bd9652c7892666b0d8
2023-03-23 00:29:22,True,0.4931,0.00153,2287.09,3.5,0x91...79fe,https://bscscan.com/tx/0x92015efa3e9919d22e50c6b0f8ac0227ee61d036bec093e55251835cdeb038d5
2023-03-23 00:27:46,True,0.4903,0.00153,878.056,1.34355,0xd3...ec6f,https://bscscan.com/tx/0xab0462b2603bc32d5e17683fffa5c8afdb76e2ff968a6be1f0d2fd46fb6a450a
2023-03-23 00:27:43,True,0.4901,0.001529,6729.4,10.2938,0xd3...ec6f,https://bscscan.com/tx/0x4de232c78babac891502cb11588fcc913f86f74ab1c6fa9785adf6b09fc66dd8
2023-03-23 00:27:25,True,0.4899,0.001528,6163.5,9.42325,0xd3...ec6f,https://bscscan.com/tx/0x367bf1ba7f7bc9c0a00112700ef8dba911eb4552c08c405dbdcd296c1c4d9c02
2023-03-23 00:27:22,True,0.4896,0.001528,6544.07,10.0,0x52...1c7e,https://bscscan.com/tx/0xe9e74ed6013e0a23f67a713eca3bf6f73197465afc75c70aec89062fdc2b1214
2023-03-23 00:27:22,True,0.4895,0.001527,1709.75,2.61181,0xd3...ec6f,https://bscscan.com/tx/0x9787b5d3bace42561773597a32699c6cc19fe3b95004a1bb81ccfc25e29732e3
2023-03-23 00:27:22,True,0.4894,0.001527,2441.12,3.72844,0x00...78d2,https://bscscan.com/tx/0x46b920d9d8217edc1ec837218c72b3563a3d5a949d8203154aaea14958196be9
2023-03-23 00:27:04,True,0.4891,0.001527,1855.88,2.83409,0x0c...8533,https://bscscan.com/tx/0x9793b6e08d5d0df977ecc448f8d708eb96fa7146dfde60d6ec475d368bed37cd
2023-03-23 00:27:04,True,0.489,0.001526,5414.6,8.26613,0xef...cab1,https://bscscan.com/tx/0xa4e96fe21a7fd9dbeaa91c8234b1757e0cb378f9e621a9929bbee646ee9aa58b
2023-03-23 00:26:52,True,0.4889,0.001526,1671.4,2.5509,0xca...34d7,https://bscscan.com/tx/0xd82e032a73b2b68d1f9dedc69ef918a7b2aefd5e0f46a3ee87ead77914ea639e
2023-03-23 00:26:49,True,0.4888,0.001526,1321.66,2.01688,0x00...78d2,https://bscscan.com/tx/0xbfccc4b3d3bc32398e1924540372a2537d16b1c36776414b7b6c08b8fa617f55
2023-03-23 00:26:49,True,0.4888,0.001525,1321.8,2.01688,0xd3...ec6f,https://bscscan.com/tx/0x8e80e147f811f6bdf827e64412feec02cd783b88c7c880e7500a17e5c48113cf
2023-03-23 00:26:46,True,0.4887,0.001525,1.2437,0.0019,0xd3...ec6f,https://bscscan.com/tx/0xd2aa3b27dcdad4a3c7bbb73755bac0d8c0d5791187cebad55c913348e6f0bbdd
2023-03-23 00:26:46,True,0.4887,0.001525,995.0,1.51809,0x00...78d2,https://bscscan.com/tx/0xd8588d5cffcdd18e915da460dc7b400685ab1df40d38d89e416e980a23e67c66
2023-03-23 00:20:25,False,0.4888,0.001518,50.6666,0.0769,0xb2...4407,https://bscscan.com/tx/0x3601cef594a638e27aa91c1a7ec0a4de21fe739e7739848931d7c149a8fad7b5
2023-03-23 00:18:11,True,0.4912,0.001525,609.732,0.9302,0x70...8487,https://bscscan.com/tx/0x3a7007d290eb662237986f426f21269e2e0a44dc186fd3f0c7f6b5a14945f289
2023-03-23 00:17:31,False,0.4863,0.001518,46.0191,0.0698,0x34...ff77,https://bscscan.com/tx/0xe15a45e3b57c089fe5e271cf526de23ded4b75b12506b25ce471163af31f333c
2023-03-23 00:13:58,True,0.4886,0.001525,3368.9,5.13888,0xd3...ec6f,https://bscscan.com/tx/0xfd177a442f267afdaaf94f121065d8bb6f2d7bb5bb4cea5c6c3dd2ab690b87b5
2023-03-23 00:13:49,True,0.4909,0.001525,3368.9,5.1375,0xd3...ec6f,https://bscscan.com/tx/0x69e50bde636af156db319a7c6c672e33bdcc379804cb67c4b3988245cf03d7b2
2023-03-23 00:11:22,False,0.4858,0.001517,10.0,0.0151,0xbf...5a29,https://bscscan.com/tx/0x26d17b940eafd1d11bd1328257ff1124b4d6151a5fbfccc3ea8c94e54cd9c355
2023-03-23 00:08:40,True,0.4883,0.001524,50.0,0.0762,0xf0...383d,https://bscscan.com/tx/0x51c845c2611c16216998884d10ba76a7a16495b1b7f38090f23025cb698a263b
2023-03-23 00:03:31,True,0.488,0.001524,4751.37,7.24336,0x67...b7c1,https://bscscan.com/tx/0x156d4b84c74979b5dbf1a315d79a340ea68c56d771513d38195818f6f8d0f91e
2023-03-23 00:03:28,True,0.4879,0.001524,898.856,1.36998,0xed...4f31,https://bscscan.com/tx/0x781adde7c06f8273e0ebd889265772c84002d623fad1532db3c4258a1920a639
2023-03-23 00:03:28,True,0.4878,0.001523,2296.68,3.5,0x8d...1b76,https://bscscan.com/tx/0x3f4562a6a47fd5b247b48b74522d9e07f48eccc116ba8d8e1f3393f25dde363f
2023-03-23 00:03:28,True,0.4877,0.001523,2297.1,3.5,0x52...1c7e,https://bscscan.com/tx/0x0f2c26e3551b1bd5c385c4bb0269f5e3b8bda04e954b138319e501c53ceb51a5
2023-03-23 00:03:28,True,0.4872,0.001522,25586.5,38.9416,0xd3...ec6f,https://bscscan.com/tx/0x252640eb65167bd7abb0b1a61b4c7a29560b148d283a545f4438ceef56d40488
2023-03-23 00:02:10,True,0.4865,0.00152,611.818,0.9301,0x70...8487,https://bscscan.com/tx/0xf1d2f869cecec6f0aa704c32160054bd0ecf21d75149da424bbf6176e385342f
2023-03-23 00:01:13,True,0.4862,0.00152,4903.46,7.45342,0x0c...8533,https://bscscan.com/tx/0x52e84a118ccde9c7ad9cde7c841dd25b2bd0e891159c2fba4a6edb1401e51542
2023-03-23 00:01:10,True,0.4888,0.001519,628.3,0.9548,0xd3...ec6f,https://bscscan.com/tx/0x0e84ad0aaf3227848fa28a89446eaddc491bfa0da55218132a728a9dfb9d80c9
2023-03-23 00:01:07,True,0.4888,0.001519,628.3,0.9547,0xd3...ec6f,https://bscscan.com/tx/0xa443d7e3c6220d63f2f806a44c1f1fd4d60a36813dead0a1e9f5d333816ff292
2023-03-23 00:00:58,True,0.4886,0.001519,6582.48,10.0,0x0c...8533,https://bscscan.com/tx/0x9cbb8349d9912a0c0836d4d5575fffe0832044cbed0bdb75ff28278f121700e6
2023-03-23 00:00:52,True,0.4885,0.001518,1109.6,1.68517,0xb3...55e7,https://bscscan.com/tx/0xd673c2544fa5d06185a1792ff4d7afea8c1297aa4a3ef6e3ea05a02fd577881f
2023-03-23 00:00:46,True,0.4885,0.001518,708.155,1.07541,0xed...4f31,https://bscscan.com/tx/0xc6e371dac37eeefafa781396cc1ae5be979cfdb219737f8d1ebad3cbf8cb0eb0
2023-03-23 00:00:43,True,0.4884,0.001518,3655.1,5.54969,0x67...b7c1,https://bscscan.com/tx/0x385762d370da84eec12d65c30f3993092f2de8a0468d42a5f71a200426ed659c
2023-03-23 00:00:40,True,0.4882,0.001517,6588.82,10.0,0x91...79fe,https://bscscan.com/tx/0x0b84692a87b9ff05b2d12141ae69450e4f60c954afbad38cca01aac22331b9be
2023-03-23 00:00:40,True,0.488,0.001517,2306.91,3.5,0x3f...573a,https://bscscan.com/tx/0x631314702486386818fa132aa4e2933e229b6203a3541ef3f39a52c3829d2170
2023-03-23 00:00:40,True,0.4879,0.001516,2131.02,3.23257,0x8b...88f6,https://bscscan.com/tx/0xf245f6bab9b83ca3991441e1b8dd73f2932cd796d0567b779102b387562bf38e
2023-03-23 00:00:40,True,0.4878,0.001516,2307.72,3.5,0x2f...e155,https://bscscan.com/tx/0x0991d4d91ce2be48579be45b72a89ee76aaef6e632e9dae2eb5febaf1086a3b5
2023-03-23 00:00:40,True,0.4878,0.001516,2461.39,3.73234,0x00...78d2,https://bscscan.com/tx/0xc805d9881344a336119989b55aa4b0f582d4a88dede2d05a74e168ee957ca08f
2023-03-23 00:00:40,True,0.4875,0.001515,11672.1,17.6891,0xd3...ec6f,https://bscscan.com/tx/0xb9a48e2ebffe788267264764a8bc58dcb3bd971546027455319dcaea4a57b3a5
2023-03-23 00:00:10,True,0.4848,0.001514,283.4,0.4292,0xf5...4b5a,https://bscscan.com/tx/0x615ab747b5a1b337ef54ed0bb70c4f97672dd636cb9561ed8ad3e69a122654fd
2023-03-23 00:00:10,True,0.4847,0.001514,2310.8,3.5,0x5a...6651,https://bscscan.com/tx/0x3b09e00665c8dfd67cf5cd61521b8cd09fcb9b7164f0f97042ee0cee0b3aaf48
2023-03-23 00:00:10,True,0.4846,0.001514,6211.19,9.40442,0xd8...bcda,https://bscscan.com/tx/0xe5e52107424acda0197839bcc137732a5d6d277e8c1f49da3c1bb6af54084488
2023-03-23 00:00:10,True,0.4843,0.001513,5648.14,8.54786,0xa0...cc8d,https://bscscan.com/tx/0x0daaf8c322080a1a493ddae6b95388947cf3c44ae09ff40c062a6fa1f2d690e6
2023-03-22 23:59:28,False,0.4842,0.001505,57.1213,0.086,0x42...859c,https://bscscan.com/tx/0x435dd8317907254a634da2b5a6dbafd5c572bca4ded5821c90538978168d83a9
2023-03-22 23:52:32,True,0.486,0.001513,157.153,0.2379,0x6c...e0e6,https://bscscan.com/tx/0x2c63994e5213145cc5067c62cde81991db4d20bae5ce2d63f5c6b6dac133cbda
2023-03-22 23:46:11,True,0.4829,0.001513,616.08,0.9321,0x70...8487,https://bscscan.com/tx/0x633a7bdb26b939c435fa01fa0aa558197de3131db63f2b26681549e37f9467d1
2023-03-22 23:44:11,False,0.483,0.001505,2105.38,3.16973,0xd3...ec6f,https://bscscan.com/tx/0x9f10ec1060a1341665ed3bb47efabf1ddfb36f4462d6ab12c7c2c63985972ac6
2023-03-22 23:44:08,False,0.4831,0.001505,2105.03,3.16973,0xd3...ec6f,https://bscscan.com/tx/0xaec55692f00bedb409b7b5cf90e46b11b088a9961ca6a7d80d83956ecf08a6d4
2023-03-22 23:44:02,False,0.4832,0.001506,2161.42,3.25519,0xd3...ec6f,https://bscscan.com/tx/0x1cb3a0f4f36977119ddbc7ec8e38b1a55e9fa91b4279dd5b9a94a2f5e5419a41
2023-03-22 23:43:44,False,0.4808,0.001506,2161.05,3.25519,0xd3...ec6f,https://bscscan.com/tx/0x7da5617bf274af809f323c4084658b333d06561b44a23a4ebe4cd3a6bffc9238
2023-03-22 23:43:41,False,0.4809,0.001506,7.41335,0.0111,0xd3...ec6f,https://bscscan.com/tx/0x0d354ab6ae8f7e369d29ed137515fb3ad1517049572df50ce660af7b469c8e13
2023-03-22 23:43:38,False,0.4833,0.001506,2156.63,3.2491,0xd3...ec6f,https://bscscan.com/tx/0xd5fff55fb232270e116f91805cdb67d437f5a6b85caae2e694c896670b5c90ff
2023-03-22 23:43:35,False,0.4834,0.001506,4.72265,0.0071,0xd3...ec6f,https://bscscan.com/tx/0xed5ad127241662151ec5045554b5bd339a22db8428d9ef5a0095d46e6b092db9
2023-03-22 23:43:32,False,0.4834,0.001506,2158.95,3.25316,0xd3...ec6f,https://bscscan.com/tx/0x3d1bcf450729c51abe19bf83a61b1175683e4d3a2eb5b1088109d57e783c4e13
2023-03-22 23:43:29,False,0.4835,0.001507,2.02614,0.003,0xd3...ec6f,https://bscscan.com/tx/0xd14b4a45bc30e99e61d60a319b895d1f68f424db84f15479630026a50b53b60e
2023-03-22 23:43:26,False,0.4835,0.001507,2161.28,3.25723,0xd3...ec6f,https://bscscan.com/tx/0xa60d0169b99bd366eb4615877c621b769c8cd6723fb1480039c704793dbc5449
2023-03-22 23:42:20,True,0.486,0.001514,20.5103,0.031,0x75...5a77,https://bscscan.com/tx/0xfb505ba4dce5117b661884379416de475c03dd3b0d9c6e32da510a6093e0ef0a
2023-03-22 23:41:14,False,0.4814,0.001507,12258.6,18.4853,0x0c...8533,https://bscscan.com/tx/0x63cd66f47decc8849c89ed9165d5db174180592cf2851fa30d2114a7de235dfa
2023-03-22 23:39:02,False,0.4838,0.001507,246.848,0.3722,0x42...ca9f,https://bscscan.com/tx/0x30b963fe6a0be9c80965a1d92e332bfc075b3ee767b6b83ac937d40d46bba2a5
2023-03-22 23:37:41,False,0.4816,0.001508,200.0,0.3017,0xd7...7bd4,https://bscscan.com/tx/0x8495d8b941f52d36218fe8dbbbdd0df1670eed65eae415f06cfb105591722a54
2023-03-22 23:36:50,True,0.4866,0.001516,217.636,0.33,0x82...c8d8,https://bscscan.com/tx/0xa98a61dab5ff9c8a8cceee2f4f610cbe53f6f61c2eeac5386fe8a22f2f696235
2023-03-22 23:32:38,False,0.4837,0.001508,2311.21,3.48726,0x3f...573a,https://bscscan.com/tx/0xf16729549c41215851a398f1719bfd6d33f9c7425044c760b431ba38a8e7fae2
2023-03-22 23:32:38,False,0.4837,0.001509,1260.81,1.90263,0x62...1f10,https://bscscan.com/tx/0x9cea2062228141e48563cef0d10dcec9ee847f8cef3b36098c54fd734b00b365
2023-03-22 23:30:14,True,0.4861,0.001516,614.184,0.9315,0x70...8487,https://bscscan.com/tx/0x00292864f6c517484b987f77fe8be66e000515003d38b43c4aa16be2b85c2376
2023-03-22 23:29:47,False,0.4837,0.001509,4.99,0.0075,0xb3...ef12,https://bscscan.com/tx/0x20faa1220c617fee897760e7389db0799a03d21db3873b00f9044b43b9444c18
2023-03-22 23:25:06,False,0.4834,0.001509,395.738,0.5972,0x6e...99d7,https://bscscan.com/tx/0xfdd193a602a1622294b2f4e3e4d8fcec2f3cd1712d2a6ad72700f1345b2b2e1c
2023-03-22 23:22:09,False,0.4832,0.001509,25.6454,0.0387,0xa0...e30b,https://bscscan.com/tx/0xd4c6a43c9094d7cf45d7c314ea7e586d1a0a72265b43331310504e35ac9cbed0
2023-03-22 23:19:42,False,0.4847,0.001509,400.0,0.6036,0x28...6ef6,https://bscscan.com/tx/0x1a313f0bd3c3265892551e56b2cd6e4a3cf63c6c574207a4dfc3ef51a8ffd1dc
2023-03-22 23:15:18,True,0.4853,0.001516,613.317,0.9302,0x70...8487,https://bscscan.com/tx/0xaa4364ea972c90ea98b7c54cf2e15d544bb86103d394571bac35208fe14a8678
2023-03-22 23:14:54,False,0.4831,0.001509,93.7345,0.1414,0x73...fa60,https://bscscan.com/tx/0x7d5b304c3aa95a1727caa9b37df9da669aa8f43e65d71340d5aa65d9ea67112a
2023-03-22 23:11:30,False,0.4829,0.001509,148.069,0.2234,0xc8...8e1e,https://bscscan.com/tx/0x110bcfcae1257b6ef47ae7e89ade894707e80289eb8e150f4479e67311a3751d
2023-03-22 23:10:57,True,0.4876,0.001516,102.975,0.1561,0x73...e78f,https://bscscan.com/tx/0xc6d3735ff2eb9e1bf266e31cf42d83f355fe50d6fd1b1c2404cc72de0bfd7255
2023-03-22 23:06:42,False,0.4832,0.001509,115.288,0.1739,0x78...0104,https://bscscan.com/tx/0x33bee303cf7c21433b2dcca283c788a1855c9f162eace12cffdbfa4d95e96e45
2023-03-22 23:03:18,False,0.4857,0.001509,237.0,0.3576,0x8c...0a8b,https://bscscan.com/tx/0x228f21cb0051b581850beff5217078eba4ac04c204a013008c8dad1cca91914f
2023-03-22 22:59:42,False,0.486,0.001509,26.505,0.04,0xbe...e14c,https://bscscan.com/tx/0xa997672a9270aaaa77cb54c9d1bc32d7c6d7b2e572efa1654f108a99f876d9f3
2023-03-22 22:59:12,True,0.486,0.001516,612.643,0.9291,0x70...8487,https://bscscan.com/tx/0xdff2dd6a5d993f798d1cf58258c9fc4b0d5f21f45ef61fb0e1b0189efe3a49fa
2023-03-22 22:58:18,False,0.486,0.001509,16.1635,0.0243,0xc0...3557,https://bscscan.com/tx/0x412fdbefeded721d85ccbd194181df93510aea2535eaa1a427fcf254b3a36320
2023-03-22 22:55:48,True,0.4861,0.001516,65.0,0.0985,0xa0...0f54,https://bscscan.com/tx/0x8ad3f1cd42c8abe40f4d56042808746c1c02de3f998611d5b69682d6fde5800b
2023-03-22 22:51:12,True,0.486,0.001516,105.567,0.1601,0x2c...c9c5,https://bscscan.com/tx/0xb764e5b6880c60c00be833770de9c3e51a720feabc6ab71eea93467a5ec76cb0
2023-03-22 22:50:21,True,0.4883,0.001516,4016.4,6.09042,0xd3...ec6f,https://bscscan.com/tx/0x4105772c8f7a83a2e01c12006e3b2e3cd2e006710d8d5fbd41d13aa53dfffe34
2023-03-22 22:44:11,True,0.4882,0.001516,481.4,0.7298,0xd3...ec6f,https://bscscan.com/tx/0x32d1d130833ab873c200ab2ec2722e00c702988701176f4215744882e3c96630
2023-03-22 22:43:59,True,0.4858,0.001516,856.617,1.29866,0x62...1f10,https://bscscan.com/tx/0xf8d4df0772aec9619b03150a9bd5670165483081e4af751168170a38c36eb50c
2023-03-22 22:43:20,True,0.4858,0.001515,612.922,0.9291,0x70...8487,https://bscscan.com/tx/0xc68f14acd65e955f962916a0b6c7a715fe71e4f52372077f458e8d2d8c4fd491
2023-03-22 22:36:47,True,0.4893,0.001515,1169.0,1.77202,0xd3...ec6f,https://bscscan.com/tx/0xdf12d0b9bd89e14ba0c20223c8e21bbc924b1bbd7b5bea4a34bf2adbe55c8650
2023-03-22 22:35:02,True,0.4893,0.001515,50.0,0.0757,0x78...0104,https://bscscan.com/tx/0x1c67e5444009484d5bb0fa23bb1b0db90d0e13ff0aaead9b6ed04813955eb222
2023-03-22 22:30:02,False,0.4845,0.001508,4.85659,0.0073,0x77...5bdf,https://bscscan.com/tx/0xfa1010ac46162b53715371298872fbbfde8c6e2098aa547988f008c2e8656478
2023-03-22 22:29:53,False,0.4869,0.001508,7.84,0.0118,0xe0...5ba9,https://bscscan.com/tx/0x3907e75699a25f876b671e1ad5bb6f50603c0febe0577232d7fa2267a2dad2ea
2023-03-22 22:27:19,True,0.4868,0.001515,611.666,0.9271,0x70...8487,https://bscscan.com/tx/0xf95854b64553c6bd8c324061387186a8a06edf7fd309f0362c7216a06028e5f4
2023-03-22 22:27:03,True,0.4892,0.001515,16.932,0.0256,0x92...b3b0,https://bscscan.com/tx/0x510934d30a99a9e107ab87e76351935be04bb6d8d4f7818f88867fe4c515bf6b
2023-03-22 22:24:26,True,0.487,0.001516,130.734,0.1982,0x6c...e0e6,https://bscscan.com/tx/0x741e23ff946032e7805fb9b8d3f6051d63e8c5f4070a3476ddede2da3aff218b
2023-03-22 22:20:50,False,0.4837,0.001507,20.0,0.0301,0x63...ad2e,https://bscscan.com/tx/0xecae6d582affd2a155203ce391ce656ebc9cdbc67a4b7dc213e5e07f548a0a0a
2023-03-22 22:13:32,False,0.4866,0.001508,25.0,0.0377,0x6a...7666,https://bscscan.com/tx/0x1e2eb67657183c771bec3e82dc93e06170f2e6f18a2c3782a704b7bc84d8e88d
2023-03-22 22:11:11,True,0.4893,0.001515,611.768,0.9272,0x70...8487,https://bscscan.com/tx/0xb1b599b1918e722d3434dc7d695566480a7f8fa23c92e04f69aeeace53a6b1fc
2023-03-22 22:10:59,False,0.4866,0.001507,5.0,0.0075,0xc9...47a1,https://bscscan.com/tx/0xf4f4891109ee9035032f80c428425ee158e8935ad879d1fcbf296c22d3aa2cec
2023-03-22 22:10:20,False,0.4868,0.001508,10.6,0.0159,0x03...1c4a,https://bscscan.com/tx/0x243ba1e95ff799bc5fb14ba8f307c4a9449d9fdb34668f02f4fd1a30e1e15956
2023-03-22 22:07:38,True,0.4869,0.001515,101.745,0.1542,0x74...a19a,https://bscscan.com/tx/0xccfd4b494b2a8213761823b01abbce7fa66a130d563d9e487a5b9aa79860e719
2023-03-22 22:06:10,True,0.4893,0.001515,532.221,0.8066,0x3f...78f9,https://bscscan.com/tx/0xdb4f6cdbc9a271fbaae3b585c3f7cc1eae6c7551f20501923b587c151dfdba15
2023-03-22 21:57:22,True,0.4895,0.001515,2971.61,4.50303,0xd3...ec6f,https://bscscan.com/tx/0x89f6ac586f2fb358f97cb2ecd6b36b1c57d59a918c15271f983e70c0e95bb5da
2023-03-22 21:56:52,True,0.487,0.001515,394.2,0.5972,0xd3...ec6f,https://bscscan.com/tx/0xab405d713af91ce2cd917b33d6b6efe79a0ff49ca3a797faa3e1db3c1347b06a
2023-03-22 21:56:49,True,0.487,0.001515,394.2,0.5972,0xd3...ec6f,https://bscscan.com/tx/0x41745a1c63ed2f1589b8803155ecb79fd0e181864553a5ec31f3af8cda8b8cab
2023-03-22 21:56:46,True,0.487,0.001515,309.5,0.4689,0xd3...ec6f,https://bscscan.com/tx/0x92c747e8b7262c734dbf7a568cfa48a2e4f7ee5da92593e5032728685a2783e3
2023-03-22 21:56:43,True,0.487,0.001515,309.5,0.4689,0xd3...ec6f,https://bscscan.com/tx/0x208f2e2c53de525f14e63bb76aa3b12dfb00b2523f59bfc1b395eedb34345e8d
2023-03-22 21:56:40,True,0.487,0.001515,309.5,0.4688,0xd3...ec6f,https://bscscan.com/tx/0xc879eb95f2ca27f69c63de3998d0b3a08a3ef243949172e3ec7a69b8616dbbe0
2023-03-22 21:56:37,True,0.487,0.001515,59.3166,0.0898,0xd3...ec6f,https://bscscan.com/tx/0x43a7fd3cb291ce81124b86c7fbc13562bcb5f30006fff6a8ad92ebe412f30e34
2023-03-22 21:56:37,True,0.4869,0.001514,404.189,0.6123,0xed...4f31,https://bscscan.com/tx/0xb7539612aae7591de8de4a97a24162ec0b74865ba44fae653dd784ec4f7c0e62
2023-03-22 21:56:34,True,0.4869,0.001514,662.976,1.00432,0xc1...b919,https://bscscan.com/tx/0x72d207f7cac0f78eb51f5c95e239268ada2e35897cee2d589eae9e8b25b186a1
2023-03-22 21:56:34,True,0.4869,0.001514,463.0,0.7013,0xd3...ec6f,https://bscscan.com/tx/0x747d20ea015d0b2e0ef4c7d1b70ae72cb2ff3ede51b16156d9cd414510797e9c
2023-03-22 21:56:31,True,0.4869,0.001514,463.0,0.7013,0xd3...ec6f,https://bscscan.com/tx/0x07a87c4edb267c36682ffa93c842c23076e438e2cde3fa9d568c36abe110e51f
2023-03-22 21:56:28,True,0.4893,0.001514,1080.7,1.63688,0xd3...ec6f,https://bscscan.com/tx/0xcc2d93dc65b74fde31d306379b860f0abf9778ac3ad04f18af53b7746bba428a
2023-03-22 21:56:25,True,0.4893,0.001514,695.494,1.05335,0x2f...e155,https://bscscan.com/tx/0x74309884c7c96ac72d453666279932acf2e519e55d543b6946c477f7957f541a
2023-03-22 21:56:25,True,0.4892,0.001514,2311.21,3.5,0x8d...1b76,https://bscscan.com/tx/0xfa24a734c282c90fe4c8e316d7410a0d6fa9b21ea050c79db8fba845c98040d2
2023-03-22 21:56:25,True,0.4891,0.001514,2795.76,4.23292,0xf9...5ebf,https://bscscan.com/tx/0x2d542c05e5e97ea808588ffdf87aa5620d7a43317f0b81a90b2f6e0baab77b8b
2023-03-22 21:56:10,True,0.489,0.001513,612.429,0.9271,0x70...8487,https://bscscan.com/tx/0xf4355da854015fcdac596c3c4eab4e26fd992a8e912bdf67c841cbac33d498a5
2023-03-22 21:54:25,True,0.4865,0.001513,40.0,0.0605,0xde...d365,https://bscscan.com/tx/0x1ee7f1446ad488ef095e5c852fbd375da90fb32cbf1d046456c5fb44bec61fee
2023-03-22 21:52:31,True,0.4868,0.001514,10.2634,0.0155,0xde...367a,https://bscscan.com/tx/0x598ce309e9ec3b5b040aeb625cc044dea7fa62d01810ebc7979f817c204c1c43
2023-03-22 21:47:41,False,0.4828,0.001506,26.1593,0.0394,0x67...63bb,https://bscscan.com/tx/0x9a3be3870ed9fdb183f77cc9b6f256aa10a92bec7f11802f60881dc63ddf3d9d
2023-03-22 21:42:14,True,0.4858,0.001513,19.7317,0.0298,0x2a...6cdd,https://bscscan.com/tx/0xe5c3cb580379443df10d12d055e561dde6f921c74d8893bc6e9da7a8daecf17b
2023-03-22 21:42:05,False,0.4834,0.001506,17.5852,0.0264,0x5c...be56,https://bscscan.com/tx/0xc3cb9ad676fc652f279e669d6259d9ac008fd3e2b9d5de24e2683a66d7d17e11
2023-03-22 21:41:41,False,0.4834,0.001506,65.3029,0.0983,0xed...0aa2,https://bscscan.com/tx/0x6d924ae137ab7b66ccd59a43f419c1ed5d67496f66dd81dec55efce48c8380ef
2023-03-22 21:40:14,True,0.4834,0.001513,616.303,0.9329,0x70...8487,https://bscscan.com/tx/0x4b6dc129d91b1a8b014ba2e3340f01474f14c81845b4ad18c75cc99505047d71
2023-03-22 21:38:29,True,0.4832,0.001513,2312.37,3.5,0x2f...e155,https://bscscan.com/tx/0xba4adb52df9e74311bb108d63c7d3ddbe8b39e1c7c89799cebc80e5895cf7b91
2023-03-22 21:38:26,True,0.4831,0.001513,394.1,0.5964,0xd3...ec6f,https://bscscan.com/tx/0x20e3abb90ac15e36e6988f93da1e2dced02a6138e4844b6408df8ac478f2ff2a
2023-03-22 21:38:23,True,0.4855,0.001513,2312.87,3.5,0x0c...8533,https://bscscan.com/tx/0x7e6b248defc86b95c0eabeee080a7a6d0a89dd7c0be9ce4aa16a9c35ff763729
2023-03-22 21:38:20,True,0.4854,0.001513,394.1,0.5963,0xd3...ec6f,https://bscscan.com/tx/0xf7c0830ee078395c058075e4177e64a738e91c44b29ebeb21102abcb3595909b
2023-03-22 21:38:17,True,0.4854,0.001512,2313.37,3.5,0xda...c952,https://bscscan.com/tx/0x4a1fa79a9bdbc8615bd13d45ec97a6a740a79aad5ace2fcbebd43e26dcb1ae57
2023-03-22 21:38:14,True,0.4853,0.001512,0.4926,7.452e-05,0xd3...ec6f,https://bscscan.com/tx/0x2b6bd6e72f99cd90026178aaf4475b2583a71c830857412d6703f2559e0ce405
2023-03-22 21:38:11,True,0.4829,0.001512,394.1,0.5961,0xd3...ec6f,https://bscscan.com/tx/0x621012900041b14d293fa3a343654c42cbe0b7ec6575ade33a852ac699f876d4
2023-03-22 21:38:08,True,0.4828,0.001512,2313.87,3.5,0x2f...e155,https://bscscan.com/tx/0xacbbf0fab50c55d6a56694450e46e9ff9ba251fee72e239c3de73350afdf2c92
2023-03-22 21:38:08,False,0.4808,0.001506,20721.7,31.2104,0x2c...325c,https://bscscan.com/tx/0x5e53c99bc8fb7f4e1bc34d08684fd373499888f578bf8433e04b96009d822956
2023-03-22 21:37:26,True,0.4835,0.001515,132.757,0.2011,0x9e...12d2,https://bscscan.com/tx/0x8735a3467884953b18fd7f7c5767fcbf578121dd397a2e4c30fda9a0355e7470
2023-03-22 21:34:38,False,0.4805,0.001507,857.804,1.29309,0xd0...055f,https://bscscan.com/tx/0xc45895a5e269e5b2e5eba21ad2e81be9549c42a73c4025b9c3b55beb2f04c598
2023-03-22 21:34:14,False,0.4827,0.001507,100.0,0.1507,0xd0...055f,https://bscscan.com/tx/0x9c57ea70d0472ebd18f6b887043f114e95a8bba6626bb9a2d7989957d6a449ba
2023-03-22 21:32:11,True,0.485,0.001515,1600.9,2.42533,0xd3...ec6f,https://bscscan.com/tx/0x2e920e806f39f74c0c7554aba181400798bfb65644d637180f9be5a1735a0831
2023-03-22 21:31:35,True,0.4849,0.001514,2310.63,3.5,0x2f...e155,https://bscscan.com/tx/0x75f1559c4c2b251b466e8bde3604de91b4ff91a646b2806b37de9c0caac3b261
2023-03-22 21:24:11,True,0.4822,0.001514,617.349,0.935,0x70...8487,https://bscscan.com/tx/0x96ff491461ccae652e11ac942f7fd0045c3f00cf241a9f647d069f0b16d2bee5
2023-03-22 21:12:35,True,0.4817,0.001514,70.0,0.106,0xde...d365,https://bscscan.com/tx/0xf9cafab08c5a25e38cd27a0064e2315bd1a839c2bc4afc1119af495374f1dc88
2023-03-22 21:10:11,False,0.4814,0.001507,59.0102,0.0889,0xbd...eda7,https://bscscan.com/tx/0x0d091ccc85eacba7ec1212ac08cff900b145adabab1c7bcbfa91a5cf9c0c2c1d
2023-03-22 21:08:11,True,0.4828,0.001514,619.954,0.9389,0x70...8487,https://bscscan.com/tx/0xf9674b94f572db7dd0cb54e77932d1de7b2d09bdd6637461353d5fc4fa5ccf01
2023-03-22 21:04:59,True,0.4802,0.001514,416.555,0.6308,0x55...8243,https://bscscan.com/tx/0xd4ec888a6048c0633a37e1e66be8e37c2e728bacab5507edd2b6124a6dac4559
2023-03-22 21:04:23,False,0.4796,0.001506,37.2683,0.0561,0x3f...78f9,https://bscscan.com/tx/0x50fff3fa573e36f396449d94283c2ac2ebb49ad9bbc09a2f9693966e71e22c9d
2023-03-22 21:02:11,True,0.4815,0.001514,245.909,0.3724,0x3f...66aa,https://bscscan.com/tx/0x8c9478370797d29fbbaf25f8055699203a9d4cbac5500fe2054d40b5ad53be69
2023-03-22 21:01:26,False,0.4758,0.001506,1437.53,2.16621,0x38...5bf8,https://bscscan.com/tx/0xc55a6d4cbbfa26834d042d9b61a4b7b10f21c990fb962dd36e85056b956b438e
2023-03-22 21:00:50,False,0.4783,0.001507,1855.2,2.79597,0x05...7eea,https://bscscan.com/tx/0x8c6da820ad9e003526f30f75a4a3abe052d8976c4d447a456375439b5806b548
2023-03-22 21:00:44,False,0.4783,0.001507,796.8,1.20098,0x00...78d2,https://bscscan.com/tx/0x3963b8deabcd76a5982ce44b0715e24b15e174159f7751d2758772c50a4ebbe6
2023-03-22 21:00:05,False,0.4784,0.001507,1512.9,2.28054,0x00...78d2,https://bscscan.com/tx/0xccc46c8135d1cbb5f0ede63be977d655fd3cc3a39aeffa7d98a95da02d1f7669
2023-03-22 20:59:56,False,0.4785,0.001507,1490.7,2.24734,0x00...78d2,https://bscscan.com/tx/0x819e841122e105e727ad7ee2c147d779fd7b422c77f475e6203e07278434fa80
2023-03-22 20:58:47,True,0.4814,0.001515,52.23,0.0791,0x1d...304a,https://bscscan.com/tx/0x391b73ce25b9ca4f48402637e725d6ae215f45f886e21d0ad01adfd91dc8abf2
2023-03-22 20:54:56,False,0.4794,0.001507,997.452,1.50388,0xb0...a41e,https://bscscan.com/tx/0x1fdd6d51c97b3903aa1620d65acf2c39dbad987fdbc44d31a262c000e0f15e46
2023-03-22 20:52:56,False,0.48,0.001508,5110.2,7.70661,0x83...6678,https://bscscan.com/tx/0x3586e077962b8562d046aa8132cae9fdbb27c99a2947cc205064ea7b08dd7f44
2023-03-22 20:52:17,True,0.4804,0.001515,620.119,0.94,0x70...8487,https://bscscan.com/tx/0x5145fff891ff2f594f5fbff69e218d7f64cf8163deeb16e84b902d2400f98a38
2023-03-22 20:50:56,False,0.4783,0.001508,8900.0,13.4288,0x83...6678,https://bscscan.com/tx/0x15f829fdcd57358b0ad36a48e6d2319cf26e175596484e1eaa34c3e1d3347ca3
2023-03-22 20:49:56,False,0.4809,0.001509,968.389,1.46173,0x09...18f7,https://bscscan.com/tx/0x31ee82d8db2cdadac1b6017d82b281c2627dbd29e5cba9304dfcb771f45a23bf
2023-03-22 20:49:47,False,0.481,0.001509,2507.44,3.78536,0x00...78d2,https://bscscan.com/tx/0x4cad93cf3d2f9693d558996882c6f5475967377bdb32fbc64730c10b050ae1c2
2023-03-22 20:49:29,False,0.4785,0.00151,8900.0,13.442,0x83...6678,https://bscscan.com/tx/0xb65b098987f06c7f9621c1c3c64a926626b55d83cd00a7a7c64e5a102dfe9209
2023-03-22 20:49:29,False,0.4787,0.001511,1588.37,2.39997,0x00...78d2,https://bscscan.com/tx/0xab442f0fee9c53449ab4fcac2ca89537457f9db0426712c6748ab39869bbf2be
2023-03-22 20:49:23,False,0.4788,0.001511,1994.08,3.01342,0xb0...ff7c,https://bscscan.com/tx/0xb6ae2175e5fdf15d6e0dd5f5368dda869343c862c2faf0c2ae77b041f7025b97
2023-03-22 20:49:20,False,0.4809,0.001511,3317.8,5.01486,0xb0...a41e,https://bscscan.com/tx/0x9e45ac06851c5d187a2a0528fdb5d463c61d6120746bca2eed91e1600b05d712
2023-03-22 20:49:14,False,0.481,0.001511,995.158,1.50444,0xb0...ff7c,https://bscscan.com/tx/0x1f3a5b5c0f7b4bebf3a9939598756ce19725e741b7bdbbe65119a4e92989a56f
2023-03-22 20:49:08,False,0.4811,0.001511,1326.19,2.00507,0xb0...a41e,https://bscscan.com/tx/0xc47405c9ac311b806def9dacbd358fcd3a13729e3a3fdecbf5658ef00e53935f
2023-03-22 20:49:05,False,0.4812,0.001512,3315.11,5.01305,0xb0...baef,https://bscscan.com/tx/0x945138bc6c8fe41e45ed2e01a081ba71b8b6236cd9baecbfaf1dcf2b331a01ff
2023-03-22 20:48:59,False,0.4814,0.001512,8900.0,13.465,0x83...6678,https://bscscan.com/tx/0x77910ec645b6af289952b214c44c173a9f2f8d978d1337663ac56ca7527136d1
2023-03-22 20:48:59,False,0.4817,0.001513,3972.79,6.01359,0xb0...ff7c,https://bscscan.com/tx/0xb034b398285ef16e02bfd120fa70ad7f3211b932a670719a96d4b2e46beb8309
2023-03-22 20:48:11,False,0.4826,0.001514,8900.0,13.4788,0x83...6678,https://bscscan.com/tx/0x4d6a8ef2f34463334f9c64bf8ccda2a6beb2e71289a7b85320e11578fe44efed
2023-03-22 20:47:56,False,0.4831,0.001515,6182.9,9.36947,0xd8...bcda,https://bscscan.com/tx/0x805fa1f62b6a9e0cd2aa6a773eded5d9d9441d64e87238c5944f4b1555790fb5
2023-03-22 20:47:47,False,0.4834,0.001515,2492.6,3.77856,0x00...78d2,https://bscscan.com/tx/0x7c57e4e3de73c11581bbf0b4f5be2c95d8d78c3bc7c37163db40edb2c24b1eca
2023-03-22 20:46:32,False,0.4831,0.001516,509.3,0.7721,0x4d...74b8,https://bscscan.com/tx/0x4df51cfae1303c20dea27945b89f29088a02fbb7f921d341af0ae1beade7bdf7
2023-03-22 20:45:32,False,0.4846,0.001516,2478.95,3.75876,0x00...78d2,https://bscscan.com/tx/0xf404bc927a051e2431ba4821d3880e96be1ed3b75d1a93f4f1f2899a1e171ae1
2023-03-22 20:44:23,False,0.4881,0.001516,41.9221,0.0635,0x4d...bfea,https://bscscan.com/tx/0x667db67b03ece440fd78233f09df26accc8582f259c03c199f13e3867559e38a
2023-03-22 20:44:08,False,0.4879,0.001516,657.1,0.9964,0x82...2196,https://bscscan.com/tx/0x30b029c2e565cc7701af172be885de9505447821ac2accc42e8a75952d13ef3c
2023-03-22 20:43:41,False,0.4854,0.001516,286.5,0.4344,0xa0...cc8d,https://bscscan.com/tx/0x2556c531347ecc6f66accc9df8d644513a78826c3cb80b92d28b778baf7341e7
2023-03-22 20:42:56,False,0.4857,0.001516,2471.29,3.74818,0x00...78d2,https://bscscan.com/tx/0xaed55dabc05b7d271fabd769269afe516ff95009266b73d6149225c4881ac8e9
2023-03-22 20:42:53,False,0.4883,0.001517,2743.41,4.16177,0xd3...ec6f,https://bscscan.com/tx/0x28f56a5dffaaf2a4ec353a9a70b30ae7e060f51a2d72c65f3ed92f95687b50dc
2023-03-22 20:42:50,False,0.4884,0.001517,1982.09,3.00741,0xb0...a41e,https://bscscan.com/tx/0x6d39ea76c8d56c9ea0125ee0fa688f9a0c300f80767bcbbb3f71771ce6d6ed27
2023-03-22 20:42:50,False,0.4884,0.001517,2461.15,3.73495,0x05...7eea,https://bscscan.com/tx/0x22ce9419021fefbf5ad185337f38f51de7543c7b7681e935db2e4a0ae7ac941a
2023-03-22 20:42:50,False,0.4887,0.001518,8475.35,12.8675,0xd3...ec6f,https://bscscan.com/tx/0x95d9b5aaf7e4ae21e0b56262085843c1a3b51e99effc371181f0f230cac9b0ff
2023-03-22 20:41:50,True,0.4913,0.001526,14.2199,0.0217,0xf0...74d5,https://bscscan.com/tx/0xa3499c3357943a4400970f4fa9e017c13b35eb8b996a1f385ee8d52b12f1dcbe
2023-03-22 20:41:17,False,0.4889,0.001518,1080.53,1.64111,0xb9...d95a,https://bscscan.com/tx/0x4e359482629bfa19d6a7b1d171d9cca535e2393c02c4bbc2cad52fc582f2b6d9
2023-03-22 20:39:44,False,0.489,0.001519,3172.22,4.81879,0xd3...ec6f,https://bscscan.com/tx/0xc525c945572c393ad66058b110db282a00499fc0107a961e40e16568f61c0d73
2023-03-22 20:39:41,False,0.4891,0.001519,3171.18,4.81843,0xd3...ec6f,https://bscscan.com/tx/0xc1bab76ee6bc57690e7be35fc98e0b1dafdb3609a6bc6fe33ce17210bad5b2c8
2023-03-22 20:39:38,False,0.4892,0.001519,3169.63,4.81729,0xd3...ec6f,https://bscscan.com/tx/0x7e8034ca0b9fab634308056419ad4be779cae7a476ce764df41847ad724b17e3
2023-03-22 20:39:35,False,0.4869,0.00152,1.00376,0.0015,0xd3...ec6f,https://bscscan.com/tx/0x4ef847224fcf83072e703246965e8eacb6b9669944abf878e767cd270620f6ab
2023-03-22 20:39:32,False,0.4869,0.00152,3171.79,4.82179,0xd3...ec6f,https://bscscan.com/tx/0xc4fb74b3262d207b421082be4c5bfaf97bfaf84382d39acd1e9700a3575e4a7e
2023-03-22 20:39:23,False,0.4895,0.00152,3170.98,4.82179,0xd3...ec6f,https://bscscan.com/tx/0x7aea223b8b93a7ea6e21e0e59c9cc8db0149a4ab73e712ecedd83e610152336a
2023-03-22 20:39:20,False,0.4896,0.001521,3170.18,4.82179,0xd3...ec6f,https://bscscan.com/tx/0x5b17e796f57843a5d6813eb129c31b727dbc6062209bc362c3650a08856bc49a
2023-03-22 20:39:17,False,0.4897,0.001521,2375.2,3.61345,0xd3...ec6f,https://bscscan.com/tx/0x45843cf715058bd2a2e55668f727f8865c4c6be4b9386dff6c5a77d4b1cc8995
2023-03-22 20:39:14,False,0.4898,0.001521,25.5404,0.0388,0xd3...ec6f,https://bscscan.com/tx/0x14a0df659a07064dc1109e3e595db22e9676d750ef48b6ad22697f9dc9d4015d
2023-03-22 20:39:11,False,0.4898,0.001521,2352.15,3.57906,0xd3...ec6f,https://bscscan.com/tx/0x96e525ea311131f2755f8528026128f57368f25bb04dfc88f6b5dc466052be4d
2023-03-22 20:39:05,False,0.4898,0.001521,76.4051,0.1162,0xd3...ec6f,https://bscscan.com/tx/0x3bd6c1dd97183c57303942ec80c34a80a0cd6b58549665821620ad6bc272f487
2023-03-22 20:39:02,False,0.4899,0.001522,3537.17,5.3835,0xd3...ec6f,https://bscscan.com/tx/0x3a09332aa0160de44aba0e8759d122a8c033924342f2e5228eee5b2d4d4c826c
2023-03-22 20:38:56,False,0.49,0.001522,2461.15,3.74672,0x00...78d2,https://bscscan.com/tx/0xd9bdf3cb08a9604703b21de103fe4dc3dc8f28deb1592b94fd724a644e708abb
2023-03-22 20:38:56,False,0.4902,0.001522,5174.7,7.88008,0xd3...ec6f,https://bscscan.com/tx/0x8baa5262ae7fdba114073558c263cd1949d97b7dfff8e769b8eb8ced2c87a160
2023-03-22 20:38:53,False,0.4885,0.001523,4039.58,6.15378,0xd3...ec6f,https://bscscan.com/tx/0x6248903039fd2ffae7927fad8d038f7886de48620699c89913696abc08986067
2023-03-22 20:38:50,False,0.4886,0.001523,1134.4,1.72847,0xd3...ec6f,https://bscscan.com/tx/0xa6b940ed01c2a759889770cb2dbf66dc878cfda4f9491aa6cd6587818ef4c6c6
2023-03-22 20:36:35,True,0.4926,0.001531,1885.9,2.88785,0xd3...ec6f,https://bscscan.com/tx/0x12de7149b549c610ee6bd14796cedeae900bd169bd2464de2209db3114cd26f4
2023-03-22 20:36:32,True,0.4925,0.00153,3876.4,5.9345,0xd3...ec6f,https://bscscan.com/tx/0xf7fb23c1a83b17f4b922d1c4e3458dd4fcee596d02dd7b2ea48a010deb6fe7ca
2023-03-22 20:36:26,True,0.4923,0.00153,7766.34,11.8842,0xd3...ec6f,https://bscscan.com/tx/0xbc588750a32fc4a0b12f583ebc5e298320ef8a4f497b4ae83afb196367875e34
2023-03-22 20:36:23,True,0.492,0.001529,3273.21,5.0065,0xd3...ec6f,https://bscscan.com/tx/0x2343e25981b6c363aeaa8e73b372baee50924b5b64791470aacd285af2fe91b7
2023-03-22 20:36:11,True,0.4946,0.001529,605.495,0.9259,0x70...8487,https://bscscan.com/tx/0x70437a80f480251de37b4ebbc2b7c97553c78dfea1bbcfccd48a922c7092ecb5
2023-03-22 20:36:11,True,0.4945,0.001529,3874.01,5.92347,0xd3...ec6f,https://bscscan.com/tx/0xa3aa56abbf0cab30efd5414723f1b87d249b2462c98495255de06d74534485cd
2023-03-22 20:35:56,True,0.4945,0.001528,7746.11,11.8385,0xd3...ec6f,https://bscscan.com/tx/0x4be7a8b9465f092d0578a43b930787077a6f1c9aa96c945cfb625000b7d649cd
2023-03-22 20:35:50,True,0.4947,0.001527,9.73167,0.0148,0xd3...ec6f,https://bscscan.com/tx/0xb7bf420625b02da87c751f8b11de045a995818eacfaf29352c6685717a046266
2023-03-22 20:35:47,True,0.4945,0.001527,7787.77,11.8948,0xd3...ec6f,https://bscscan.com/tx/0xda054dc4d7797e7c43a8eccd210d257f6800fec538725edfa7578ffcd05299ce
2023-03-22 20:34:02,False,0.4918,0.001519,5.0,0.0076,0x4d...bfea,https://bscscan.com/tx/0x97df67fe4503fa67a62872f6eed4bd1971642090117839bd6214697ae0794dcc
2023-03-22 20:33:32,False,0.4919,0.001519,24.464,0.0371,0x4d...bfea,https://bscscan.com/tx/0x7a79ec994c18c1a1ccda6949562ba8c578ae5ad060d3b76198b2b2845786dcd7
2023-03-22 20:33:20,True,0.4947,0.001526,3874.06,5.91436,0xd3...ec6f,https://bscscan.com/tx/0xba88961b0c8fc2a104bf9cca14cee73feb3da132ffc557c002d5697890db9716
2023-03-22 20:33:14,True,0.4945,0.001526,5290.72,8.07414,0xd3...ec6f,https://bscscan.com/tx/0x257e3985991a5e6269317a8f4c84c4ccad70a79c56f67bb945081787043454e6
2023-03-22 20:21:11,True,0.4905,0.001525,607.004,0.9261,0x70...8487,https://bscscan.com/tx/0x9db51e541440a42179443211c2ed800981bbbf9bf6a83352e0ed2ba5bd835334
2023-03-22 20:20:41,True,0.4907,0.001526,40.0732,0.0611,0xd4...fcbf,https://bscscan.com/tx/0xd4efab2d2eb1d8f3ba4d8f5eba25dfec21c2e9ac6228aa5e5c2ce2d9787c0170
2023-03-22 20:20:35,False,0.488,0.001518,100.0,0.1518,0xd7...7bd4,https://bscscan.com/tx/0x76b665acc900bdcd623706f4551d0a406ee5800323cbc7f212d14add9fa4ffb8
2023-03-22 20:19:05,False,0.4904,0.001518,35.7523,0.0542,0xf6...de23,https://bscscan.com/tx/0x3269b35e5422575804530db563f5dd7603e12fe3494972101f0c6d92f6dbf4dc
2023-03-22 20:17:47,False,0.4901,0.001518,15.0,0.0227,0x7f...f30f,https://bscscan.com/tx/0xf59e089294ffc0b27d35efeba357599ffb264420d2fede9cf2146a07afcdcb4b
2023-03-22 20:14:05,False,0.4889,0.001518,2252.48,3.41978,0xd3...ec6f,https://bscscan.com/tx/0x14d4b6fa7b59fe566cc9db00af030403f26c4aaae5c8175d7e6f9557618d0add
2023-03-22 20:12:59,False,0.4891,0.001518,0.6267,9.517e-05,0xd3...ec6f,https://bscscan.com/tx/0x28a4f0b269c6e4daa67933ab754883e1ff41ca413449dd9546cc4ef46893e6e5
2023-03-22 20:12:56,False,0.4891,0.001518,501.434,0.7613,0xd3...ec6f,https://bscscan.com/tx/0x5ef6384045e68ab21afc8579040f7801ee30cb05a60efffd64f2b5d54c125ae1
2023-03-22 20:12:47,False,0.4886,0.001518,400.085,0.6075,0xd3...ec6f,https://bscscan.com/tx/0x91b8e547c23eca40674c4523addeee1d2bad0b2771fef67d4f24521ced240aab
2023-03-22 20:12:44,False,0.4886,0.001518,1185.6,1.80039,0xa0...cc8d,https://bscscan.com/tx/0xe4590e169ce2642f3c13f0f3f63051106f1111574ca8ba7eb11b4d3e752e31a0
2023-03-22 20:12:41,False,0.4887,0.001518,1743.45,2.64783,0xd3...ec6f,https://bscscan.com/tx/0x2522e470e9aa735229c526515acb7cc36c16dc89cf300f2677ab7c63152f999e
2023-03-22 20:12:38,False,0.4888,0.001519,3530.37,5.36279,0xd3...ec6f,https://bscscan.com/tx/0xe57f5b3994486e596a9a0e7bff38939bde105c9b75455b4a6e791919d0e5a81b
2023-03-22 20:12:35,False,0.4875,0.001519,1836.14,2.78977,0xd3...ec6f,https://bscscan.com/tx/0x7d70e0103e4a50bd5d4647321ca9d752294d2e639c65b4522f66f18c62cc1943
2023-03-22 20:11:17,False,0.4879,0.001519,1498.78,2.2775,0xd3...ec6f,https://bscscan.com/tx/0x83f4b48342afbecd8aef8975ba03f2c2982e31d3fffac317b506d4191b7d3666
2023-03-22 20:11:08,False,0.488,0.001519,606.001,0.9209,0xd3...ec6f,https://bscscan.com/tx/0x26cf16e11902726331aec76eeeba5cf945a1ad5e1f16fc4626f9913059d50ad7
2023-03-22 20:11:05,False,0.4878,0.001519,2839.6,4.31594,0xc1...b919,https://bscscan.com/tx/0xc70490e9a9650a2e9175ad638d18a8c2ec8ff3f93f3c6090c4e53d41cbe5d600
2023-03-22 20:10:59,False,0.4879,0.00152,433.0,0.6582,0xf9...5ebf,https://bscscan.com/tx/0x0a2e9b7cf17a0a251b213e7dad1f7e1a8c2c17a55f02137bef2f9d7227a42a3f
2023-03-22 20:10:56,False,0.488,0.00152,6298.66,9.57723,0xd3...ec6f,https://bscscan.com/tx/0x9cd2b44c8b107cc17b2d0868606dfe01667779a765ca11e14f396e37aee597cd
2023-03-22 20:10:53,False,0.4882,0.001521,2067.33,3.14446,0xd3...ec6f,https://bscscan.com/tx/0xe1cb8d015690ca13595bef7f59c1d6e3b1f517f168c08b2734a0180fb843de9f
2023-03-22 20:10:50,False,0.4887,0.001521,2067.63,3.14544,0xd3...ec6f,https://bscscan.com/tx/0x57f6a67a07db2168ee4255a57a584fddd612c27665f09c1fc2075ba4ebbe5c74
2023-03-22 20:10:44,False,0.4888,0.001521,2728.33,4.15134,0xd3...ec6f,https://bscscan.com/tx/0x28bfd21a7825364cafe40f93924d1b913fbbc24d5cb7468dcbff4e32a7934427
2023-03-22 20:10:44,False,0.4889,0.001521,653.6,0.9946,0xe3...d2ff,https://bscscan.com/tx/0x92c4991ab8d093ea593d6dee016ab3633b4462699618584c391f7a8a7d934943
2023-03-22 20:10:44,False,0.4889,0.001521,1781.1,2.71069,0x09...18f7,https://bscscan.com/tx/0xeefef21c5fa379e8831a81827ffb470c186ad214831913a737ebd32e1f13b910
2023-03-22 20:10:35,False,0.4915,0.001522,706.122,1.07477,0xd3...ec6f,https://bscscan.com/tx/0xf6db863d9d1406ae0ef12bfa04a1d279179ce4aa28b50757d3e2860bd5538838
2023-03-22 20:10:08,True,0.494,0.001529,35.7523,0.0546,0xf6...de23,https://bscscan.com/tx/0x38539666d54e7890181794da3fb88ddcb62198747daacea5c0d7ef8602863e37
2023-03-22 20:09:38,False,0.4891,0.001522,452.6,0.6889,0x71...69e3,https://bscscan.com/tx/0x8f4cc767606ce66094a4c23f62a828f061a1d58f02240445ca2a10d679ca54d6
2023-03-22 20:09:32,False,0.4917,0.001522,853.7,1.29952,0x2c...015a,https://bscscan.com/tx/0x24563af1b18f5cbbce8970b4f40fed4aa6d4a141ab431b1d5fb1b8c379d13d12
2023-03-22 20:09:32,False,0.4917,0.001522,579.093,0.8815,0xd3...ec6f,https://bscscan.com/tx/0xae6e0dbbf32e18ee74a78bc63e5d806bd9fe547bffd0e74ebc031c3eb612ea11
2023-03-22 20:09:29,False,0.4918,0.001522,595.223,0.9061,0x67...b7c1,https://bscscan.com/tx/0x4eabfe2cfcba93ec2ed5671ab464cbea94d3db4d9ff3f223303351b4773f6c38
2023-03-22 20:09:26,False,0.4918,0.001522,2204.86,3.35701,0xd3...ec6f,https://bscscan.com/tx/0xdacebf4c4f78482a3ba18ad81d0d11780d95767d4d0cfe0766f6dc22e5c57851
2023-03-22 20:09:23,False,0.4919,0.001522,2010.99,3.06234,0xd3...ec6f,https://bscscan.com/tx/0x293c7ae3dd2aa8f1139d989b2ba0e9334c4a4498eb584aedb8a84d27c36b304b
2023-03-22 20:09:20,False,0.492,0.001523,4031.91,6.14129,0xd3...ec6f,https://bscscan.com/tx/0x0747cbf964694a5983eadc806ce9a7e2ed648a3ddc5c5c2eda45306ee887df53
2023-03-22 20:09:17,False,0.4923,0.001523,649.733,0.9898,0x2c...015a,https://bscscan.com/tx/0x531c2619e9ff61475c915b7b94b78b5b18864c07256bcaab89d207a647b57177
2023-03-22 20:09:11,False,0.4923,0.001523,288.997,0.4402,0xd3...ec6f,https://bscscan.com/tx/0xa8f11972109acc7e9f153c20787ee9230ea8a4581b05ab542b15b9ff827616a3
2023-03-22 20:07:50,True,0.4943,0.001531,60.0,0.0918,0x22...8178,https://bscscan.com/tx/0x4995a9aa963e43382694179c78f1ddb0b80080c8a8a28bac6468b952fce2d68c
2023-03-22 20:07:35,False,0.4918,0.001523,643.656,0.9806,0xd3...ec6f,https://bscscan.com/tx/0xbe0fd303e17deb6660bce85646f3105a63d409209c57c760f9fb7d1560fc7eb4
2023-03-22 20:07:32,False,0.4918,0.001523,404.374,0.6161,0xd3...ec6f,https://bscscan.com/tx/0x36c72260467e605a931e0e9d8ecfd739d4531be18e8c5a653323ce8d27fbf2d4
2023-03-22 20:07:17,False,0.4943,0.001523,334.497,0.5096,0xd3...ec6f,https://bscscan.com/tx/0xa1185d7504c10af7cc3193e9a420537f27495effa2b519689034f8e673c0e27e
2023-03-22 20:07:14,False,0.4944,0.001523,334.336,0.5094,0xd3...ec6f,https://bscscan.com/tx/0xf2b739e80194d3e0fe3cf10b71ef2e187446674a43646ba83edf5f26457263ab
2023-03-22 20:07:11,False,0.4944,0.001523,334.534,0.5097,0xd3...ec6f,https://bscscan.com/tx/0x80852357f8b0a704278cd869b03f150202c5a03b88c30b495cfb720022ec77f2
2023-03-22 20:07:05,False,0.4944,0.001523,1477.88,2.25209,0xd3...ec6f,https://bscscan.com/tx/0x52fec414613f89e38605896b57dc881af3b11661d1dd396f191d33f70ae9a2a5
2023-03-22 20:06:47,False,0.4925,0.001524,4355.84,6.63926,0xd3...ec6f,https://bscscan.com/tx/0xb548e0191717e550f01ebe9802409795092077e381974e6352b7de03455fe876
2023-03-22 20:06:44,False,0.4927,0.001524,4353.3,6.63771,0xc3...157a,https://bscscan.com/tx/0xe5f51a3091394dd6be901092384ec117e3a83234549c66aac9f4fdf1ba3aab25
2023-03-22 20:06:32,False,0.4928,0.001524,10.1107,0.0154,0x49...4327,https://bscscan.com/tx/0x9c3839fa4b412381092beee7494a1828201906c94c67800d9bf3b9420560e221
2023-03-22 20:06:29,False,0.4931,0.001525,3932.02,5.99735,0xd3...ec6f,https://bscscan.com/tx/0x4808b78cfe9612956a8f2933e1da2d51b2ed546d355964e690b2053bcb9494d6
2023-03-22 20:06:23,False,0.4933,0.001525,3178.48,4.84938,0xd3...ec6f,https://bscscan.com/tx/0x5b2f2c23e99b55a0c9962545af3eb22f43efd3874f8ded59b12139770d06c62a
2023-03-22 20:06:20,False,0.4961,0.001525,2.27299,0.0034,0xd3...ec6f,https://bscscan.com/tx/0xf2d14df1d7c22f85ab75b0763f2d4997391a58ff0f18f22ad7d942d6cdf84545
2023-03-22 20:06:20,False,0.4961,0.001526,3180.5,4.85371,0xc3...157a,https://bscscan.com/tx/0xe04c6c819b40d3928e78074af8905693dcb483d9105ad44fab53cee6b3eca988
2023-03-22 20:06:11,True,0.4987,0.001533,599.964,0.9202,0x70...8487,https://bscscan.com/tx/0x145712bfdbda18095017dcb818ced2e3889632f3fb99fa0dcb26439659b1a7f2
2023-03-22 20:06:08,True,0.4989,0.001534,96.8884,0.1486,0xf0...4369,https://bscscan.com/tx/0xb9d20ff645bf707ff53851608d061a8a0b374bdbe8497df2ad3517b9ff003c63
2023-03-22 20:05:44,False,0.4938,0.001526,2521.04,3.84798,0xd3...ec6f,https://bscscan.com/tx/0x8c20d67130845a594aeaa70a376857f96d93307cb8a9ec2aebe268f0c09a7fcb
2023-03-22 20:05:41,False,0.4938,0.001526,449.159,0.6856,0xd3...ec6f,https://bscscan.com/tx/0x64d0f86724712da23493a8e6bc8ffe441c3b5c8b002a4be1dae69891e8775bfd
2023-03-22 20:05:38,False,0.494,0.001526,5763.58,8.80045,0xfc...535e,https://bscscan.com/tx/0xa64ee9ad47da28df9ef8d2a3b13a661cd3e745e47d1eb525407624ec19b238a2
2023-03-22 20:05:38,False,0.4942,0.001527,5746.66,8.77866,0xd3...ec6f,https://bscscan.com/tx/0xe0e8bed4522096a6477eb0250a138e0974f1937e35c101beb6936ac8b01e667d
2023-03-22 20:05:35,False,0.4969,0.001528,2423.87,3.70393,0x00...78d2,https://bscscan.com/tx/0x040e4ffa7282a86fd9ef62b237a0515821c61a62c368c9d177fa36994f88680a
2023-03-22 20:05:29,False,0.4972,0.001529,14653.2,22.407,0x0c...8533,https://bscscan.com/tx/0x759211b1e82a089eb2ae01db6d01a5ff5f6ce4b1de55977e6301f3bf7327a55d
2023-03-22 20:04:23,False,0.4994,0.00153,99.7491,0.1526,0xf1...1962,https://bscscan.com/tx/0x8392aa314e0ca7a9230c9f2f74f25a63b0464e8d1a77bf871bc98799077947ab
2023-03-22 19:58:47,False,0.5018,0.00153,24.04,0.0367,0xc7...0ca7,https://bscscan.com/tx/0x0f0d51bf3c1365e5948d6302529f35895b37138281f7c20c77961b39d682fe3b
2023-03-22 19:56:38,False,0.4998,0.00153,12.6572,0.0193,0x48...76e7,https://bscscan.com/tx/0x1c22836de03a11b021dfd96a4745567a44f4b888defca84c3789e2138d3f5470
2023-03-22 19:56:35,False,0.4998,0.00153,59.8595,0.0915,0x10...777d,https://bscscan.com/tx/0xb21bcd97e4a15fb8d291ba48515be9cc87f1f9d38e9bf28e1f594f11d714a854
2023-03-22 19:53:01,True,0.5041,0.001537,4219.28,6.48712,0xf9...5ebf,https://bscscan.com/tx/0x5ce193d0226b4160d5fa8e28edb1ab3b40f777e208cd02443df6844159455708
2023-03-22 19:52:58,False,0.5015,0.001529,2.55,0.0039,0xc1...5687,https://bscscan.com/tx/0xe287010125678fda91850e9e53582c29092bf06cc9a2d7986ac01d89ae1daca7
2023-03-22 19:52:55,False,0.5015,0.001529,32.9954,0.0504,0x2a...e55a,https://bscscan.com/tx/0x30e393d9221b014068f470f108c87171649354647739a571194a8cd067de949c
2023-03-22 19:52:52,True,0.5039,0.001537,2409.07,3.70297,0xd3...ec6f,https://bscscan.com/tx/0x4491e3501c22ed92243c65d2b77e6034048001c35760deb18609ad3a602c97ad
2023-03-22 19:52:46,False,0.5014,0.001529,2.568,0.0039,0x5a...12b3,https://bscscan.com/tx/0xc4a4e90166a2f0fa5c5be56180fd35acd0c41341ae89def787c7c0bf90be75ac
2023-03-22 19:52:40,True,0.5039,0.001536,4.72552,0.0072,0xd3...ec6f,https://bscscan.com/tx/0x43d91c4a510d7124cf81bf730affcca8b75c4b3ba2c625ace869b2436b918df3
2023-03-22 19:52:37,True,0.5038,0.001536,3780.99,5.81028,0xd3...ec6f,https://bscscan.com/tx/0x3718b6622c16e1bee93eafa2b61715f45b259843149511f7c77fe4b184d7d4bc
2023-03-22 19:52:31,True,0.5062,0.001536,3775.16,5.79957,0xd3...ec6f,https://bscscan.com/tx/0x082f3af1ace4ba666bdd193ce2fe051c3bac9ce2a3ad540b1649f8dcc784ca4f
2023-03-22 19:52:01,True,0.506,0.001535,7968.86,12.2363,0xd3...ec6f,https://bscscan.com/tx/0xf2e8153c4b98b02058eca179219a34e8eb9a6a3bdd703e23d09f1abf8218a8c3
2023-03-22 19:51:55,True,0.5058,0.001534,1399.65,2.14838,0x2f...e155,https://bscscan.com/tx/0x93cb678eda0f06f5b8ecd827a25b77529c2cc1cfb140707fcf03502d5a1a9d7d
2023-03-22 19:51:55,True,0.5054,0.001533,18160.2,27.8529,0xd3...ec6f,https://bscscan.com/tx/0xfc2cd5fc281e5d6d02b77b637568340a0ed79a209b99b3c7ebc2bec472ce99a3
2023-03-22 19:51:43,False,0.5,0.001525,168.162,0.2564,0xfb...d67f,https://bscscan.com/tx/0xa70b4f64158be344ae3edbf9875137548c444ec8da8db6b88debcd29102604f4
2023-03-22 19:51:43,True,0.5025,0.001532,1.00159,0.0015,0xd3...ec6f,https://bscscan.com/tx/0x063559f66394cff7bdcdd29b292ef778c1e069fb173b18d7ae79ffc751737d40
2023-03-22 19:51:40,True,0.5025,0.001532,801.3,1.22807,0xd3...ec6f,https://bscscan.com/tx/0x04514ae5e93e03b97aad03a7c9f968098a3e71d6e45c31c9028446fbc223bccb
2023-03-22 19:51:31,True,0.5047,0.001532,801.3,1.22799,0xd3...ec6f,https://bscscan.com/tx/0xc5faf8f3e2fc85fed0aa7db838c989509d7c09f7dbf00306a04a04f0e9f7fb0f
2023-03-22 19:51:25,True,0.5046,0.001532,801.3,1.22791,0xd3...ec6f,https://bscscan.com/tx/0xfac31442fad2c53b372c6225ed7b5737df04d583fcce8a64bff15bc2d6cebb14
2023-03-22 19:51:22,True,0.5046,0.001532,801.3,1.22783,0xd3...ec6f,https://bscscan.com/tx/0x020f7f4c241fb74bdeaa2b07c8f9ffa0cf4e4947a7072b2cb165ae7ad667dc38
2023-03-22 19:51:10,True,0.5046,0.001532,593.562,0.9094,0x70...8487,https://bscscan.com/tx/0x7deaf2221b4824f6eb34cfae99de2512d4eda990a04c5d08d5e20222ca2c67b0
2023-03-22 19:50:25,True,0.5044,0.001532,767.1,1.17529,0xd3...ec6f,https://bscscan.com/tx/0x27f72bcfc705ec2dd790c15980763be6ed556aeb27650162e758802dc24052bd
2023-03-22 19:49:52,False,0.5018,0.001524,26.458,0.0403,0xdc...c6dd,https://bscscan.com/tx/0x1e43dc676de5356613248c6e56ada0d05ec7fd2f50057d8ea637bee73bd2ad26
2023-03-22 19:48:32,True,0.5041,0.001531,4091.3,6.26718,0xc1...b919,https://bscscan.com/tx/0x93fd03dca7ab6e6a124b394da24d9269d934517ac5bf11d16a42045fb94aa49e
2023-03-22 19:48:29,True,0.5039,0.001531,2278.3,3.48908,0xd3...ec6f,https://bscscan.com/tx/0x6321a5d5bd965a2dbabe91759a7e1ed5a2f8f00cbcfc43757bb894cb26d809e8
2023-03-22 19:48:26,True,0.5039,0.001531,474.4,0.7264,0xd3...ec6f,https://bscscan.com/tx/0xee75c814830e0278ed923b449604c6505a4237064cf0ce2d607383a4142f0a7e
2023-03-22 19:48:20,True,0.5013,0.001531,474.4,0.7264,0xd3...ec6f,https://bscscan.com/tx/0xc3b8c5defbdc75b30ec480eab216e467189338d8c8569019d52af502a8163331
2023-03-22 19:48:17,True,0.5013,0.001531,474.4,0.7263,0xd3...ec6f,https://bscscan.com/tx/0x0eb4b76f11e43987a5df28ca8db22f2ae3b34a725d0b430fab9aaf766e553bad
2023-03-22 19:48:14,True,0.5013,0.001531,474.4,0.7263,0xd3...ec6f,https://bscscan.com/tx/0x648fd2bb808fb51b4c4dbe2741d09a161eb21df0ebb1742b9b33f55b168f3bcd
2023-03-22 19:48:11,True,0.5013,0.001531,474.4,0.7263,0xd3...ec6f,https://bscscan.com/tx/0x5a854219db5dbb26cfafa7175c8c682c4018626f24a85c05c4aa0ec5f83cbdf1
2023-03-22 19:47:55,True,0.5011,0.00153,1770.5,2.71046,0xd3...ec6f,https://bscscan.com/tx/0xa52509c26a6b26c94a6e519e4b41e5a6ac5660bb410f3ef7afc910ad8b94b499
2023-03-22 19:47:30,True,0.5004,0.00153,1249.4,1.91247,0xd3...ec6f,https://bscscan.com/tx/0x928d85fd5f5b21cfa72179e83d99b2d862214f4b88e0376b163957dad0d46b9f
2023-03-22 19:47:24,True,0.5003,0.00153,2101.0,3.2156,0xd3...ec6f,https://bscscan.com/tx/0x159fba2bc8b30b73b3e52eb22542efff96395ea62940194de68b89a7bbdf1484
2023-03-22 19:47:09,True,0.5027,0.00153,1211.0,1.8532,0xd3...ec6f,https://bscscan.com/tx/0xcd8c77e8b57be5cb111e53ddfabf5afaf6b40175c517eed79deef13a775aac15
2023-03-22 19:47:06,True,0.5027,0.00153,734.094,1.1233,0x56...0086,https://bscscan.com/tx/0x170e91ad0054f3265c513e3a0af49c65b3a64e8a24de0d6873c2c573c2d7baea
2023-03-22 19:47:06,True,0.5026,0.00153,1802.28,2.75754,0xda...c952,https://bscscan.com/tx/0xdc518175dbf87493c8ba03c1fcb32f0cf33e614b2fc7fe76cf085275bfc35084
2023-03-22 19:47:00,True,0.5026,0.001529,867.141,1.32661,0xa0...cc8d,https://bscscan.com/tx/0x0606d38c13fdaef247486e7b9c19b6f30eaf0455856f744eff4112ae8a1a805e
2023-03-22 19:47:00,True,0.5025,0.001529,2288.07,3.5,0xda...c952,https://bscscan.com/tx/0x4d4dfd7dccce343ddf68915effd889a2c24c8934745540b593d4fe83e504198c
2023-03-22 19:46:56,True,0.5024,0.001529,1359.7,2.07959,0xd3...ec6f,https://bscscan.com/tx/0x4c2977f5a8fdb152e4fad0894fa378ed05581437fc1cfc3efdd6511d831ff6b7
2023-03-22 19:46:53,True,0.5024,0.001529,1073.3,1.6414,0xaf...847e,https://bscscan.com/tx/0x0adf7b1a08e8b89c28cf7fb65ba2d03c9eab84fabf501c68ecda5fa40105b6bb
2023-03-22 19:46:53,True,0.5023,0.001529,2288.94,3.5,0x0c...8533,https://bscscan.com/tx/0x0c219f94babf43b39e446272e3e12ab83020db02fa54e400702bb400d75a78b6
2023-03-22 19:46:40,True,0.5017,0.001528,2289.36,3.5,0x2f...e155,https://bscscan.com/tx/0x99a8e2bba6526d45b4fdd3eacf68c995e605c728d84e02bed2268aaafa5e87ca
2023-03-22 19:46:37,True,0.5016,0.001528,1053.2,1.60993,0xd3...ec6f,https://bscscan.com/tx/0xfc949e07bd7330e423ebeff399c1c73035900ab7a6d6bf0cf3c5e3cb5407bf08
2023-03-22 19:46:34,True,0.5016,0.001528,1053.2,1.6098,0xd3...ec6f,https://bscscan.com/tx/0xdb0a34cf129d0539d78c789e092d26b6c34bdf1690a581bacd4cb901356a8508
2023-03-22 19:46:31,True,0.5015,0.001528,345.8,0.5285,0xd3...ec6f,https://bscscan.com/tx/0xf3505c51972975179d1fddc01ba948edd0e13b8130abe4ec0863cf156590e731
2023-03-22 19:45:41,False,0.498,0.00152,25.1133,0.0381,0x5b...4150,https://bscscan.com/tx/0xa18cb108a9cd21f5bbb0044b0faac10df32f30ad2ec43b641fd9dfc877dd13fc
2023-03-22 19:45:17,True,0.5003,0.001528,3222.74,4.92493,0xd3...ec6f,https://bscscan.com/tx/0x6f8ff91d85d856ee5afbd9a5a851ffddb2a10eb28279dbbbd8bf2d75e273713b
2023-03-22 19:45:11,True,0.5002,0.001528,199.2,0.3043,0xd3...ec6f,https://bscscan.com/tx/0x7269a516f40acbaf28cb01f9f54a201b5e775e49ada80d4fea3c88bc4c207b32
2023-03-22 19:45:08,True,0.5002,0.001527,2283.92,3.48941,0xd3...ec6f,https://bscscan.com/tx/0x0161b4dc9b82acd43926cd94bf1e9c435924a3e3b77cfc7efe4563747d790de2
2023-03-22 19:45:05,True,0.5001,0.001527,626.6,0.9572,0x56...0086,https://bscscan.com/tx/0xe12fedec7617b8ba4552325e509782cfea3a0092af81127f829b7e03b1ec6da2
2023-03-22 19:45:02,True,0.5001,0.001527,748.463,1.14332,0xa0...cc8d,https://bscscan.com/tx/0x478a567b4e2af7787b15e8205720a20406a43ee614e66ebc3b064716424e0242
2023-03-22 19:45:02,True,0.5001,0.001527,2291.52,3.5,0x2f...e155,https://bscscan.com/tx/0xbc97abc00111014dae9f29b280e2324c4fa4212b6e00589a80cc960c6d504727
2023-03-22 19:44:56,True,0.5,0.001527,579.1,0.8844,0xd3...ec6f,https://bscscan.com/tx/0x8a3182239e26e76f82e4a4dc6d59f155a841e4808bb1b417c768e68bdada1c20
2023-03-22 19:44:53,True,0.5,0.001527,579.1,0.8843,0xd3...ec6f,https://bscscan.com/tx/0x85552cd28155470fb8b071aee0369ca3eddc8fd0b2c1d1b6671e651c74e383f6
2023-03-22 19:44:47,True,0.4996,0.001527,724.7,1.10665,0xd3...ec6f,https://bscscan.com/tx/0x5beae41be54ce38518c010d65bfa5926c3282cef69b085f764c13adfdc984759
2023-03-22 19:44:38,True,0.4996,0.001527,19.9795,0.0305,0x7a...cc4f,https://bscscan.com/tx/0xc697c0a8b3d2b9a8bc3c46ac36916c99778f63f62482d56f20c7652955a6300f
2023-03-22 19:44:29,True,0.4969,0.001526,5762.81,8.79776,0xfc...535e,https://bscscan.com/tx/0x629b0e74852328ac07f99dce5e63e418b7b66e4b052cb4599ada5f21e07527de
2023-03-22 19:44:26,True,0.4968,0.001526,2293.35,3.5,0xda...c952,https://bscscan.com/tx/0xd2165fd790d6db9047aabaefb840d232a91b92baf27fcea2ef53b8a917dbbcc8
2023-03-22 19:40:02,True,0.4985,0.001526,138.119,0.2107,0x7a...cc4f,https://bscscan.com/tx/0xb776f1573a557cd07cbe2b430ca666bd5352f31b8782a7f42e4c06af0c6dd0e7
2023-03-22 19:38:19,False,0.492,0.001518,1592.9,2.41878,0xc3...157a,https://bscscan.com/tx/0x898b43c0e2b76a79f66d3003a96c7613b71d6a54b9ea0cc10e1ae8dc7844e6e2
2023-03-22 19:37:31,False,0.4944,0.001518,2431.98,3.69349,0x00...78d2,https://bscscan.com/tx/0xe40c05229226a70d52635c3281c584cc43e1eaf10fabe3b230a59e4e56f771b7
2023-03-22 19:37:25,True,0.497,0.001526,154.012,0.2351,0x36...a228,https://bscscan.com/tx/0xeaa7761b8bd79f641b3189473c17d7a08f871eecd9e9c28897972c0ac36b5709
2023-03-22 19:37:22,False,0.4945,0.001519,2654.7,4.03251,0x71...69e3,https://bscscan.com/tx/0x6d7db27018b88248247f0dde9b7108539ad928320addfb451ef6481d276ab305
2023-03-22 19:37:19,False,0.495,0.001519,2436.92,3.70245,0x38...5bf8,https://bscscan.com/tx/0x92a06458837cb0d7002046b323646f73e54da3e0b8819e86b37783b81223546e
2023-03-22 19:37:13,False,0.4951,0.001519,2182.09,3.31589,0xd3...ec6f,https://bscscan.com/tx/0x2a5c2d55a94a4a240b0213f84c79f68c68379b04a78c1346e047027b010f4322
2023-03-22 19:37:04,False,0.4928,0.00152,4274.58,6.49731,0xd3...ec6f,https://bscscan.com/tx/0x13a850e022cd17a2de7ed61db9d172af221349a7137157766c496fc1ef8768bc
2023-03-22 19:37:01,False,0.4929,0.00152,1525.99,2.32002,0xd3...ec6f,https://bscscan.com/tx/0x87d0da64959cfa43220f7f99c2616e64a3856df602ef336eef730090bba2be74
2023-03-22 19:36:58,False,0.493,0.00152,287.286,0.4368,0xd3...ec6f,https://bscscan.com/tx/0xd473ffb002256b236f9f6d994c5331710610f8e4ddf9bb1ab3dedf33e4f0cf87
2023-03-22 19:36:25,False,0.4963,0.00152,2701.52,4.10802,0xd3...ec6f,https://bscscan.com/tx/0x53c519d3ea1718a02e93aea8f2499245bf0cfe1e6b49b39be1f39ffc333688a4
2023-03-22 19:36:10,False,0.4966,0.001521,6069.49,9.2327,0xd3...ec6f,https://bscscan.com/tx/0xa4a70d6a44462863b8b5aed1c0bbaf42bf9908f48a07be4ba5567778c76723ad
2023-03-22 19:36:07,False,0.4968,0.001521,3497.66,5.32255,0xd3...ec6f,https://bscscan.com/tx/0x943d7361e908af87f6a7cbe65a73ce6b24f042ca9c7ab0acd779ddcdb679bb7e
2023-03-22 19:36:04,False,0.4973,0.001522,1918.11,2.91951,0xd3...ec6f,https://bscscan.com/tx/0xe95a83484f6cf939458102000d1c604b7347251cf2c462de3ed46ee536e9313c
2023-03-22 19:36:01,False,0.4973,0.001522,1706.81,2.59827,0xd3...ec6f,https://bscscan.com/tx/0x2c54e5eff49b19c09b5c4e6f19fd2cdcd059fea7174617bf29a0d3d74e77a146
2023-03-22 19:35:58,False,0.4974,0.001522,1707.1,2.59907,0xd3...ec6f,https://bscscan.com/tx/0x1aeae727c486c2ba585f94d41591637b8d64cfb38baf27c48c6f818617d14ee4
2023-03-22 19:35:55,False,0.4975,0.001522,2819.01,4.29274,0xd3...ec6f,https://bscscan.com/tx/0xdec07c5f44cf4698d64198ff0fb016346ce529c6e60cd9f1ed52503eb784fd3d
2023-03-22 19:35:49,False,0.4969,0.001523,953.088,1.45156,0xd3...ec6f,https://bscscan.com/tx/0x6e729387caa75135db98233d3810e65d3fc55d235fc07fefb521e17a939607d1
2023-03-22 19:35:46,False,0.4969,0.001523,380.578,0.5796,0xd3...ec6f,https://bscscan.com/tx/0x54895ccfba67c224c53d9402ef25f22b79b813b48b628f4c9568f3ff785614a2
2023-03-22 19:35:16,False,0.5006,0.001523,6532.48,9.95232,0xfc...535e,https://bscscan.com/tx/0x3a8148107d87fdfdb6cddc479010133887806f0cca628164c3b18e523cf0b470
2023-03-22 19:35:13,False,0.5008,0.001524,2351.44,3.58372,0xd3...ec6f,https://bscscan.com/tx/0xf773adc0c8bbb1355ff9f78e6457ea6627882c48282bc10ac4a7c61e1e11c500
2023-03-22 19:35:13,True,0.5033,0.001531,595.182,0.9117,0x70...8487,https://bscscan.com/tx/0xe2b6148911fb6fbd04b19fd7641bbe0baeaf54bf49149c32236acc01f67a5be7
2023-03-22 19:34:25,False,0.4984,0.001524,100.0,0.1524,0xce...cb72,https://bscscan.com/tx/0x3c3742038f4db6f4b440dace9bd2f3c423ca020f09ffe94e6e80feb04e5fa285
2023-03-22 19:31:34,False,0.501,0.001524,1149.6,1.75223,0x56...0086,https://bscscan.com/tx/0x02cc0d73d9d8e21cb8782a09d1b65d1b3312bab2a7a6f07d9c5bae1f3bc90ae9
2023-03-22 19:31:34,False,0.501,0.001524,944.483,1.43971,0xd3...ec6f,https://bscscan.com/tx/0xecf1d7ead8cbab1550751aa5cec6aa47fd7351a381ecbdcfdf4a1c9c1e0e36f5
2023-03-22 19:29:55,False,0.4983,0.001523,7.62182,0.0116,0xab...824d,https://bscscan.com/tx/0x391ea2742701f819f6b2e8955544a5001d840426548e5acedadb7f177c7a7a08
2023-03-22 19:29:31,False,0.4986,0.001524,3920.1,5.97671,0x52...1c7e,https://bscscan.com/tx/0x215720277140e9fc693cb1c18160b371d4b1090296274dad9e9bb1402b0a81c5
2023-03-22 19:28:13,False,0.5016,0.001525,15363.5,23.4418,0xda...c952,https://bscscan.com/tx/0x1b6cc51dcff7239dcb896489ad2d652979c23349344ce928b8e8cb54f47fa0ec
2023-03-22 19:27:40,False,0.502,0.001527,4501.81,6.87436,0xed...4f31,https://bscscan.com/tx/0xaf05a0188888568ffda1309bbb5a8de145ebeba17c73bf601d0f46c2d52a43da
2023-03-22 19:23:19,True,0.5048,0.001534,1495.8,2.29586,0xd3...ec6f,https://bscscan.com/tx/0x54f745ba32d1b8280edcdd8a1c885abcaefea7eb45512d8d8b5765a7047d738a
2023-03-22 19:22:34,True,0.5023,0.001534,1623.4,2.4914,0xd3...ec6f,https://bscscan.com/tx/0xb16cd6990e64ff76d6c2774ea69b0b896668fbe5b1855b60311458b658487bd5
2023-03-22 19:22:31,True,0.5022,0.001534,1621.37,2.48796,0xd3...ec6f,https://bscscan.com/tx/0x62a95ff4e0bc62da5baed791b92c9f947ccc5d57e3e9c2f9dee497422c061135
2023-03-22 19:22:25,True,0.5022,0.001534,2.02912,0.0031,0xd3...ec6f,https://bscscan.com/tx/0xdc2bae11deaac7ce516e8f54c28406a52ebab1f292306383d8c0b358f91b5b3e
2023-03-22 19:22:22,True,0.5021,0.001534,1623.4,2.49075,0xd3...ec6f,https://bscscan.com/tx/0x0c4f77060bccb310eea73d6eedfceb65c75d9c16c7b4c7e00b763bb8f956b8de
2023-03-22 19:21:01,True,0.5046,0.001534,3.10457,0.0047,0xd3...ec6f,https://bscscan.com/tx/0x90cc78427a912d138bd2b25dd3245a27cee9d101939fe03bb68d459adde250de
2023-03-22 19:20:55,True,0.5045,0.001534,2483.9,3.81036,0xd3...ec6f,https://bscscan.com/tx/0x521ebfb93dcc87ecf4b4b9c7c589aa49c47843c7bb98ca2d577f4ebad7cb1543
2023-03-22 19:20:25,True,0.5044,0.001533,2483.9,3.8096,0xd3...ec6f,https://bscscan.com/tx/0x412953306807d45868e8f539617e4bc3f7025767bd63a716bc479928657a99fa
2023-03-22 19:20:10,True,0.5043,0.001533,593.337,0.9099,0x70...8487,https://bscscan.com/tx/0x478f5ac598c463ef5f7f98605236cfed816a06945db0bf3370834d464954e567
2023-03-22 19:20:10,True,0.5043,0.001533,3.69906,0.0056,0xd3...ec6f,https://bscscan.com/tx/0x846e8f664d93c557a1bd45d6321badb4540b820df4ebd60f4b3238f39ab4be60
2023-03-22 19:20:07,True,0.5043,0.001533,2959.6,4.53799,0xd3...ec6f,https://bscscan.com/tx/0x262b59a517e07b2c3bed0bc9796eeb0483ade2f8f7149658269d0ccb5d88091c
2023-03-22 19:19:10,True,0.5017,0.001533,1165.8,1.78724,0x71...69e3,https://bscscan.com/tx/0x2dfffdc57feb21e5acd0ecfcade21034fd73a32ef3123eb7be92f5ea096741f7
2023-03-22 19:18:31,True,0.5042,0.001532,2675.6,4.10121,0xd3...ec6f,https://bscscan.com/tx/0x19ab87a137414f84ab2ce7d6534722d4dab0a6f3309b29ad3b3863fdc91e653d
2023-03-22 19:17:58,False,0.5014,0.001524,158.0,0.2408,0xa3...238b,https://bscscan.com/tx/0xca0340bb02f7819a2820bf2b1521a26996600d0205a8ffa563b944ff53ca688c
2023-03-22 19:11:05,False,0.4996,0.001525,21.7728,0.0332,0x1c...3220,https://bscscan.com/tx/0xa7bdd0cf79c09667056a126d9f83b31f3af42f0080b247ba9569a49bc6ef94ac
2023-03-22 19:10:59,False,0.5022,0.001525,5.0,0.0076,0xb1...8d7b,https://bscscan.com/tx/0xb28c2bce2a88eaceb093b009776ec04da720a25468d3c5a4497b9b147fc57b27
2023-03-22 19:10:44,True,0.5049,0.001532,422.277,0.6472,0x8b...88f6,https://bscscan.com/tx/0x05b825a282b0c58890c24c802a1827159336fe5f6bc9827618191f840786e1ea
2023-03-22 19:10:41,True,0.5049,0.001532,882.845,1.35302,0x3e...a7c8,https://bscscan.com/tx/0xe55deb7229bce096e6d30fb55f229822ffbd53ff46aa137b7101b7cf83102fd3
2023-03-22 19:10:41,True,0.5049,0.001532,782.9,1.19977,0xd3...ec6f,https://bscscan.com/tx/0x2fdc7b3a51d832998040af281e8ebff15e9c84d10189bfdd21b742135dddfe63
2023-03-22 19:10:35,True,0.5048,0.001532,1961.39,3.00544,0x00...78d2,https://bscscan.com/tx/0xd100bbec89f88e1052dead64da49d88a3697a8409cad5563a604d802766e1c2a
2023-03-22 19:10:35,True,0.5048,0.001532,1961.7,3.00544,0xd3...ec6f,https://bscscan.com/tx/0x9704670848bb83010e25fe4e02ad8d46aa0d9aecad7c8589d0e0d681a90eda87
2023-03-22 19:10:32,True,0.5022,0.001531,699.9,1.07217,0xd3...ec6f,https://bscscan.com/tx/0x21b78c6cb2135dd8086956a51511939abcba4b0cc8eb444d757baa85d340dd26
2023-03-22 19:10:29,True,0.5022,0.001531,699.9,1.07211,0xd3...ec6f,https://bscscan.com/tx/0x39f152d1a6a4a249a7e4cb5e6cd02e47da5f11cf6869664b315a1d45b7fdfd0c
2023-03-22 19:10:02,False,0.4994,0.001523,300.0,0.457,0x91...7278,https://bscscan.com/tx/0x96cee5d3cac858359dc4ffeff734753cd1feaa74f37c3bf334de6b2f890e08ea
2023-03-22 19:09:44,False,0.5003,0.001524,32.9625,0.0502,0x16...5216,https://bscscan.com/tx/0x493c7880f66c653545c3ffc1c10719148030743990bf1578d343d830b5484c11
2023-03-22 19:09:38,True,0.5027,0.001531,3264.54,5.0,0x8b...88f6,https://bscscan.com/tx/0x096abac8968dd9191f85b72838f5c8deb1e5e86e40414e02d7cbb2abeae9504a
2023-03-22 19:09:26,True,0.506,0.001531,977.404,1.49675,0x2f...e155,https://bscscan.com/tx/0x7a5e8b79266e9d34ae0477cd0f9b617d61b1942734dcbb45684a5f7bdc042155
2023-03-22 19:09:26,True,0.5059,0.001531,2328.87,3.56584,0x3c...40d8,https://bscscan.com/tx/0x74634d164c0d09039a082aa04cba8e2eb33bb03e8b2e220b8c273a6af488489c
2023-03-22 19:09:23,True,0.5058,0.00153,1538.0,2.35454,0x98...5cc4,https://bscscan.com/tx/0x2513dc93d1a2ab5795568552a6af59b6a824533cf6f8223dbe48ae57102f7156
2023-03-22 19:09:23,True,0.5057,0.00153,3920.1,6.0,0x52...1c7e,https://bscscan.com/tx/0x9317d94f20cfe73f066504fcc71a744b40faa72d78a507c9fa926ebe4f2208f5
2023-03-22 19:09:23,True,0.5056,0.00153,3267.69,5.0,0x2f...e155,https://bscscan.com/tx/0x6a59a7363f08b2e770dfbdaba3f6a42d0e676c08a99fae41534f0c0354311f50
2023-03-22 19:09:17,True,0.5054,0.001529,814.989,1.24684,0x62...1f10,https://bscscan.com/tx/0xfd9fd38872f3e62b4b4b2a64316eaebd5b7a1bf2e96728f9be9d1ba55d7b0984
2023-03-22 19:09:17,True,0.5053,0.001529,3268.76,5.0,0x0c...8533,https://bscscan.com/tx/0xd890bc2f52e57a7daa49943589d581487de3deaddb6c11cf8793c1e887e546ab
2023-03-22 19:07:06,True,0.5055,0.001529,3923.65,6.0,0x0c...8533,https://bscscan.com/tx/0x54d0f6d3dfbcd318a95a4327eff8849cc506eef11f1e4ab6d3ce4b05ba5cff5f
2023-03-22 19:06:59,False,0.5027,0.00152,119.0,0.1809,0xe5...7491,https://bscscan.com/tx/0x511bb8e30c9d56ce436669f7190f9469c26a42bd256bfceae703f6a5de3483eb
2023-03-22 19:06:43,True,0.5053,0.001528,3649.3,5.57883,0xe3...d2ff,https://bscscan.com/tx/0xbb6c05ca1fe495407d014a4d052999568f6bba23d79ac909d6bfa0ce5f6c38f0
2023-03-22 19:06:37,True,0.5052,0.001528,3925.99,6.0,0x2f...e155,https://bscscan.com/tx/0x2736318d60b397f1d7aee93d5e5609f3d9400b0cd0c6aef8aef2e3436c44eb5d
2023-03-22 19:05:35,True,0.5037,0.001527,4998.87,7.63692,0xfc...535e,https://bscscan.com/tx/0x7f98a8f2f4b158eac8b68fb67af346962c8c576d96431c91319390669491f296
2023-03-22 19:05:31,True,0.5035,0.001527,2909.1,4.44291,0xd3...ec6f,https://bscscan.com/tx/0xe7eb51793fe5a9b7d82aa860f45efa108d016e4a9769c11ab54ea91f870176f3
2023-03-22 19:05:10,True,0.5027,0.001527,595.371,0.9091,0x70...8487,https://bscscan.com/tx/0x7da0cbffb7172f68c0a4508a478da572fd55ad01ca356bfc56efeeff704a81ae
2023-03-22 19:04:37,True,0.5024,0.001526,1838.61,2.80735,0x56...0086,https://bscscan.com/tx/0xfa75d90dffc25f72ceb37844bbe39818735a11f769b2fe28933ee2e05a55e4e0
