datetime,buy_order,price_USD,price_native,amount_token,total_native,maker,etherscan_url
2023-03-31 20:07:05,False,0.4721,0.001485,32.7756,0.0487,0xc1...b58d,https://bscscan.com/tx/0x00825d78ec69ab164dfd618b47b423d28cf7ecd0cbe4c75b95a47ba85a89796a
2023-03-31 20:02:32,False,0.4723,0.001486,52.9569,0.0787,0x5c...be56,https://bscscan.com/tx/0x63e6048b5fb6f81367eb2a99f90c089391dbcad2d15af4728b6d670710539570
2023-03-31 19:59:26,False,0.4724,0.001486,86.3021,0.1282,0xb9...1853,https://bscscan.com/tx/0x08bf7f3026cd3ff6f523a3a3abd13b2afb1f756630734b9ece2e65d040b23336
2023-03-31 19:58:26,False,0.4724,0.001486,36.905,0.0548,0xb9...9fd3,https://bscscan.com/tx/0x201884e07af73ad93db8fc7b7d613ed1ca2b34a17b7ca6151799cfa026cd258b
2023-03-31 19:57:02,True,0.4744,0.001494,18.0165,0.0269,0x3c...cfd2,https://bscscan.com/tx/0xa24f275d7fc49d8f665c66562508841a3a49802dac90ec1aa0f110bef8357a79
2023-03-31 19:56:44,False,0.4721,0.001486,7.65368,0.0113,0x77...872c,https://bscscan.com/tx/0x0094cd375ebf4c44f4bcb8059762df488a8f6bfbd460b02ca39a773a68504deb
2023-03-31 19:52:56,True,0.4744,0.001494,341.0,0.5094,0x84...da51,https://bscscan.com/tx/0x954f38ad81e197741be4482e31fc58566d4547376cc70a99daf5d1796318a06f
2023-03-31 19:52:14,False,0.4721,0.001486,50.0611,0.0744,0xb9...9fd3,https://bscscan.com/tx/0xf4f169e86c9db7174d526c915327986fad97aef8c6ba5d7185bfe57a040b6b7d
2023-03-31 19:51:20,False,0.4721,0.001486,43.6967,0.0649,0x77...872c,https://bscscan.com/tx/0x8af7a33f594fcf1d67262bcc0f6e6ad724da783452960052eb98eaca4219dac4
2023-03-31 19:50:05,True,0.472,0.001494,65.5955,0.098,0xbb...dede,https://bscscan.com/tx/0xd8598a62e140f4ce5e6729aa2e606abfc43c2a5d06b20d0e8a296ce95ccdb64a
2023-03-31 19:48:26,True,0.4745,0.001494,59.6223,0.089,0x28...12f4,https://bscscan.com/tx/0x296dd733affcb1fedfc441b7edc90d7c5b78c8765154d03638d2386e66746155
2023-03-31 19:45:53,False,0.4718,0.001485,350.27,0.5204,0x66...37e8,https://bscscan.com/tx/0xdc591134eae56971554f5bbc176030fdd6deb949c29c41b73917bf82b7247623
2023-03-31 19:44:44,False,0.4697,0.001486,34.42,0.0511,0x67...3305,https://bscscan.com/tx/0x261955b835be9e4b2ce3d8c5229b13043781ba2d42491bbed06e2c6b5bfa4e73
2023-03-31 19:42:17,False,0.4696,0.001486,14.8963,0.0221,0x67...6a24,https://bscscan.com/tx/0x27ba7cbd5974fc80953c21c0fc3a712da927fffe36d6b0af29a8fc3c981e1f13
2023-03-31 19:42:11,True,0.4719,0.001494,20.0,0.0298,0xc8...3c6a,https://bscscan.com/tx/0xae0f449f41b0024c58d60315589f79e315eb02f1bd6f44fd5bcf88fbb7109ed9
2023-03-31 19:38:05,True,0.4744,0.001494,2.0,0.0029,0x72...8f05,https://bscscan.com/tx/0xfd8b59ef1e0101a7d19379484b4e85b3240f4ce589890ed80ec0a2c32aaecb61
2023-03-31 19:36:38,False,0.4697,0.001486,35.0,0.052,0x46...c749,https://bscscan.com/tx/0x8a01f1b534d35536f3d5ab867d72fc1e801c2d7f5eba96f0f98fe2377e2c4898
2023-03-31 19:33:14,True,0.4745,0.001494,2.0,0.0029,0x84...da51,https://bscscan.com/tx/0xd5a593c2de9d403bcf28aa474f7d44c8ef4a25d50c22e0a3ab87464dcc887881
2023-03-31 19:31:38,True,0.4746,0.001494,30.0,0.0448,0x84...da51,https://bscscan.com/tx/0x28b369e294ac7986e97cd52e3e7c422d7e8f1a240b90c1b1d0927e0ffc7d9a36
2023-03-31 19:31:02,True,0.4748,0.001494,21.8835,0.0327,0x3c...f660,https://bscscan.com/tx/0xb22e757b6264fce3e30a3f971bdac392cb8966eccfbd87b7e79ccc84849b8ccf
2023-03-31 19:25:41,True,0.4724,0.001494,91.0161,0.1359,0x69...8782,https://bscscan.com/tx/0x56d6d53227e5096b0228a9d87938d9ae008945df60bb153809485ea9452abe2b
2023-03-31 19:25:26,True,0.4751,0.001494,31.2908,0.0467,0xe6...f0cc,https://bscscan.com/tx/0x25cc0c5a0f3146c06f37e1df491eb358afda58417a7bc8c11550231e34887e46
2023-03-31 19:20:41,True,0.4747,0.001494,118.501,0.177,0x84...da51,https://bscscan.com/tx/0x27cd443c922dc524a6ecfb8b2efc1c4eaf5310578e1d82b1c479414a80d4679a
2023-03-31 19:14:11,True,0.4725,0.001494,131.161,0.1959,0xa7...3b1a,https://bscscan.com/tx/0xc518fb023b294cc2b0374e20a683da7d35252ec0d9b24a10a5fd44d0c4de28b7
2023-03-31 19:11:56,True,0.4748,0.001494,27.2138,0.0406,0xa6...5cc3,https://bscscan.com/tx/0x2b5704980b6d0cb6dcd1a33a85f0fa3bd164c19981feab61db201abad98c0624
2023-03-31 19:08:20,False,0.4701,0.001487,19426.9,28.9009,0x0c...8533,https://bscscan.com/tx/0x8df8ef5cc2c7ffd8a4922f51276d69535becf5020dc97d674af5365bfde2a339
2023-03-31 19:08:20,False,0.4705,0.001488,1147.41,1.70836,0x8b...88f6,https://bscscan.com/tx/0x30c2801a9be7d836465298db8bda01922e14b57da96dbfec1f5d414e2a2678a1
2023-03-31 19:08:02,False,0.4729,0.001489,199.4,0.2969,0xe2...4e95,https://bscscan.com/tx/0x8f5483fe6183a88a8877326d032ea0b0acb5a68d1a43304f03be6debe7783bb7
2023-03-31 19:00:59,True,0.4729,0.001496,24.4431,0.0365,0xb2...e6a9,https://bscscan.com/tx/0x3250e86b4d8b895ba4241f2b5fdc0d4c4bab7286dac872e3909d801f8319d314
2023-03-31 19:00:17,True,0.4753,0.001496,0.0285,4.272e-06,0x8b...6566,https://bscscan.com/tx/0xc92c00540ea8404653af85870ea778b54f9a74a7ba688eea94fbeeb3933d0aeb
2023-03-31 18:56:05,False,0.4707,0.001489,1384.79,2.06204,0x52...1c7e,https://bscscan.com/tx/0x24955cf72f24e5cf96185b70867eae80b76f341b1c96c2768df54ae1dd89b37f
2023-03-31 18:47:32,True,0.4729,0.001496,113.622,0.17,0x83...8a99,https://bscscan.com/tx/0x99e99b5bc2f36abce44d9eef26e2140f9e9428bfdfc5ba7e05a2264196b594fa
2023-03-31 18:41:35,False,0.4726,0.001488,268.204,0.3991,0x7d...0621,https://bscscan.com/tx/0x1ae2235008c009c36ff09d091dcaee43425aab5d6005ad7c56cee0847dc1276a
2023-03-31 18:36:40,False,0.4728,0.001489,73.1736,0.1089,0xe2...bc07,https://bscscan.com/tx/0x1a6e105864f6b5983299cc6f38b40747d4a9db3f2e18268c4641a4b7d0fd7e65
2023-03-31 18:34:01,True,0.4728,0.001496,7.0,0.0104,0x07...eb6b,https://bscscan.com/tx/0x2193a65495b3f673d36d61c1ae6504963a35cfa7ab268b0d61d2deb71b7908d3
2023-03-31 18:33:52,False,0.4704,0.001489,87.9234,0.1309,0x14...9127,https://bscscan.com/tx/0xf980a402664afb7a6d191602e9beab262d0e44e98549eb0a6978309dde1fcd99
2023-03-31 18:33:07,True,0.4728,0.001496,0.6681,0.001,0x36...74c1,https://bscscan.com/tx/0x4221e860bf29403b593ccd77e7c854d87249aa43b35c0c0b7673a86ee7620fd4
2023-03-31 18:31:01,False,0.4727,0.001489,2100.0,3.12754,0x2d...d020,https://bscscan.com/tx/0x3d62b83096cde2a03d96428ac02f5d0bac2af1be32880ebde05c2eac55d4b12e
2023-03-31 18:21:34,True,0.475,0.001496,1373.67,2.05613,0x35...aca7,https://bscscan.com/tx/0xa0ce09feb8d5192fab4094727ef47d38664c11fcbf8d9d7e68c1a000b18b2513
2023-03-31 18:17:25,True,0.4748,0.001496,1043.74,1.56214,0x8f...2e7d,https://bscscan.com/tx/0xa98d8bea51057e321c66b6e2172c543e5f3c0cc2f8b24502d2ada9f5476ecb75
2023-03-31 17:55:52,True,0.4747,0.001496,298.224,0.4463,0x57...0de2,https://bscscan.com/tx/0x3f39519282ddf397f827ab422b49cc4bf79272497f4c61cf846380f387e9e64c
2023-03-31 17:47:30,False,0.4702,0.001489,45.0,0.067,0x33...4da5,https://bscscan.com/tx/0xb0a02835724e498d11e544a3df93c6b200d01a06e6374e27fb21f2e130310b3b
2023-03-31 17:44:03,True,0.4728,0.001496,2338.88,3.5,0xda...c952,https://bscscan.com/tx/0x15c3ddbb856644554b1a302393f8a1eba1734292409b7a45710763875230cdc8
2023-03-31 17:42:30,False,0.4733,0.001488,390.084,0.5807,0xbf...18ac,https://bscscan.com/tx/0x1dcb2b448a7ac1a9315002a78779804a588eb130e86b314f55669749246d23a3
2023-03-31 17:38:09,False,0.4741,0.001488,20.0,0.0297,0x39...3598,https://bscscan.com/tx/0x84cfbb037146f6efd259ef4ece122445199eb83b1b80a6ea2b4eca9af763ea09
2023-03-31 17:37:24,False,0.4744,0.001488,144.116,0.2145,0x0e...2f4c,https://bscscan.com/tx/0x699a4b6b190e8b6a24727546e958ff838ab8ee95073da0ee38d73c9a4dd65d43
2023-03-31 17:33:30,False,0.4744,0.001488,391.0,0.5821,0x27...b78d,https://bscscan.com/tx/0xf464d97a95008eb4c0afaa309a1215a8e2de48084768487d41d068ae10b6d205
2023-03-31 17:29:21,False,0.4746,0.001488,19.3543,0.0288,0x6e...dc86,https://bscscan.com/tx/0x068515e96ca4ae70df43773adab5f2a3b0ccd6a2dd67498de1ead632bd56b5e4
2023-03-31 17:28:21,False,0.4742,0.001488,15.1416,0.0225,0x27...c17e,https://bscscan.com/tx/0x11471791b6a82274ddc4125625e61a39ecaa4549c562a587fb4f6b3755783ec7
2023-03-31 17:27:15,False,0.4749,0.001489,25.6105,0.0381,0x72...62f5,https://bscscan.com/tx/0x0237cc3ed13fc9984038263ecaf49890a2513df222b37b39d7b0a2db0418c555
2023-03-31 17:27:12,False,0.4749,0.001489,20.0,0.0297,0xb6...0275,https://bscscan.com/tx/0x4717c20908f73682070093a5c8b90cab26e398506e3b5eeb9dc6edf90c90717c
2023-03-31 17:25:27,False,0.4747,0.001488,15.1242,0.0225,0x7f...1f66,https://bscscan.com/tx/0xabaac5071781e452ae964d9e24672173548a75080b03d386198d1db2dfa4cafa
2023-03-31 17:25:18,False,0.475,0.001489,40.7583,0.0606,0x27...902c,https://bscscan.com/tx/0x6b3596d863695bc3674a8fc344ce8bd50eddf1f85148e7fe6f143a21b699a68b
2023-03-31 17:19:08,True,0.4774,0.001496,10.235,0.0153,0x62...c88f,https://bscscan.com/tx/0x391a1c3bccc00aae8a3d904280522d9f972ca1eebcff85d89a2582e43ccc8916
2023-03-31 17:14:33,True,0.4781,0.001496,1789.8,2.67812,0x67...b7c1,https://bscscan.com/tx/0x267c4670666340c31b4a562704871ed8ab705365d776e4f01c33adb3a43ddf92
2023-03-31 17:13:09,True,0.4757,0.001496,6.5,0.0097,0xe9...5245,https://bscscan.com/tx/0x1fee45668a003f7d05a723f16f7e86cd7b3baae2f1d951fac5bf2ed9de574cd3
2023-03-31 17:12:32,True,0.4757,0.001496,54.3149,0.0812,0xd4...d5df,https://bscscan.com/tx/0x81077754ed6b511c5a133923788b951dc37ce1c0ef48fbeb2780c32dca17dbd8
2023-03-31 17:09:55,True,0.4781,0.001496,2983.83,4.46391,0x0c...8533,https://bscscan.com/tx/0xb6f2a7f87e1ff64e98767b8d75393bf12b6d89836f8fd219f069cb569a827602
2023-03-31 17:09:01,True,0.4783,0.001495,28.3035,0.0423,0x95...32a8,https://bscscan.com/tx/0x7ff9b9bfb030dd2fcc0a36e9b8456ffcba806b86450ff9d444bf3e9093071bd1
2023-03-31 17:07:25,True,0.4756,0.001495,28.304,0.0423,0xaf...7186,https://bscscan.com/tx/0xa85cf0adbff208a8c9093ab80447d72ad09a524399bfc3c0938c28ffb2127c5d
2023-03-31 17:05:34,True,0.4755,0.001495,28.3057,0.0423,0x18...dad8,https://bscscan.com/tx/0xb4684318e9ecaeb5197d775fd43102389d131e99545f8676e65e1b3657bcd510
2023-03-31 17:04:43,True,0.4755,0.001495,1e-10,1.495e-13,0xe3...30f6,https://bscscan.com/tx/0x12fc8b29d1f1be86dd8c612fe9767b0cd31a4ef454c3b6c3d8fa6df9f8ae1b25
2023-03-31 17:04:34,True,0.4755,0.001495,2340.03,3.5,0x91...79fe,https://bscscan.com/tx/0xd018792dc6a98ef32c69ffaab9f40f4d4d99ea83dd957c56cb8cf3283c3db111
2023-03-31 17:04:34,True,0.4754,0.001495,1672.68,2.50144,0x05...7eea,https://bscscan.com/tx/0x37e7adb108ffbd72470c77e3366cfadd4fd4a54fea87d9fca1dbd9a6e3d310fb
2023-03-31 17:04:34,True,0.4753,0.001495,1673.0,2.50159,0x7a...c707,https://bscscan.com/tx/0xfe1b8abbf69a51871754e93368328a23590b36046cb50f3273f422a0f172b2bc
2023-03-31 17:02:40,True,0.4777,0.001495,28.3201,0.0423,0x5e...0a45,https://bscscan.com/tx/0x193e45c9f3d4cd177963761827f390aef48d86f5567734e1155816ad8be9ab2c
2023-03-31 17:01:28,False,0.4754,0.001487,30.3877,0.0452,0x7a...18c0,https://bscscan.com/tx/0x714266f81f9008e840d8fc862ce06ef5f4686c3ca35720202afb2093b19561a3
2023-03-31 16:55:46,False,0.4755,0.001487,85.4954,0.1271,0xa2...986e,https://bscscan.com/tx/0x065ec6ed7a351c71d13466275d32a9a3075cb4192cdde916b1eb30f293f84ef5
2023-03-31 16:52:08,True,0.4755,0.001495,1508.92,2.25597,0xaf...847e,https://bscscan.com/tx/0xa6b24918d1dbfdf371b56ad1730de003b726dc562e295ba73a7dd29515ce0199
2023-03-31 16:52:08,True,0.4754,0.001494,2341.35,3.5,0xda...c952,https://bscscan.com/tx/0xa39a7b409beeb518521aadc68dc5c804927e68074cb3135344b4f36784293fc3
2023-03-31 16:52:05,True,0.4754,0.001494,474.421,0.7091,0xd3...ec6f,https://bscscan.com/tx/0xa7527721b093c483b44075e7145520e2130e0b5e64df0154a6cb9f322007c5c2
2023-03-31 16:51:32,True,0.4754,0.001494,1086.9,1.62448,0xd3...ec6f,https://bscscan.com/tx/0x58e192240a1830f011da8396c66052d3fba16a54fa2f114faeb87d6fd74856b1
2023-03-31 16:51:29,True,0.4753,0.001494,1086.9,1.62434,0xd3...ec6f,https://bscscan.com/tx/0x618abaafc220a32a0055fb4445aaa1beaa1baaab95132a1c58a25a9bbf092482
2023-03-31 16:51:26,True,0.4753,0.001494,1086.9,1.6242,0xd3...ec6f,https://bscscan.com/tx/0x7a74b59ad806fae032d2aca46f071404f6f702ead8eef50164adff5bc313f74e
2023-03-31 16:51:23,True,0.4752,0.001494,1086.9,1.62406,0xd3...ec6f,https://bscscan.com/tx/0x801ad04a9e978fd82fa5cf088960b4116a3d0bbb5cf63e879eb82b770d108d68
2023-03-31 16:51:20,True,0.4752,0.001494,1157.0,1.72865,0xd3...ec6f,https://bscscan.com/tx/0xdbabc4e251eb56a3138709e550c4448ad1ee414ae16a4e20f6cd0e0b4c6b159d
2023-03-31 16:51:14,True,0.4751,0.001493,2342.9,3.5,0x2f...e155,https://bscscan.com/tx/0x123426a939813566ef4b83a505b9dee9033918738334306d26360cf34b7859e9
2023-03-31 16:50:59,True,0.4775,0.001493,937.725,1.40066,0x34...7c76,https://bscscan.com/tx/0xb107072e58062d04199a3d7d4f8aada6bfcf415ca78c628a364881ede58ec642
2023-03-31 16:50:59,True,0.4774,0.001493,2343.52,3.5,0x0c...8533,https://bscscan.com/tx/0xf68aac8d7fddf9ce75cb4f441286dfe498db5fb9df4ade43c39bd8b282e568f9
2023-03-31 16:50:35,True,0.475,0.001493,0.9932,0.0014,0xd3...ec6f,https://bscscan.com/tx/0x0a156bcad4da297ebb3ddc81001d10844d24a2b03f32bc8bde2cf90f1f59f435
2023-03-31 16:50:32,True,0.4773,0.001493,794.6,1.18657,0x71...69e3,https://bscscan.com/tx/0x891d0b7adcd94a965f4f15a8ad50b7b74b3413b6900d3057341bc8cbde504797
2023-03-31 16:50:29,True,0.4773,0.001493,1165.48,1.74028,0x0e...7558,https://bscscan.com/tx/0x02c914c542bdbf7c2e72e11adaea6126f84257e2813cd5536d8dcabd9efae6f9
2023-03-31 16:50:29,True,0.4772,0.001493,2344.32,3.5,0x2f...e155,https://bscscan.com/tx/0x379b00f02615ce20ee4b4c444a39aa999c4518e07605a052e59b261e9adb6fd7
2023-03-31 16:50:26,True,0.4771,0.001492,1546.1,2.30793,0x82...2196,https://bscscan.com/tx/0xad29ab251ef9fffe3dc00817af4d5df80a18229490fdb11fc628d2102d828469
2023-03-31 16:50:23,True,0.4771,0.001492,2345.04,3.5,0xda...c952,https://bscscan.com/tx/0x450fd7ea0f0f7982db81fc3f3b622ade1769ed56f2ca8e19601a61e5656c683f
2023-03-31 16:50:23,True,0.477,0.001492,1794.34,2.67763,0xf9...5ebf,https://bscscan.com/tx/0xebffb65dc6032dfd89c05de28ef1a955214a0b1d53d0462b921a646d8330c467
2023-03-31 16:50:23,True,0.4769,0.001492,1123.8,1.67681,0x00...78d2,https://bscscan.com/tx/0x6e67f7c09f4d3d081500ae228dac9cffefd04cecfef97d12dd0eff91f1e65b82
2023-03-31 16:50:20,True,0.4768,0.001491,4509.99,6.72781,0xd3...ec6f,https://bscscan.com/tx/0x5edf16ce5815de55cca7ac687fd0e3d4736a6ac0bed59411b45258fdf774f218
2023-03-31 16:50:17,True,0.4767,0.001491,2156.4,3.21597,0xd3...ec6f,https://bscscan.com/tx/0x6feff0a128c76861761600a081de6af5ce662a2d59ca39d633ed1d4a8612607a
2023-03-31 16:47:08,True,0.4766,0.001491,1970.9,2.93884,0xd3...ec6f,https://bscscan.com/tx/0xce413fb79d01f3bb200d53623e5761b67369253d7e7c510fbd74641927c9516f
2023-03-31 16:47:05,True,0.4765,0.00149,2003.0,2.98624,0xd3...ec6f,https://bscscan.com/tx/0x09ff3c4cb29fc75c7aee7e6fc486e0417c7ec34de2d51004f6d0c6518db987b7
2023-03-31 16:44:56,True,0.4761,0.00149,1764.6,2.63042,0xd3...ec6f,https://bscscan.com/tx/0xd0474fbe74f9cefaad1cda960005cb0cdb31409a2cacbcff07142067166b00fa
2023-03-31 16:44:53,True,0.476,0.00149,1232.2,1.83657,0xd3...ec6f,https://bscscan.com/tx/0x71f0706e5bc064a02054bbcf332a98d0f8daf2b51addb81df6fdb8beee883349
2023-03-31 16:39:26,True,0.4738,0.00149,523.0,0.7794,0x33...8082,https://bscscan.com/tx/0x348ab3b6dfc1b95ff0cada8e5641ed3aab33b7cf6933f043544da46f024b01b7
2023-03-31 16:38:02,True,0.4762,0.00149,1797.4,2.67856,0xc1...b919,https://bscscan.com/tx/0x5d4842f6d2a3efa18c612ad69bc9981611d14ac7eb5a1726059f0a218cb6187f
2023-03-31 16:37:59,True,0.4761,0.00149,1147.41,1.70971,0x62...1f10,https://bscscan.com/tx/0x101221916751b69d00ddc44660a81161aaec6269e29dc6aa5e6f88882525de3d
2023-03-31 16:37:59,True,0.476,0.001489,2349.22,3.5,0x2f...e155,https://bscscan.com/tx/0x2e42832d45bb1822c15a22e91a29f21a623eab75c742be9ad778962802639a31
2023-03-31 16:37:50,False,0.4736,0.001482,667.0,0.9887,0xb1...5d33,https://bscscan.com/tx/0xecf8d284b3d5f448d08564456718f13aca11e0ff764cc43551e8e5043c4295d8
2023-03-31 16:36:23,True,0.476,0.001489,2176.4,3.24212,0xd3...ec6f,https://bscscan.com/tx/0x76f31c07527c6b52308389fdb9747891e69ec2e5a1669ff4dd9b7a311dd22b38
2023-03-31 16:36:08,True,0.4757,0.001489,2176.4,3.24156,0xd3...ec6f,https://bscscan.com/tx/0x9adf55450d641813abe857cc8559c1854d07dfe543c2f642a6c58660956a04f3
2023-03-31 16:34:17,False,0.471,0.001481,120.0,0.1778,0x3a...d6a5,https://bscscan.com/tx/0x4560a3ad0b9392c2b17d09a8dc60a369339c277a39aa677b3d675b7e5aa509c4
2023-03-31 16:33:35,False,0.4712,0.001481,245.0,0.363,0x41...3fc0,https://bscscan.com/tx/0xfc381bb84c7b41a29ab4e820441121b48315df9933c5679715340ec94f6f612e
2023-03-31 16:29:23,False,0.4709,0.001481,59.0392,0.0874,0x73...fa60,https://bscscan.com/tx/0xdd227506d4f43c8d4b52c75b32f3db1967c8f4d972b4480ea1ad47d6b52c1b3a
2023-03-31 16:29:20,True,0.4732,0.001489,2308.8,3.43826,0xd3...ec6f,https://bscscan.com/tx/0x5de9a3e21cd72045c120113cf4f9d81a4f8061282ae3e52006f53864121b3591
2023-03-31 16:29:14,True,0.4735,0.001488,2308.8,3.43763,0xd3...ec6f,https://bscscan.com/tx/0x099d925476fb890cfd6ecf1c9db6780a26243b8e9cef1dcc680adea5b3b16434
2023-03-31 16:28:11,False,0.4711,0.001481,193.979,0.2873,0xf5...66ee,https://bscscan.com/tx/0x1558bc5a5ccd808ceeab852d5e656fcc9d84dc9928d6d9d2e1db0429dfc1c735
2023-03-31 16:26:29,True,0.4757,0.001488,1415.3,2.10699,0xd3...ec6f,https://bscscan.com/tx/0xa3d0bd9a6502dfbad9e7e56006114b2b3960177afbc892bc5dfaba85d7edbe18
2023-03-31 16:25:32,True,0.4757,0.001488,1156.53,1.72159,0xd3...ec6f,https://bscscan.com/tx/0x10181db8cd6fbbb3c6ffe7340c4dbd890758152c70e8e1250356b7952ed67ceb
2023-03-31 16:25:26,True,0.4755,0.001487,11110.3,16.5305,0xfc...535e,https://bscscan.com/tx/0x004ec5da56c1f453584161476ed043bba459a75e452a03642e0dfc162a34a35f
2023-03-31 16:25:26,True,0.4751,0.001486,9933.1,14.7666,0xd3...ec6f,https://bscscan.com/tx/0xdbf0f84a9e5aa14e53de3963992b8205d447336f61504981aae5eed6ed5c48a7
2023-03-31 16:22:56,True,0.4721,0.001486,55.75,0.0828,0x82...669e,https://bscscan.com/tx/0x00cc874b5f92b804f41ef961ea5adc5085c81be4648e8710569bf58706da9c57
2023-03-31 16:20:02,True,0.4745,0.001486,191.957,0.2852,0xfb...efd8,https://bscscan.com/tx/0xb5783b6c5dcc25d39599a3948ee98693d38b532cf13e9ec9a598beb24b6b0635
2023-03-31 16:19:14,False,0.4717,0.001477,198.73,0.2936,0xfb...efd8,https://bscscan.com/tx/0x4b6ac7400e6338da729bbf9fc0f10ade0714827582f0b26e978b7f18247723b4
2023-03-31 16:07:40,False,0.472,0.001478,27.6417,0.0408,0xe6...d03f,https://bscscan.com/tx/0xcec641891000cd8ecc207b7a3421372dc35c020861531d2ae5ec75d4c5a6cc80
2023-03-31 16:04:28,True,0.474,0.001485,3578.39,5.31681,0xd3...ec6f,https://bscscan.com/tx/0x06aec721cc8f02b2f5efd87a587077d3cf4df6eb50b99d76589d06dc4a196e0f
2023-03-31 16:03:58,True,0.4742,0.001486,8.98629,0.0133,0xde...367a,https://bscscan.com/tx/0x072858224107cd3c82ea2d0561aeb75918badffac1bf2dce9497780a3a5501d9
2023-03-31 16:02:07,True,0.4738,0.001485,82.5373,0.1226,0x2c...c9c5,https://bscscan.com/tx/0xc9eaf342a2051beb3255b06cfd05005b9846915c568256d82ee87b8b46ac3883
2023-03-31 16:01:58,True,0.4736,0.001484,11903.4,17.6752,0xfc...535e,https://bscscan.com/tx/0x3929f946d0295ed36403a67822077a8b98be6bf0fff7e9daa5fbb8479f6c45f9
2023-03-31 16:00:55,False,0.471,0.001476,18.5578,0.0274,0x38...e026,https://bscscan.com/tx/0x453d807b7bf12366064a5d525951a9b6797ab16bded8fbc3cd1b579ce96d8f23
2023-03-31 15:58:43,False,0.471,0.001476,36.2163,0.0534,0x0d...4533,https://bscscan.com/tx/0xc45b4aa82824a37f1fe809bf252732d9f07a72c869e4f6aea5e2eb9787c81851
2023-03-31 15:58:13,True,0.4733,0.001484,3621.1,5.37364,0xd3...ec6f,https://bscscan.com/tx/0x82e5859c53f96627e78c36e56f817d6b143b5d0de0c6f509f7a03fc0d1997119
2023-03-31 15:58:01,True,0.4731,0.001483,4652.2,6.9015,0xd3...ec6f,https://bscscan.com/tx/0xaf791dacf92ddad906adad305cc2e25edb8ef374f1578fbcab8e889f9bc6ca10
2023-03-31 15:57:49,True,0.4729,0.001482,4575.8,6.78568,0xd3...ec6f,https://bscscan.com/tx/0xda7635ecda7d98adbbbbe146e4eb45229c150d5b9ca804d4181faf1fb9b73817
2023-03-31 15:57:46,True,0.4727,0.001482,4575.8,6.78322,0xd3...ec6f,https://bscscan.com/tx/0x70708e333671100ee3a0d268c89414b6f959c784a0557cd26d3393c1dc58afa8
2023-03-31 15:56:25,True,0.4703,0.001482,353.117,0.5233,0x8b...61c8,https://bscscan.com/tx/0x3558b73329e76478ed3ab57933ff0bdc4740734e189c754275a8afb6085224a1
2023-03-31 15:56:22,False,0.4679,0.001474,172.45,0.2543,0xe0...56f9,https://bscscan.com/tx/0x1b3e446dcdcbd2f4f51b7028346d42a9acd0b4be11a60104d82ad1d879f17399
2023-03-31 15:56:19,False,0.468,0.001474,525.996,0.7757,0x02...38fc,https://bscscan.com/tx/0xe4d23bd8f2709270ac1ba717406e9bbfa62b726fa4679e2e207f6b664dc7825b
2023-03-31 15:46:52,False,0.4705,0.001474,70.0,0.1032,0x2a...bb79,https://bscscan.com/tx/0x53c5ed00275eea862d22d79d1c5a422ee68c03e4b35a95c0b3ece848bd0f7530
2023-03-31 15:46:16,True,0.4705,0.001482,249.633,0.37,0xdd...7820,https://bscscan.com/tx/0x02d3bcb6d169934acacceb9b81053e0bb7032a348ab83c4140b2cc5d184c869b
2023-03-31 15:44:25,False,0.4703,0.001474,119.0,0.1755,0xc1...e91a,https://bscscan.com/tx/0xd2e3350380a574633aadbd1f6e0f4bfcf9f469927eb5bae17bd86755b49cc4f4
2023-03-31 15:42:38,False,0.4702,0.001474,808.0,1.19166,0x20...9e6e,https://bscscan.com/tx/0x22f432e9a8677f59ad505e3ccf71d2585d62514a4eb4bfdfd6bc12833c214118
2023-03-31 15:42:18,True,0.4725,0.001482,15.0,0.0222,0xef...a440,https://bscscan.com/tx/0xa98d5c98282a2c787f20ec2809c8749751d71194837d94e0f97250581dd128c5
2023-03-31 15:38:30,True,0.473,0.001482,939.391,1.39238,0x35...aca7,https://bscscan.com/tx/0x3cc64700dc8cbfa7501ef22618fa088f0d983e1196822d473330c8b67ddaf7a0
2023-03-31 15:37:00,True,0.4728,0.001482,74.017,0.1097,0x13...e653,https://bscscan.com/tx/0x38b72a5dee404dc47aa7c4cc4e75a9b7b8038aa7940a6d984967ee655634b9d5
2023-03-31 15:28:51,False,0.4661,0.001474,135.616,0.2,0x14...d010,https://bscscan.com/tx/0x51f0079e860d620cf7783e5e95dda4cb95a7df487bca642eedc1463cb48d9043
2023-03-31 15:14:12,False,0.4681,0.001474,12.0283,0.0177,0xe5...9788,https://bscscan.com/tx/0x3e1e8e39b6979f17ca2a4445aaa4d1a951c5c3ac9b0a7ada1fd764bd3922c661
2023-03-31 15:06:03,False,0.4655,0.001474,24.0,0.0353,0xb5...703d,https://bscscan.com/tx/0x65885dda540fe996d02f13715e83c657f16845677e68c06ca8c67289c7b48c6a
2023-03-31 15:03:51,True,0.4707,0.001482,33.4224,0.0495,0xc9...3b94,https://bscscan.com/tx/0xc133b78f039d9a19089080e08e067845599dec2092cea77890e821b4f9ccf93e
2023-03-31 15:03:03,False,0.4682,0.001474,13.7562,0.0202,0xb3...a303,https://bscscan.com/tx/0x03ee6c2b1b902cbbbbce571ca3ca2897bc050b04a8807cfebe747f4c038d39aa
2023-03-31 15:03:00,False,0.4682,0.001474,200.0,0.2949,0x8e...1949,https://bscscan.com/tx/0x025a217e024906d6816a5c19303d1ca8fe2bbc4122b3fe6be4c6fe751a50fbf0
2023-03-31 14:53:57,False,0.4682,0.001474,49.9,0.0735,0x3a...863a,https://bscscan.com/tx/0x637e03ef07920411dac311f7b8b81cb9ebbf0ae796722d2ec0eaaf8f9f650edf
2023-03-31 14:48:45,False,0.4659,0.001474,16.89,0.0249,0xc8...60f7,https://bscscan.com/tx/0xae4c07fca78fa2c9c9708fc38c7ce8685b4f24ccf53a2370b0281a7d884b82cf
2023-03-31 14:44:03,False,0.4685,0.001474,400.0,0.5899,0x8e...1949,https://bscscan.com/tx/0x5eb2fd97f6a741f5ceba7841ffb7e4e6af6cbf41b74e33faaed9630a871742f0
2023-03-31 14:43:06,False,0.4656,0.001474,635.946,0.9379,0x14...d010,https://bscscan.com/tx/0xb0329c25d5516f27498bc54910f81286ece77291778dd72d7f4472cfade1925a
2023-03-31 14:41:30,False,0.4679,0.001474,259.19,0.3822,0xf7...d760,https://bscscan.com/tx/0x436c6dd736a65b6e8243d18ac924fc0efbf838e159179b05dfc92844833142e7
2023-03-31 14:22:52,False,0.4646,0.001475,19.9167,0.0293,0x0d...4533,https://bscscan.com/tx/0x61080e999b5661244d2891b096d493ab4d385855533720164f0cf1e498e401bb
2023-03-31 14:15:01,False,0.4649,0.001475,265.0,0.3908,0x9f...5f04,https://bscscan.com/tx/0x6ac3fa63b22d72ba18e5a4f990195f7757c2289c5a8efa18e2caac5a82590938
2023-03-31 14:02:35,True,0.4675,0.001482,561.233,0.8319,0x46...723d,https://bscscan.com/tx/0x73ad311958951c48291130a8fc18d03b5907666c1ca1a56e797db82a7b2b263b
2023-03-31 13:59:49,False,0.4651,0.001474,101.0,0.1489,0x6f...ed3a,https://bscscan.com/tx/0xdb9da9108070e16ca3b2d99db98b4118ecb6bfa8bff9931deb011c4f8b4420b6
2023-03-31 13:54:31,True,0.4699,0.001482,13.8556,0.0205,0x38...cbbd,https://bscscan.com/tx/0x63f2fccf2ddfd713872bfff69633448d2a29059a4ce45c66069765e81b96c331
2023-03-31 13:48:19,False,0.4653,0.001474,40.0,0.059,0x73...4ee9,https://bscscan.com/tx/0x6d00fa598fd87cc4790306b984d7262e9580e6092cab0c553ad2e6dcbccd0839
2023-03-31 13:44:55,True,0.4701,0.001482,380.258,0.5636,0x96...4df6,https://bscscan.com/tx/0x5e3825a2fa4d164dc7c0beaf0f9f7edf83bfae43f5b857619e18800295cdb626
2023-03-31 13:44:40,True,0.4701,0.001482,51.299,0.076,0x5c...a358,https://bscscan.com/tx/0xb34b4a9476a9f9c7d630b1c1ca106406bc1fa53a12f6dacb83fb70c7ba8d2026
2023-03-31 13:42:19,False,0.4677,0.001474,22.43,0.033,0x73...4ee9,https://bscscan.com/tx/0x2bd654a5a82480bc4b7bfc1741bdf4b09e38b0eee54fa99c28ed4b6c1e30352d
2023-03-31 13:26:07,True,0.4679,0.001482,49.0355,0.0726,0xf9...95fa,https://bscscan.com/tx/0x45d2e8a759fc50c0e02b287467507310e2abb69528b132d082270f0c8b519a44
2023-03-31 13:25:16,True,0.4679,0.001482,37.0775,0.0549,0x6c...19c0,https://bscscan.com/tx/0x5859072213b294a5c10c6d98c546a45d3cfbaaff832aa8a0933a1defc5c632d7
2023-03-31 13:24:52,False,0.4681,0.001474,19.7672,0.0291,0x2a...dc7e,https://bscscan.com/tx/0x8b9e4c19641c1731bd75de1c922fd47790ee3b3c43e835089f261e61b310e428
2023-03-31 13:18:13,False,0.4679,0.001474,10.0,0.0147,0x42...21fd,https://bscscan.com/tx/0xb2ceed39504bc0c20d3ac688cd52b4f648b2e2ca93082192394e764b83457044
2023-03-31 13:07:08,False,0.4679,0.001474,49.7267,0.0733,0xf3...babe,https://bscscan.com/tx/0x86b94e0f19bf4ae038cbabbfbdcf2b8ae725b016017871a7313dff4b4183fb69
2023-03-31 13:06:23,False,0.4657,0.001475,1206.53,1.77958,0x29...e8d2,https://bscscan.com/tx/0x925de4aea791e8880a6cff7b2b5875afd4ff7d5e787a4b8a73f677d0465f1ee4
2023-03-31 13:00:47,False,0.468,0.001475,122.221,0.1802,0x42...21fd,https://bscscan.com/tx/0xcfe9a041163fdd223e1448cd4ef97af79128cdad258544dc5f1ad0811c2fad53
2023-03-31 13:00:17,False,0.468,0.001475,6.77948,0.01,0x42...21fd,https://bscscan.com/tx/0x32289e396332f5c3305236e90a8e97c090849bc6944f7a2f7e27ba139aad3c26
2023-03-31 12:57:44,True,0.4702,0.001482,8.0,0.0118,0x73...309b,https://bscscan.com/tx/0xe88aaf8d97d8fc603ed76df1f1cb30041cb8c43291ff5ac77d84bcd2380f3006
2023-03-31 12:52:23,True,0.4701,0.001482,1.0,0.0014,0xe0...99f6,https://bscscan.com/tx/0x4d1e68d43f3083b1b31336181c12e6789aa4316c99a65af305e827566df21fc4
2023-03-31 12:50:56,False,0.4675,0.001475,134.879,0.1989,0xb2...1fdd,https://bscscan.com/tx/0x651c188ff3603d9c2abad26dbdb9db3c247a454327930f7a3b675836632bb5b7
2023-03-31 12:42:20,True,0.4704,0.001483,0.0868,1.287e-05,0x45...d0a9,https://bscscan.com/tx/0xf794381e6f61257542ac8e4aede58043859ed4040396c54c6b8f33f4ef85db31
2023-03-31 12:40:16,False,0.4653,0.001475,6.373,0.0094,0x2a...6167,https://bscscan.com/tx/0xc00087c9cc5f95497b1b061f77c3beb0101caee12eb30f601e4c7e399dac65d8
2023-03-31 12:38:31,True,0.4678,0.001482,54.5643,0.0808,0xd6...1394,https://bscscan.com/tx/0x13188892e2ec96ed272b3b7a91413283cd2dfb598332b3ebcaa711d30009f905
2023-03-31 12:31:43,False,0.4674,0.001475,29.2949,0.0432,0x63...57d5,https://bscscan.com/tx/0x5b18d31af0eb5726a4d7812ef5ecde3513d2880d1bbfd6873a792a8c0dee3e9a
2023-03-31 12:31:10,False,0.4674,0.001475,68.597,0.1011,0xfe...c34c,https://bscscan.com/tx/0x2c27de8a876437c59b55295b6d725fd2ba84c8f4c91616a8fa19f8230ec08536
2023-03-31 12:26:43,False,0.4671,0.001475,6.99248,0.0103,0x9c...28a2,https://bscscan.com/tx/0x95976ed03cde4f1444caf41936b171640e4fdcdb5816fcd184dcdf2772f5f2ce
2023-03-31 12:20:28,False,0.4648,0.001475,34.5551,0.0509,0x86...d630,https://bscscan.com/tx/0x903d9b199500a6332f2570cbf46633c4d87584bd265c7cb06c013d01648075b4
2023-03-31 12:18:28,False,0.4649,0.001475,33.4986,0.0494,0xfe...c34c,https://bscscan.com/tx/0xe04df80a2537322e04cf6aa4a56352c6c17b957c11acb5e28eef1fc5991376c2
2023-03-31 12:09:34,False,0.4649,0.001475,2422.4,3.57355,0x00...78d2,https://bscscan.com/tx/0x91d76fbdeb092ce1dc44ae17bb0e8070aec2f1d4400ac06356fffb18e60034be
2023-03-31 12:08:13,False,0.4673,0.001475,3075.45,4.53792,0x00...78d2,https://bscscan.com/tx/0x443ec7256e77571496dc3e61d0035abe7ba960a1b4d95d418a4e11f07ecb39dd
2023-03-31 12:08:10,True,0.4697,0.001483,1252.27,1.85716,0x3c...473a,https://bscscan.com/tx/0x5302ff556592c3b59d4e5d2562338928cbdb35fd1bb9688a90ff7a5e8267f103
2023-03-31 12:06:13,False,0.4649,0.001475,4286.56,6.32617,0x00...78d2,https://bscscan.com/tx/0x343bec1eadb9e38e8311ca37cc7f66977cfda5796559ea73e7be26863dff410f
2023-03-31 12:04:22,False,0.4649,0.001476,226.0,0.3335,0x40...d822,https://bscscan.com/tx/0x2f022c8bde84a109846a807ff011018a619dbc9ce0e767887fae79e85729d20a
2023-03-31 12:03:07,True,0.4696,0.001483,15.8381,0.0235,0xdd...93de,https://bscscan.com/tx/0x5c07435437c50c38e234ad2451b75f0dc88115007cc8215a78c9cc43e5b9d280
2023-03-31 12:02:17,False,0.4672,0.001476,356.0,0.5254,0x7a...c707,https://bscscan.com/tx/0x6683aa790e07a85ec1be289fb73270290f98b4a1c212de4d10274830690419a1
2023-03-31 12:02:14,False,0.4672,0.001476,414.6,0.612,0x00...78d2,https://bscscan.com/tx/0x238f428f2b1ed0ad0db4e72b026d35f5b300cff99b65457ac6241ce8777cb28b
2023-03-31 12:00:34,False,0.467,0.001476,18.0167,0.0266,0x7c...fe46,https://bscscan.com/tx/0xee8a1a7eb3daf52b528505cf125b149fab612092859b311face80b43ffcf91f0
2023-03-31 12:00:22,False,0.4671,0.001476,2788.3,4.11649,0x00...78d2,https://bscscan.com/tx/0xe20bc7b43cc6bdf9fba8bb1ebc27ea78c57048abfd251e7be57b9d6e862699d5
2023-03-31 11:58:01,False,0.4647,0.001476,673.0,0.9937,0x53...6615,https://bscscan.com/tx/0xd2e09ac09ed3d612ed8c29b8be683150ecb05dcbc02748d37db70a49e13f5113
2023-03-31 11:56:31,True,0.467,0.001484,75.4415,0.1119,0x5f...b08e,https://bscscan.com/tx/0xa32d54549bc413c7e39686e5983c7f96420edf39c2c988bd29e292c7c0e88ef8
2023-03-31 11:56:04,False,0.4671,0.001476,4297.13,6.34612,0x00...78d2,https://bscscan.com/tx/0x2613327e7b1a2872ff1cd271aeffce9791d98391a3a58d134e31c8822e43f3a2
2023-03-31 11:55:49,False,0.4672,0.001477,1697.49,2.50749,0xb0...a41e,https://bscscan.com/tx/0x1ce0e21924ae2e7489f3753903ef24e7f0a35abace446a08c4983b774de04928
2023-03-31 11:55:49,False,0.4673,0.001477,4287.92,6.33551,0x00...78d2,https://bscscan.com/tx/0xd56def92701c6fceeb563a8d36d1e1f8b05c585df4d6e90d4110e128dcbb3ddc
2023-03-31 11:50:07,False,0.4648,0.001477,22.8934,0.0338,0xbf...0e17,https://bscscan.com/tx/0xe2d97416b3cb8b54da431383630c55a47a851f1ad1f7d7f2ad39ba883659da65
2023-03-31 11:47:58,True,0.4694,0.001485,190.483,0.2829,0xe2...5fb7,https://bscscan.com/tx/0x0511f535cfc6909e9e3863044bf7af716cd6a3f8ba1af3a4569ee3027d253e61
2023-03-31 11:42:58,False,0.4657,0.001477,2127.01,3.14347,0x5e...1999,https://bscscan.com/tx/0xb442860cc9a07c8006092deab62c204f3db57bb09f5c2927a6c0d75d1ce95926
2023-03-31 11:29:46,True,0.4678,0.001485,80.7853,0.12,0xc8...7a14,https://bscscan.com/tx/0xe6664de8f52c37c321646ebfc30dc9f3edf300e99be30f56236c2bcbde2633b7
2023-03-31 11:29:43,False,0.4654,0.001478,23.0041,0.034,0x40...d822,https://bscscan.com/tx/0xba90c0f95dc644cf4d36bc6c554bf1bb31b205e66ea119961e26e4b9e86cd559
2023-03-31 11:27:43,True,0.4702,0.001485,53.5449,0.0795,0x2c...c9c5,https://bscscan.com/tx/0x28b3e848c82c15a88ca974095ab3daf3a9d9649cf5447724e8c6bf4161aefcc7
2023-03-31 11:15:31,False,0.4677,0.001478,2.87142,0.0042,0xb4...07a7,https://bscscan.com/tx/0x375beabc5fdd2f26051c3e63938863f1d2ef1236c09cb6dca4eea2295eb390b8
2023-03-31 11:15:25,False,0.4654,0.001478,175.995,0.2601,0x40...d822,https://bscscan.com/tx/0xa028f598e205c2ff480d84780972b7d6ce6d3375a85ceac010598e3b1a0df039
2023-03-31 11:13:46,False,0.4678,0.001478,3274.1,4.83979,0x00...78d2,https://bscscan.com/tx/0xca48e92aff20d73456f97a9cda1bc770798bc95e6551f43988952a33641ffe17
2023-03-31 10:56:07,True,0.4668,0.001485,10.3698,0.0154,0xe3...18b9,https://bscscan.com/tx/0xddfc621d05af6d164d04089c080f0262da5d872f6e3af577aeff7800f91a6253
2023-03-31 10:55:37,False,0.4647,0.001478,111.74,0.1652,0x80...8892,https://bscscan.com/tx/0xda458722bc44225627fee0b4c3df23456bd9c31022aee6b12beae0a5b9534b3a
2023-03-31 10:54:16,True,0.4694,0.001485,50.0,0.0742,0xef...a440,https://bscscan.com/tx/0x5c446b6a807a64818629036d5b3509dea6de43eda276ef2c6b51c8350f97e558
2023-03-31 10:50:13,False,0.4647,0.001478,15.0483,0.0222,0xd5...c1ea,https://bscscan.com/tx/0xce0fcf0daf427e03b9f32b6fe22c68ffb6b9ba6384f79d25c18d06edc5452bc5
2023-03-31 10:49:10,False,0.4646,0.001478,10.0,0.0147,0x7d...a2a7,https://bscscan.com/tx/0xe5eb3d2f61b32fd19f2e91df0e0352644b2f1878b52b567b0b4a5c0828942aa6
2023-03-31 10:47:55,True,0.4669,0.001485,5.0,0.0074,0x1a...3493,https://bscscan.com/tx/0x9d0526a35010dc8899d515c64951cc1c8bd6875fa7bc0b2d413551b336d906d1
2023-03-31 10:43:22,False,0.4643,0.001478,1039.1,1.53627,0x00...78d2,https://bscscan.com/tx/0xcae6fb5cac35f9136bb35f333eb543c00c3757edc761a5e0b338b4c093c687a3
2023-03-31 10:39:40,False,0.4664,0.001478,308.92,0.4567,0x34...99dc,https://bscscan.com/tx/0x7e8a5f2d44b48be3971c41bc63b9aeba37a030acd10320a22f007fa85e53c1f5
2023-03-31 10:38:25,False,0.4662,0.001478,4305.02,6.36632,0x00...78d2,https://bscscan.com/tx/0x792442ec4724ff898c06ef08c7665712c014c75eb8754c8582cf33e59cba1d19
2023-03-31 10:38:04,False,0.464,0.001479,1349.7,1.9964,0x00...78d2,https://bscscan.com/tx/0x3b381f7c7e91548ba38eefdb14c71bafbe55c81c7e191670bc114cc5f858bbd7
2023-03-31 10:37:58,True,0.4663,0.001486,18.1388,0.0269,0x52...8d7e,https://bscscan.com/tx/0x1b8de8932595ebd44b56a499a182a7b56068b8fbf2965c97643f86cdb943956f
2023-03-31 10:37:40,False,0.464,0.001479,60.142,0.0889,0xe9...d838,https://bscscan.com/tx/0xc7a9cb3f40c78c38a8add408fbd3c0e1b0ecc40ee6da3292537373c99b92fe0b
2023-03-31 10:31:58,False,0.4639,0.001479,3403.17,5.03475,0x00...78d2,https://bscscan.com/tx/0x6fe6a1d48021cf0f5ba8048fc43c6247dcd64bf89c42eddb228847bcbdebfab8
2023-03-31 10:31:52,False,0.4641,0.001479,4305.02,6.37091,0x00...78d2,https://bscscan.com/tx/0x455157c096751dba2fd0b55b3132456906d466dbb75c4f4befe599d89ed9d921
2023-03-31 10:31:52,False,0.4641,0.00148,1016.47,1.50457,0xb0...a41e,https://bscscan.com/tx/0xef3ee2b13a98576e0775828b507e839d4f8bab1b09e14f3797f62e4f8bd50171
2023-03-31 10:31:49,False,0.4642,0.00148,998.5,1.47809,0x00...78d2,https://bscscan.com/tx/0x2f8faf9ba39df419570bff2b5331a183d308df28b3c30b920775a03a34fc6758
2023-03-31 10:31:46,False,0.4643,0.00148,3118.61,4.61726,0x00...78d2,https://bscscan.com/tx/0x962501bcb184cbf51d3b29c36c1416dafa853919c331613aa7670c7c6ff95e7c
2023-03-31 10:31:43,False,0.4644,0.001481,4600.0,6.81261,0x83...6678,https://bscscan.com/tx/0x22d3d8578325d39b225b86cacf063b3690a500377bacdc6f96a8295e02eed5a3
2023-03-31 10:31:19,False,0.4668,0.001481,873.151,1.29342,0x16...65bf,https://bscscan.com/tx/0x3d7c9ff0ace600e672c067601e2ffbeefba05e411f2e38ea5ebec9bdd7e192fb
2023-03-31 10:30:55,True,0.4692,0.001488,208.852,0.3109,0xa9...9cd4,https://bscscan.com/tx/0x07551c90ed008727d1303392d4e4ca1eebb861e3c87b04b10db8b0c1601ae961
2023-03-31 10:30:20,False,0.4646,0.001481,4830.0,7.15629,0x83...6678,https://bscscan.com/tx/0x0ffe17dc3bcda83c5e1a411eb2b8c834b27e2634ff294785ea327593802ffd48
2023-03-31 10:30:20,False,0.4647,0.001482,4057.13,6.0133,0xb0...a41e,https://bscscan.com/tx/0x77370bde780c821820f4de44af4007381b6263a8cc40c5f320cb6a0f230a77f8
2023-03-31 10:30:11,False,0.4672,0.001482,3660.0,5.42635,0x83...6678,https://bscscan.com/tx/0x03f273e95c5a11bd9ae7b5118f70d5e620dcf06fdeb20a42ed15e000cc6feb86
2023-03-31 10:30:11,False,0.4675,0.001483,9459.34,14.0318,0xb0...a41e,https://bscscan.com/tx/0x384ec9c95982bc7f227227cbd4f6c81c916cf59c6e0e2dd2873064aaa7ece1b0
2023-03-31 10:29:59,False,0.4677,0.001484,3193.45,4.73948,0x00...78d2,https://bscscan.com/tx/0xd41ae234c1e25b5f72f27ba73742462d38529135ac260316d474c6e2ae838f54
2023-03-31 10:29:53,False,0.4678,0.001484,4278.75,6.35207,0x00...78d2,https://bscscan.com/tx/0x9a4a46992a0b5857dcdd357169a857a1ac824314095ecc2b3972ef5914f7097c
2023-03-31 10:29:50,False,0.468,0.001485,5770.0,8.56934,0x83...6678,https://bscscan.com/tx/0x6dc59fdc21fc89e2de374c431718636c0c48bf7ab563a10fac9e4df4cf7bb0cc
2023-03-31 10:29:47,False,0.4682,0.001485,1012.31,1.50384,0xb0...a41e,https://bscscan.com/tx/0x7fc8402e3430eac6059cd9be3a7c56723859f36b9fd30923d6451a1fd174c67d
2023-03-31 10:29:47,False,0.4682,0.001485,2554.4,3.79523,0x00...78d2,https://bscscan.com/tx/0x9e410ef1e14cb41cca9c21549a19fa05a5bc8bf572b70db828839247f71cda52
2023-03-31 10:29:41,False,0.4683,0.001486,1973.1,2.93209,0x00...78d2,https://bscscan.com/tx/0xc612952cb6638de4f8339994c498b21065601433c04c9b80d2a1d1bbbf6c2023
2023-03-31 10:16:26,False,0.4661,0.001486,20.0,0.0297,0xff...a96e,https://bscscan.com/tx/0x18af6d897298b96dc1cf54af3cd0764cefcc726ccc51ecd5b85637678547072d
2023-03-31 10:03:14,False,0.4688,0.001486,203.093,0.3018,0x0a...7ca2,https://bscscan.com/tx/0x8a37975d5e0cf27157af8a9803b093ad8d9ad97a8052396adcb8d4a298bc5408
2023-03-31 10:02:14,True,0.4708,0.001493,249.589,0.3727,0x3f...66aa,https://bscscan.com/tx/0x832323da1d805783bb48d3423499ba7d0f4acc85ac7593b1055e4a809c2cd6d1
2023-03-31 10:00:32,False,0.466,0.001486,89.2722,0.1326,0x73...bd63,https://bscscan.com/tx/0x05f9da6f54605edb49562f3901a4b0eae3b4b5c0f2c92eff2fe75a06b7ee39f1
2023-03-31 09:58:08,True,0.4709,0.001493,15.0,0.0224,0x1a...3493,https://bscscan.com/tx/0xeecc0b87da2c28c257f99e99e105bbb602ab1fd1908b3b09fbb7120f3e2566e2
2023-03-31 09:41:41,False,0.4652,0.001486,3056.45,4.5429,0x00...78d2,https://bscscan.com/tx/0xf94a1999c36af4e3d151945df10a601485458adc758473f1dae66a116db23942
2023-03-31 09:40:11,False,0.4661,0.001486,76.4677,0.1136,0x08...3c38,https://bscscan.com/tx/0xeaa3f5114a7d6f17fac37e86e2c281109d21a54ec981ec4c723a37bfc4f1dec8
2023-03-31 09:39:47,False,0.4663,0.001486,76.4677,0.1136,0x08...3c38,https://bscscan.com/tx/0x63f996917e65327dfb41b585233ef65489f36a5ffc1ecb6e4bf91335e716b39f
2023-03-31 09:39:32,True,0.4712,0.001494,31.2666,0.0467,0xc5...2dee,https://bscscan.com/tx/0x1566e1ea83409aca4524a9d8f40d6d90ce958b75032098635c6a46ae606ef81a
2023-03-31 09:35:29,True,0.471,0.001494,10.6041,0.0158,0x4b...5b30,https://bscscan.com/tx/0xe204aa4e1d3ba3fa480022354b9139f00862f8f6377dafd54282fafb47a2f984
2023-03-31 09:31:14,True,0.4712,0.001494,33.1581,0.0495,0xc9...3b94,https://bscscan.com/tx/0x04580e071605f78272df5453d9a6b7bc7cc27173816d7b1a8ab771b2eaa031af
2023-03-31 09:30:44,True,0.4709,0.001494,2.0,0.0029,0xd2...9584,https://bscscan.com/tx/0x6cd95f6f5133d7ee420ba88b19e510f51c9092565153b9886f65356cbe6ebf52
2023-03-31 09:28:23,True,0.471,0.001494,125.0,0.1867,0xa4...4ad0,https://bscscan.com/tx/0x1114c1670d4d05e67ed47ac6394449255024a5308903248ec212aeebd00fcc74
2023-03-31 09:25:38,False,0.4687,0.001486,2762.0,4.10618,0x00...78d2,https://bscscan.com/tx/0xc4f156f0ad18eea3c8059224d9102f8f9092dec0e2084a622231e6f434d2f19d
2023-03-31 09:24:44,True,0.4714,0.001495,2.6521,0.0039,0xe3...4802,https://bscscan.com/tx/0x3c5e5b16341842fe57d83fa47631076f284b1e3ef4f21ae8b62e044f0a76cc20
2023-03-31 09:24:35,False,0.4666,0.001487,2134.6,3.17406,0x00...78d2,https://bscscan.com/tx/0x1232817afd2b65f5e3c46cd955fbc104a2beb9e9984f63de59766ab643bd7527
2023-03-31 09:16:08,False,0.4687,0.001487,2825.3,4.20193,0x00...78d2,https://bscscan.com/tx/0x482ace908021d1e0234ed78ca13e8184e45f277fb78a508e2d6168c1338ab159
2023-03-31 09:12:12,False,0.4712,0.001487,4259.17,6.33624,0x00...78d2,https://bscscan.com/tx/0xf48d6ee7ae9a62b509943da4ae7a4d701283965427212c969f1b20599414daca
2023-03-31 09:10:46,True,0.4713,0.001495,21.1285,0.0316,0xfa...8ddd,https://bscscan.com/tx/0x56243b74d720522bc2879dc5a0c03d042fdca5851dd86dbb0dbc553ce8dd3b05
2023-03-31 09:09:33,False,0.4713,0.001487,530.3,0.789,0x00...78d2,https://bscscan.com/tx/0xc740acf2595fb486292a32f1b47a61d0f128d7615f90084f5c3070466f9445ba
2023-03-31 09:09:30,False,0.4713,0.001488,450.6,0.6705,0x00...78d2,https://bscscan.com/tx/0xc0a3532d1ed92349a536b87f141395ddfb3e1414ef36b46b8ae5c3b84bcffa4d
2023-03-31 09:09:24,False,0.4713,0.001488,2121.6,3.15728,0x09...18f7,https://bscscan.com/tx/0x8e9b54bb95fdb9891433a6dc1887dce80c60326eaaa92f5e6b0af9fa9dd42a00
2023-03-31 09:06:45,False,0.4713,0.001488,629.9,0.9374,0x00...78d2,https://bscscan.com/tx/0x3a2777ddf9709a9e4a097582febe41b7fe8f8548f736d949be3f35fec64ea5ab
2023-03-31 09:05:00,False,0.4713,0.001488,622.5,0.9265,0x00...78d2,https://bscscan.com/tx/0x403b251d1497cee3f645feaafc8f71b4d88b097024a4fb9f1d1e63ca91f6fde9
2023-03-31 09:04:24,False,0.469,0.001488,309.794,0.4611,0xa4...4ad0,https://bscscan.com/tx/0x5dc88d74259582e19a489cc854175a3de04a69633043a1b88c15bbeb1a6059db
2023-03-31 09:04:24,False,0.469,0.001488,552.9,0.8229,0x00...78d2,https://bscscan.com/tx/0x6ad5fb1e4d8614bdf65075caea731f2bf9192f89a1875810d87ba24803a528f7
2023-03-31 09:00:51,True,0.4737,0.001496,2.00534,0.003,0x1a...3493,https://bscscan.com/tx/0x2317304f04089b983ee88e014d962b3e1548ac830556edda3e9b026a8cfc69f9
2023-03-31 09:00:03,True,0.4713,0.001496,6.0,0.0089,0x0b...049b,https://bscscan.com/tx/0x7bb866ba7533e375c7bde35bace125a4646f3a58711a88a41377ebaf094691ac
2023-03-31 08:56:00,True,0.4714,0.001496,4.5,0.0067,0x61...5b0f,https://bscscan.com/tx/0xd4edaae79e1fb4f73bfecda95a1d0e52349d6af54e2cce5e82e18845cff7493b
2023-03-31 08:55:27,False,0.4714,0.001488,27.5725,0.041,0x3c...cfd2,https://bscscan.com/tx/0xf90668e8e42360ac875df1687dc95a2ba7e7d905eebda4f7bd445f82f271bf9f
2023-03-31 08:53:33,False,0.4691,0.001488,1433.1,2.13333,0x98...5cc4,https://bscscan.com/tx/0x1555c1d11defda8a4fc023799f47aaf7c0e8e9df8a1b690afdb59ad4c1ee38a3
2023-03-31 08:53:33,False,0.4691,0.001488,6.75687,0.01,0x76...d234,https://bscscan.com/tx/0x4f8532682cda46e796c3225ddc627a07b03aa79d76b666a4d1ab4efa42142428
2023-03-31 08:47:06,False,0.469,0.001488,105.03,0.1563,0x4d...69df,https://bscscan.com/tx/0xec6cb607ae480009a75321d386c8d6a0864545b3077e100aead3c66ea8f34006
2023-03-31 08:43:51,True,0.4711,0.001496,5.4,0.008,0x17...1f22,https://bscscan.com/tx/0x71ac3ffd8088904c8fe3f00d3f220bd9540724f1248349e8aad1ab4e72d79eab
2023-03-31 08:42:00,False,0.4713,0.001488,1179.44,1.75594,0xd3...ec6f,https://bscscan.com/tx/0xc78319efaea264bddd05e581ebf7662985d3c2bf3a65b9dc9a8e1d22ebb6b29b
2023-03-31 08:40:44,False,0.4713,0.001488,80.0,0.1191,0x7c...a23e,https://bscscan.com/tx/0x8c85db8a30b2036324f11ac802dcda0694ab14b1f40db1f6e8ee4615a0805f68
2023-03-31 08:40:15,False,0.4713,0.001488,1047.02,1.55893,0xd3...ec6f,https://bscscan.com/tx/0xcf4ebf1a53817eb4a7f5ef4e64e87ec012ba709b25dadcb34efcd90e5cecf8e2
2023-03-31 08:39:46,False,0.4714,0.001489,1075.65,1.60171,0xd3...ec6f,https://bscscan.com/tx/0xa9787152757f5537c1aee8fbcff7da329c01ab3f826d0e022fd6551d13fa90f6
2023-03-31 08:39:43,False,0.4714,0.001489,1075.56,1.60171,0xd3...ec6f,https://bscscan.com/tx/0xf4f9203ac196e5c445e72335a8b0f604c233e2ddd3d618b41a0718cd364647cd
2023-03-31 08:37:28,False,0.4714,0.001489,84.2113,0.1254,0x5b...99b6,https://bscscan.com/tx/0xa2f238128c51d300c2b2f272f9f05f1eb38fc8a9ed1f684567aa31f06fe8c4bc
2023-03-31 08:31:07,True,0.4736,0.001496,84.3947,0.1263,0xea...fe5a,https://bscscan.com/tx/0x9c3b5f409f271a3886e844b72c2f1138a401aba33d005f7889a2f2c91c1bae5a
2023-03-31 08:27:07,False,0.4686,0.001489,34.23,0.0509,0x83...eec2,https://bscscan.com/tx/0xb520fa3e40aacd1f39a593b98b8e6e16185e35cc55de2f6be88556e0563ac0b7
2023-03-31 08:27:04,False,0.4686,0.001489,2049.42,3.05234,0xd3...ec6f,https://bscscan.com/tx/0xaa9bb75a62b24aba017f502514b21dc63f0f27b14181c6aad7bbee0497dfb5b5
2023-03-31 08:24:52,False,0.4711,0.001489,1424.28,2.12157,0xd3...ec6f,https://bscscan.com/tx/0xbe571d30b97a38d9e9873402ecb2912c99d0abc2924897f9a2f0460fd9ccef74
2023-03-31 08:24:49,False,0.4711,0.001489,1424.12,2.12157,0xd3...ec6f,https://bscscan.com/tx/0xf3ca5fcf39d4be2892b4f927971dd8c176bd09f78eb7e3ec0e164cd82626f249
2023-03-31 08:24:46,False,0.4712,0.001489,1423.96,2.12157,0xd3...ec6f,https://bscscan.com/tx/0x87b66ea63aa0bb6b55b901a7bcfed53c64037330a0a9c16b32a268ff48cbc79a
2023-03-31 08:20:31,False,0.4717,0.00149,791.545,1.17944,0xb2...6c8d,https://bscscan.com/tx/0x511280ffa6edf4d38324eea5e2f31896eb1170caa864b77cad6b5885b2fd793c
2023-03-31 08:20:04,False,0.4694,0.00149,85.1959,0.1269,0xb2...6c8d,https://bscscan.com/tx/0x16e56f85a80a1c1fe74417dc18dbf26bd51bd16adf9ebdded8c7b5f095f87432
2023-03-31 08:14:58,True,0.472,0.001497,31.1172,0.0466,0xc9...8272,https://bscscan.com/tx/0x035192245c05958ce6e5f795192023a586b18fdc3316905c3cb69ff5dddb2164
2023-03-31 08:13:34,False,0.4721,0.00149,619.0,0.9223,0x37...1b56,https://bscscan.com/tx/0x1810cc77aa2b04ffb7e514a76192e5eeb9f8b9b908e93e9a9ad4943ddc223507
2023-03-31 08:00:31,False,0.4719,0.00149,35.6021,0.053,0x4d...bfea,https://bscscan.com/tx/0xc888e74349a0509dc65f312cde7d54cfc95399cbbf8cb0125637d8cc9c484540
2023-03-31 07:59:10,False,0.4719,0.00149,28.5165,0.0424,0x07...be2a,https://bscscan.com/tx/0xc36ab8b2196b7a2698efa7d1ec2a597c3a47723d11f390477c475fa4cfe8b346
2023-03-31 07:56:52,False,0.4698,0.00149,13008.3,19.3947,0xfc...535e,https://bscscan.com/tx/0x2655488a88a1570099402797851c887226ab8e7776d3dd8ee3a15b7dd002cde3
2023-03-31 07:56:49,False,0.47,0.001491,848.28,1.26544,0xd3...ec6f,https://bscscan.com/tx/0x6565ce6bc5c81e953f422b2a5f91c79f06b7496a5605f788ab6e4bdaaae75ab2
2023-03-31 07:52:40,True,0.4733,0.001499,2.0,0.003,0xf6...0734,https://bscscan.com/tx/0x70c433142a5b31b0bcf2d6384640bedf056f17bf6010c5dee3e9d9c62ad2b32f
2023-03-31 07:52:28,False,0.4735,0.001492,7083.04,10.5696,0xfc...535e,https://bscscan.com/tx/0xc209762606fdd4a2e8a1fca936bcdd7a0e5c165c78879f0f2d28d6d833bf736f
2023-03-31 07:51:34,False,0.4714,0.001492,380.545,0.568,0xd3...ec6f,https://bscscan.com/tx/0xc4a3799a0bd8d76defd9b7f7d5e23a47d57c9750aba633714fc3d1fd2731aa51
2023-03-31 07:49:22,False,0.4738,0.001492,1930.71,2.88219,0xd3...ec6f,https://bscscan.com/tx/0x66f374e359be9d4c69b38a3dc873b616364ae1e8c8fbe16ed31dde4fefcf9cbc
2023-03-31 07:48:52,False,0.4738,0.001492,16.0002,0.0238,0x1f...b613,https://bscscan.com/tx/0x9ff5e7191475af42ddf625e29154fbad312f73b787adfad4142041ccc7ac10c0
2023-03-31 07:46:55,False,0.4715,0.001492,21.1265,0.0315,0x56...a3c2,https://bscscan.com/tx/0x1fdfadbda08d72f49bfe1a08d028fe92c506cc0fb4f30a02c92d5a033a486a26
2023-03-31 07:44:16,False,0.4738,0.001493,1010.58,1.5088,0x37...1b56,https://bscscan.com/tx/0x88a0571316b55b41ec349f49fdb97b6517c33d2ce02906d15252eaf8b4ee57e0
2023-03-31 07:39:31,False,0.4738,0.001493,13.7704,0.0205,0x48...fcd5,https://bscscan.com/tx/0xc8a7f2d64b7b9564c9edeebd3da3df2619460a633b64c7f959cbb34833ac5233
2023-03-31 07:38:01,False,0.4738,0.001493,12.7924,0.0191,0x34...81ac,https://bscscan.com/tx/0x33885ddae5cca6f0a95450a1fa33e50cb3cc6062d73d0350ce6e342bae116182
2023-03-31 07:36:46,False,0.4715,0.001493,41.2698,0.0616,0x1d...a478,https://bscscan.com/tx/0x8d3e616b5fe9296fef5e207b92f6edafc7041104a412ef2c8b0ff1968955d958
2023-03-31 07:31:58,True,0.4762,0.0015,83.9685,0.126,0xec...9221,https://bscscan.com/tx/0x266eb89347ad992746fac0fa6f6f95db96b0bbedd8178c040df3f6b9a636a838
2023-03-31 07:29:43,True,0.4763,0.0015,333.216,0.5,0x04...9055,https://bscscan.com/tx/0xf09775373aac97d49487832b2d1ee5af06d4f7b4e300fad346771c037ccd736b
2023-03-31 07:28:37,True,0.4764,0.0015,28.3245,0.0425,0x42...859c,https://bscscan.com/tx/0xaacbf21c1ea88f85e4f39bf768fdcaa6dff8d52b93bccbc4b3081f2c2ff0d1f7
2023-03-31 07:28:31,False,0.474,0.001493,51.5958,0.077,0x23...7ea2,https://bscscan.com/tx/0x5762cc78e260aff5704c8edb5aad0cc0375bdb9954a7ed2d7cd13de125621a84
2023-03-31 07:26:16,False,0.4716,0.001493,68.9142,0.1028,0x88...2cc4,https://bscscan.com/tx/0xca104e034389ea192e7cbde027db039882e6147cef54a1f7732d99fb3afe7262
2023-03-31 07:24:52,False,0.4741,0.001493,75.8772,0.1132,0x52...799a,https://bscscan.com/tx/0x16407d8924fc2e1bae97e4afa66fb65240b4dbe74149612ab274c0dfb984fd5b
2023-03-31 07:24:37,False,0.4741,0.001493,10.0,0.0149,0x70...3720,https://bscscan.com/tx/0x5b2aaca0b0411dce1f04b5d457b295c8832ea99ee3dfc081404966a1f29a3a0f
2023-03-31 07:24:13,False,0.4741,0.001493,2334.12,3.48525,0x3f...573a,https://bscscan.com/tx/0x0accdad745962bf52dda7d08a88d27aaaae99b64072c46974c920d559070164b
2023-03-31 07:24:13,False,0.4742,0.001493,2334.99,3.4872,0xed...4f31,https://bscscan.com/tx/0x7ab59d5eb462db6eebd55829de326a5e027ce53b2ee009466b4a555b63b574f5
2023-03-31 07:24:13,False,0.4743,0.001493,2334.56,3.48719,0x2f...e155,https://bscscan.com/tx/0xbd6bb77455daba416991aecaa256e89cf1200cbde7f782558e9af5740a2ec2a9
2023-03-31 07:22:31,False,0.4719,0.001493,5.0,0.0074,0xb6...395f,https://bscscan.com/tx/0x6df89f4c7f1ecb003bd2902aa8a40faac6844890dba2e97d4d1fc56b9641254f
2023-03-31 07:21:46,False,0.4742,0.001493,62.0261,0.0926,0x67...cb81,https://bscscan.com/tx/0x517a29ac7825d24740906e5e99986d8dc426c1d9c7523f6c86185fcc8d2d6efd
2023-03-31 07:18:22,False,0.4741,0.001493,7.0,0.0104,0xb6...395f,https://bscscan.com/tx/0xad3da52fb9af15df83cc78d613f9163b0f8f21d15f022fdb42fa8cae085b24cc
2023-03-31 07:16:58,False,0.4741,0.001493,39.0276,0.0583,0x8c...a963,https://bscscan.com/tx/0x8ad6e9202622cbb01b463026cc3c945251571e24b86396b2acad04a4e4e4f278
2023-03-31 07:12:07,False,0.4742,0.001494,2333.69,3.48658,0x91...79fe,https://bscscan.com/tx/0xced63aa3016d7affa6d92be3df66b950124e8242af0b26f74e8c753f29d6235a
2023-03-31 07:01:22,False,0.4742,0.001494,157.932,0.2359,0x08...c0af,https://bscscan.com/tx/0x93533ed30633761d4119e5079cb869fd295641d87ce24f2e26de9d2394a020e6
2023-03-31 07:01:19,True,0.4766,0.001501,420.1,0.6308,0xd3...ec6f,https://bscscan.com/tx/0x3bbdb35e5189f1cee88387b1840d2d42d4250a84a83d59a3b8dc12d97596ceb9
2023-03-31 07:01:16,True,0.4766,0.001501,420.1,0.6308,0xd3...ec6f,https://bscscan.com/tx/0x7da262ada5ed4260303887d1deb01222318e9e173e9b9b8d67628686bf180391
2023-03-31 07:01:13,True,0.4766,0.001501,0.5251,7.885e-05,0xd3...ec6f,https://bscscan.com/tx/0x77d18e310fb99f81f500f7f38df687fbcee3cd7fe78b9dd6283b35e619d202f1
2023-03-31 07:01:10,True,0.4742,0.001501,420.1,0.6308,0xd3...ec6f,https://bscscan.com/tx/0x7b89b1be589e46039bedef06f77201ffc86510e03c0d6e1553da7890b8ef13f0
2023-03-31 07:00:10,True,0.4765,0.001501,91.35,0.1371,0x9e...fd26,https://bscscan.com/tx/0x4a09975bd117441f803f7c16d8936725f5ec6a8ecfeefdd3741ada169cb11509
2023-03-31 06:56:24,True,0.4741,0.001501,188.821,0.2835,0xe6...82f2,https://bscscan.com/tx/0x6c7086555fb04b56f5b2717af25dc5d445ccdb489b712e3fd716d4787b24f621
2023-03-31 06:52:54,False,0.4741,0.001494,8.0,0.0119,0x8d...76c2,https://bscscan.com/tx/0xdf9808303c545de537fdc84073858906386ccab99745db40cc3a0494522ca35f
2023-03-31 06:41:12,False,0.4715,0.001494,27.063,0.0404,0xbf...2b85,https://bscscan.com/tx/0x491b8b18606aed9d4d4d090f76c0c887d7f9399d74f589e705fc956cebc9352c
2023-03-31 06:40:39,False,0.4738,0.001494,100.0,0.1494,0x37...1b56,https://bscscan.com/tx/0x635f71fca4b7010ab4839d51700037fb6aa262ba4d164057a6cd69cf112822c5
2023-03-31 06:32:18,True,0.476,0.0015,13341.2,20.0212,0x98...5cc4,https://bscscan.com/tx/0x2b7381ef202cb2793bcecbe01429e9af51264fd38640762844bda2d0bab9bcb7
2023-03-31 06:32:18,True,0.4757,0.001499,2333.69,3.5,0x91...79fe,https://bscscan.com/tx/0x36d61837c5c70f9a2404863aba9e25486cdbbfefa4c4a3e6dab1a5756b3eda85
2023-03-31 06:32:18,True,0.4756,0.001499,2334.12,3.5,0x8d...1b76,https://bscscan.com/tx/0x4f04630e9678e3f28920e80eae710076535f00f58a10be67b2c660cefac75d60
2023-03-31 06:32:18,True,0.4755,0.001499,2334.56,3.5,0xda...c952,https://bscscan.com/tx/0x3962b87c78aba096b3d84a51414180cb56876032423d22cba6e055e1dd428c41
2023-03-31 06:32:18,True,0.4755,0.001498,2334.99,3.5,0x8b...88f6,https://bscscan.com/tx/0x6fa9ce085b5eba817db1328882a26831c9499602e7cf026a6d5d3fc9db08cf10
2023-03-31 06:32:18,True,0.4753,0.001498,4216.47,6.31857,0x00...78d2,https://bscscan.com/tx/0x404975fd7ee50e92dc9c906bbf3622e4891d6df32b9ac535c2217d6756f65d62
2023-03-31 06:32:18,True,0.4751,0.001497,6757.6,10.1221,0xd3...ec6f,https://bscscan.com/tx/0x050497a95d664315bfb5221a4847ca72d46722bf7d0ba2af2043233eba4383ee
2023-03-31 06:29:30,True,0.4727,0.001497,5419.23,8.11347,0x98...5cc4,https://bscscan.com/tx/0x28a6500fc62c04041bcb4f472f550d53768f43f31ef67013204a59400981d091
2023-03-31 06:29:30,True,0.4726,0.001496,493.4,0.7385,0xd3...ec6f,https://bscscan.com/tx/0x4ab5774a12fe25017c28d91bc23c2eb8e6c4860f5292848a9b2f6bd748a116cf
2023-03-31 06:29:27,True,0.4726,0.001496,421.9,0.6314,0xd3...ec6f,https://bscscan.com/tx/0x4dabb27baae965c4f4ec3fd46ef1b04b003e982356da180350b9f736a5755f59
2023-03-31 06:25:12,False,0.4706,0.001489,9.05791,0.0134,0x3c...cfd2,https://bscscan.com/tx/0xadb0938ade3f8b58e31ab3353cc83d983c4e6aef336d2963462c9db4f9e75711
2023-03-31 06:21:39,False,0.4706,0.001489,25.5511,0.038,0x3c...cfd2,https://bscscan.com/tx/0xe23c5ee2625aeb57b203e7ffccba95368a4c2ab83c8fe5b621632c2761b4bc57
2023-03-31 06:19:10,True,0.4754,0.001496,2757.33,4.12655,0x98...5cc4,https://bscscan.com/tx/0x755fb76c712d8ddba9bdf54a72ed8712ce1e6e1fcc26aa6c2a6cfbdd5f9e08ce
2023-03-31 06:19:10,True,0.4754,0.001496,737.657,1.1038,0xc1...b919,https://bscscan.com/tx/0x392742fdad9271a42ddaa0bd5b6773b28822c2bfcbd7136015d7d19b6ed69853
2023-03-31 06:19:10,True,0.4753,0.001496,737.7,1.1038,0xd3...ec6f,https://bscscan.com/tx/0x80f7531619b6ce94406d4aeef15b64c26059f41673ebbadb9f478b1d625c9fa6
2023-03-31 05:58:12,False,0.4712,0.001488,13.4323,0.02,0x20...9850,https://bscscan.com/tx/0xc806f48231b8cfb95179b6dbd22fcf96f2000777b59e388eebee58737d9b4bac
2023-03-31 05:56:39,False,0.4713,0.001488,6.643,0.0098,0xd2...b2fe,https://bscscan.com/tx/0xe44d3548162d935654c2bc5c0242391ee5f8f4c6df702ee27dff901d07ed735e
2023-03-31 05:47:08,True,0.4736,0.001496,2.5,0.0037,0x73...a83a,https://bscscan.com/tx/0xb74adafd83cec7ba96e65c695d17f098a903e100031154f81f4373f23676e32a
2023-03-31 05:43:05,False,0.4712,0.001488,41.9502,0.0624,0x76...d55a,https://bscscan.com/tx/0xe6f2a1e20fe46a1ed0ea665b871b08c33d506b636eb494fae3341a972487a10d
2023-03-31 05:42:50,False,0.4735,0.001488,10.0,0.0148,0x76...d55a,https://bscscan.com/tx/0xd861681f8325b471d0a57389dc5d038b88b7901bd91017bd723f765d1460c7b9
2023-03-31 05:29:59,True,0.4752,0.001496,6.0,0.0089,0xa0...1250,https://bscscan.com/tx/0xe3ae4d813b33964da857b1f18f3fa460de29345f885216aac768438afdf2fdf1
2023-03-31 05:25:21,False,0.4703,0.001488,55.0,0.0818,0x8c...7ee3,https://bscscan.com/tx/0xf37693e689cf9716bb0d6fef498857a1eaace3fc7c7fa8144031cbd45fbbbbe3
2023-03-31 05:23:03,False,0.4703,0.001488,162.0,0.2411,0xa2...3838,https://bscscan.com/tx/0x866225847b2fe17c4f0fe3efbd7d7508720cad2946a8db3885a92022547245a3
2023-03-31 05:11:54,False,0.4707,0.001488,152.224,0.2266,0xc8...5889,https://bscscan.com/tx/0x36446d1c5c6758c30988486dbd201831c06d779fd61670f0922e11621660b111
2023-03-31 05:08:24,True,0.4728,0.001496,100.249,0.15,0x8c...7ee3,https://bscscan.com/tx/0x2055780a3c068d1de27c1db51f5f0b6ec547eb6f44ef558e4dda106721590d8d
2023-03-31 04:56:54,False,0.4734,0.001488,2041.64,3.03984,0x1b...1c74,https://bscscan.com/tx/0x086c12fefd9aaf57a8fd2fab03fb9928002b46bb059d996d8ae15ebe489d7978
2023-03-31 04:46:12,False,0.4734,0.001489,74.33,0.1106,0xf9...f8c8,https://bscscan.com/tx/0x7a908ec98481fde679e844a493b058902269252403331136be6349c76d3b84ea
2023-03-31 04:44:06,False,0.4732,0.001489,78.7193,0.1172,0x55...ad71,https://bscscan.com/tx/0xf6d602ffa9cd1cb4c200d230226b384c31ec80ef665f00bc1e2f4a7be80abbd5
2023-03-31 04:38:27,False,0.4708,0.001489,277.19,0.4127,0x94...d171,https://bscscan.com/tx/0xefa5d072f69e62fb6b313d7b184364a85dc172ec0505e33b7a486fdc195cb048
2023-03-31 04:35:39,False,0.4732,0.001489,46.6922,0.0695,0x04...c7d0,https://bscscan.com/tx/0x6ab2526c28771c8110175fb1a81db03a1c1ab23b273a72d57a30e97c6abccb64
2023-03-31 04:26:33,True,0.4756,0.001496,350.86,0.525,0xd3...2e46,https://bscscan.com/tx/0xa19b869d3e57dced0bacef29c261309caf1aa2924673fd48c6d3ab180228e7dc
2023-03-31 04:24:51,True,0.4732,0.001496,10.0,0.0149,0x82...6dc6,https://bscscan.com/tx/0x862e6ba2b1fc7d0dc0b579732532c00a72442cf4e4d33f3ccba4096ecfd0ad43
2023-03-31 04:23:33,False,0.4708,0.001489,2005.81,2.987,0xd3...ec6f,https://bscscan.com/tx/0x9e766f288b1283000958c58a04dab1eedb3a02170c32397f6b2f1fcb1ca7d773
2023-03-31 04:23:27,False,0.4709,0.001489,2005.49,2.987,0xd3...ec6f,https://bscscan.com/tx/0xd8a657454018d729b380079eb58359691c306b6b3300b8d78e07dcea8d207145
2023-03-31 04:19:51,False,0.4732,0.001489,27.0,0.0402,0xe7...81bb,https://bscscan.com/tx/0xad27571237117759391e7e52bd90acace1fd5d8959879e49c6707ec8cde36bb1
2023-03-31 04:17:12,False,0.473,0.001489,2135.27,3.18082,0xd3...ec6f,https://bscscan.com/tx/0x7ebd42eb45a135e8bf04b75e38afd712e0d42de23921bafc5c79756a5a06bd45
2023-03-31 04:13:18,True,0.4755,0.001497,1259.72,1.88603,0xd3...2e46,https://bscscan.com/tx/0xd0c565ef76cd2b91eb1fbe9f980b261020ed587385a0ea15351dd36e686b5f4f
2023-03-31 04:11:03,False,0.4708,0.001489,41.8845,0.0623,0xe1...2cc9,https://bscscan.com/tx/0x00c62d840ff02f2bf5563e281bc88b3bff4e63b27d33872210d67035000aa3e7
2023-03-31 04:09:29,False,0.4708,0.001489,19.2019,0.0286,0x38...3462,https://bscscan.com/tx/0xa81e4d36f2fa428b6c94fc5aa4e8e70d95ab1424eaa0566dc41af9c2d07cc153
2023-03-31 04:06:57,False,0.4734,0.001489,43.6,0.0649,0xe2...ffdd,https://bscscan.com/tx/0xe233f195ea4d6ddf9cd343498d5ab4bf70962b05b437ffa6becd239cb0f2ef53
2023-03-31 04:05:39,True,0.4734,0.001497,41.0,0.0613,0xe1...2cc9,https://bscscan.com/tx/0x97af2a7e8cd84a3cd963fe85cb16e21bfc5deaffbada18a8ac5505f69231c844
2023-03-31 04:03:21,True,0.4758,0.001497,42.1593,0.0631,0xca...dea2,https://bscscan.com/tx/0x5fa00d65e3e66a6f7c9598946bf44041b0c4b4fafb5bb47c3788cd17cb78b9b2
2023-03-31 04:02:45,True,0.4732,0.001497,28.1067,0.042,0x6a...3a00,https://bscscan.com/tx/0x81568a882f74942f55c3fdaf504c4989991b73632c3e66bf5d90a0e3906f9235
2023-03-31 04:01:45,True,0.4758,0.001497,28.1051,0.042,0xce...b528,https://bscscan.com/tx/0x5811789c2fe8facbac53cf2de4eb3c764d8b1c0fbde9274b603cd5b923091642
2023-03-31 04:00:30,True,0.4759,0.001497,2.2,0.0032,0x19...a078,https://bscscan.com/tx/0xe0381d1e0ee4b364dd1990dad9cd66ac61626c4875c506d965956bcad9b248cb
2023-03-31 03:57:21,True,0.4757,0.001496,3340.22,5.0,0x0b...a1ff,https://bscscan.com/tx/0xf8ff3113d008456491de54f026673d36a1d7c579d74f7a19dc434316a6920f2d
2023-03-31 03:56:42,False,0.4709,0.001489,4.57683,0.0068,0x08...c0af,https://bscscan.com/tx/0x76c03cfecc80b333b511c0a3712f95c02ee1462d6673152482e514f52ca1d22f
2023-03-31 03:55:36,False,0.4709,0.001489,60.0,0.0893,0x88...708c,https://bscscan.com/tx/0x83fa2276f862e5a9305d26490c5e9e07cf8d762d3528dda5f8255743d959bc87
2023-03-31 03:37:08,True,0.476,0.001496,524.055,0.7843,0xd3...2e46,https://bscscan.com/tx/0x32b9e3ae27a98482f14cae20269170e7b697c0866f22dba3ebfc64a80c2a477a
2023-03-31 03:34:56,False,0.471,0.001489,32.37,0.0482,0x82...9650,https://bscscan.com/tx/0x852fedf707dd31134b5d59cffaf91c1b514633239ef38ef3d736d62ccc3ed8da
2023-03-31 03:33:32,True,0.476,0.001496,218.603,0.3271,0x88...708c,https://bscscan.com/tx/0x9f6c24b29e4859defd08630294949eb8672f8676440ce3101854f2d949015964
2023-03-31 03:30:53,False,0.4714,0.001489,25.3,0.0376,0x3a...bd67,https://bscscan.com/tx/0xe2ca9206916a1f9c2034c73e368d62470ae3fe2ee96d1afcb0a7dc60448e4cec
2023-03-31 03:24:57,True,0.4738,0.001496,397.428,0.5948,0x94...d171,https://bscscan.com/tx/0x80638581bae8ae892cc2fad6279c4986d5680ad6f309730dbfbe995189130e9b
2023-03-31 03:13:03,False,0.4737,0.001489,122.215,0.1819,0x84...c5e3,https://bscscan.com/tx/0x9da705db662cb2957437b4c81044223a2d803fa0095dc6f950b8b3a155ad6a40
2023-03-31 03:12:24,False,0.4737,0.001489,14.85,0.0221,0x63...4ca8,https://bscscan.com/tx/0x04222bae285f6d5a2a29cb13591d4272c9b3c4d432f30fdbd7e81c49312332d7
2023-03-31 03:11:45,False,0.4737,0.001489,152.284,0.2267,0xfe...697e,https://bscscan.com/tx/0xb64bc77cffd3b637e903c3643504f737c460952e5a5816b8ae5185aaa7b8f5c4
2023-03-31 03:10:06,False,0.4709,0.001489,20.8534,0.031,0x68...129d,https://bscscan.com/tx/0xd92f6090fa9d96e10e84897629b1f89d49b4a18daa777fe934cd6555777d2e48
2023-03-31 03:01:21,True,0.4748,0.001496,28.3595,0.0424,0x74...6ad9,https://bscscan.com/tx/0x6f439c17e97994f84e35507a1c0735fe6dea08f82bb04fb975911e906e4c55c2
2023-03-31 02:56:51,False,0.4701,0.001489,89.1593,0.1327,0x09...1c78,https://bscscan.com/tx/0xce8515d631a8940f8d2fe213bbc0f7f26b5a58732615c6ce9b6fbf10701ba86a
2023-03-31 02:54:42,True,0.4746,0.001496,1.4,0.0021,0x1a...3493,https://bscscan.com/tx/0x0e34b97ffa38a2a1d215420eb0fd83212ec5752a50744e4b0fc9c638729eeac3
2023-03-31 02:52:27,False,0.4721,0.001489,74.9688,0.1116,0x17...272e,https://bscscan.com/tx/0x2ce980814d851c9323ed528b49b9f10fcda316cc03376a6f8f10b54765b38b47
2023-03-31 02:43:39,False,0.4723,0.001489,51.4306,0.0765,0xbd...ef4e,https://bscscan.com/tx/0xc61dbf6f3a6b1a7480088cc5b45ecc755b62971e0761bd3caffad4ee9d43cb8d
2023-03-31 02:43:30,False,0.4723,0.001489,105.979,0.1578,0x1d...c20d,https://bscscan.com/tx/0x93a9e540cd2b710d8d8e9b89a0ba7345482600a379e6930bcc7d1e1a6eaa5000
2023-03-31 02:38:18,True,0.4724,0.001496,10.7053,0.016,0x33...2c15,https://bscscan.com/tx/0x8f0c076d34b0be09ca30bd782fdd21b422b70cf538cd59c7d1f01d5e698539ee
2023-03-31 02:34:42,False,0.4701,0.001489,226.061,0.3366,0x0b...56ac,https://bscscan.com/tx/0x2f041f410c21ee2708c6663114f9fd2948bbc56043a38b7189d0d88cdb7dec9e
2023-03-31 02:08:36,True,0.472,0.001496,4600.88,6.88481,0xd3...ec6f,https://bscscan.com/tx/0xc099b73103d405a1240ee33003e3a5b0e43f6975ae800278e12ad753e10aca0e
2023-03-31 02:08:15,True,0.4718,0.001495,5819.9,8.70535,0xd3...ec6f,https://bscscan.com/tx/0x1ee10665346edfe830c806e7db05ee767ebf5fc2dc86230094f47ada3178d8d6
2023-03-31 02:07:03,True,0.4741,0.001495,7.74452,0.0115,0xff...7c17,https://bscscan.com/tx/0x90bb8a3e55aadacc2f4409324b2eecc4f1e1c3b0367e96ff9ae5a9e4c49af88d
2023-03-31 01:58:01,False,0.4693,0.001488,77.0,0.1145,0x1b...b241,https://bscscan.com/tx/0xa141244df2ac0d4adc5ceb0d635ba49f224bb6d365c24c632b1a6bc65aa7d85a
2023-03-31 01:48:47,True,0.4716,0.001495,180.0,0.2691,0x82...6dc6,https://bscscan.com/tx/0x38f3ec6d0e4562f9beca9868f4cd2ad8e8844976009cd854c26f4cf9fbcf8b2c
2023-03-31 01:41:44,True,0.4715,0.001495,50.1925,0.075,0x2c...c9c5,https://bscscan.com/tx/0x2999709b365d83dee9321a2bc3a01eae7cd148352fdfe8170dfb72a3927e5a9f
2023-03-31 01:37:56,True,0.4739,0.001495,29.9381,0.0447,0x82...6dc6,https://bscscan.com/tx/0x55c3aa2f65f345c4be587b9b87f620e4ef57cbe2c1797cccf8d67df08c6b244c
2023-03-31 01:37:08,True,0.4716,0.001495,3.72,0.0055,0x2e...3b00,https://bscscan.com/tx/0x1feeb33ffb0e8c10dc4d0bbcd4d0403209b287e371c3ddaf30be67a0c2664f90
2023-03-31 01:35:20,True,0.474,0.001495,2.0,0.0029,0xcd...77ec,https://bscscan.com/tx/0xee5486885d3a160845a1a037aee29e20abfe236a2f930a809940d85c173d581f
2023-03-31 01:29:47,False,0.4692,0.001488,2.0,0.0029,0xbf...34bc,https://bscscan.com/tx/0xbf4aa7cfe822ba292465e2f7c6d7415da03f5260596b7c58872622acb7725c6a
2023-03-31 01:25:47,True,0.4715,0.001495,140.0,0.2093,0x6f...2498,https://bscscan.com/tx/0xa3f2d8f530a78848926888dea4b509153fa7405999af0a65c54250515f2d9793
2023-03-31 01:24:41,False,0.4715,0.001488,323.731,0.4817,0xe9...b438,https://bscscan.com/tx/0xdcabb519a38572b4c50b27cacd1f467eabd96cdbc831061d3b353eb712e5c265
2023-03-31 01:16:59,False,0.4714,0.001488,159.752,0.2377,0xf7...c7db,https://bscscan.com/tx/0x16ddad26e39b4b6ae7272acbba17bba98bacfb688d07bbcad6f24feb5286e858
2023-03-31 00:55:07,False,0.4694,0.001488,134.601,0.2002,0x5d...d98a,https://bscscan.com/tx/0xf83d2b437e0a962cd9d6d746681f061a1dc8fca3f24cfff8880f939607972886
2023-03-31 00:50:13,False,0.4696,0.001488,2395.04,3.56418,0xd3...ec6f,https://bscscan.com/tx/0x3a9294f829c48131331392ab473fe320858c8198e3be41afd9cda77a2bee4d6d
2023-03-31 00:49:34,False,0.4702,0.001488,8163.31,12.1533,0xfc...535e,https://bscscan.com/tx/0x8304f312843d1e5a2e2c5736d14a166acfa43e2968f51b40f7b7d659a59c5097
2023-03-31 00:44:55,False,0.4703,0.001489,39.6676,0.059,0x8a...22b6,https://bscscan.com/tx/0x238dcbf48cad98caf6ec4e548a2876fd8a29951b58a5e7318a529ffbf741cb84
2023-03-31 00:33:13,False,0.4701,0.001489,50.0,0.0744,0xf2...103c,https://bscscan.com/tx/0x986795e3ebde84ba99777427d5f319b7ac2ea6fc0ad85303b246cc297968561c
2023-03-31 00:31:40,True,0.4749,0.001496,100.0,0.1496,0xd8...8598,https://bscscan.com/tx/0x3b7f7f05d8aad15fdceed769eb4877dba789ea6d342f2597f0b40eeee9efb757
2023-03-31 00:31:04,False,0.47,0.001488,97.7988,0.1455,0x0c...4bd0,https://bscscan.com/tx/0xc9622c1bee1bd709d17dfd17bf16e65f19bc02923edc4a630bace4f0f0f0ca52
2023-03-31 00:30:55,False,0.4726,0.001489,30.0,0.0446,0xb8...7e50,https://bscscan.com/tx/0xb7670c6bf5af990a9d1bf7a281e0222e6f50d0e19191022fc5749023bbb6b1e8
2023-03-31 00:22:37,False,0.4726,0.001489,50.0,0.0744,0xdd...93de,https://bscscan.com/tx/0x98ff9fd2a6e21d5bdf3b03662d4227466bba7540a7a1f175126e98bed5a8b951
2023-03-31 00:18:49,True,0.4726,0.001496,4.67679,0.007,0x1a...3493,https://bscscan.com/tx/0x00da66abb8793d673babe8ceb13b5c5469daea11788660864a514c4c713bcef8
2023-03-31 00:17:37,False,0.4726,0.001489,2.28889,0.0034,0x3a...bd67,https://bscscan.com/tx/0x89ac7f21b4e6b02a04bd202503fb1d81d8861aeb9c59555f7f66758bdda3e617
2023-03-31 00:17:31,True,0.4748,0.001496,8168.61,12.2224,0xfc...535e,https://bscscan.com/tx/0x04a91b8a55965d5d0e7708d999afd18797b566d6229d269ea4a86e5a0cfec1e5
2023-03-31 00:16:34,False,0.4699,0.001488,6.86666,0.0102,0x3a...bd67,https://bscscan.com/tx/0x8efebc22a64c29bc3bb95c05601a47765e0309b2ddc3b8896c817f1e9481baea
2023-03-31 00:16:01,False,0.4699,0.001488,6.33823,0.0094,0xdd...3de9,https://bscscan.com/tx/0x5431ae502a7315206a07ce599238dd041e7001dbb31a1be2f91046f2fb00c5a9
2023-03-31 00:00:10,False,0.4696,0.001487,7.0,0.0104,0x94...4058,https://bscscan.com/tx/0x92d12c46f021f845c79c2918889e1ebdf63425c5e8ad57e3f8b2a2930099695f
2023-03-30 23:58:34,False,0.4722,0.001487,7.0,0.0104,0x48...76e7,https://bscscan.com/tx/0x8d46ae7b8ca73299cfd07922d9e2bb7cddb1a4e1455775a23e954eb1a7758799
2023-03-30 23:55:49,False,0.4698,0.001487,70.0,0.1041,0x48...76e7,https://bscscan.com/tx/0x381b9c0d90e848ea9704690304400d91245ed391ae025757e5e16cfd41cb1b52
2023-03-30 23:45:19,True,0.4748,0.001495,13.3733,0.02,0x10...3ef9,https://bscscan.com/tx/0xd8db92e4fa1fff93fd6b553a8506a3df19fad911e8e81b4c54bcb50d2d468fe0
2023-03-30 23:44:19,False,0.4701,0.001488,147.688,0.2198,0x43...31ef,https://bscscan.com/tx/0x818420acc3a489b7a5d4a3d2c5ceb830a0642555049bdc46319f3b5db87d3a6f
2023-03-30 23:44:10,False,0.4699,0.001487,46.0,0.0684,0xbc...3cc4,https://bscscan.com/tx/0x80d6acf1dcf5a87411eef8c4f9d0ddcc3e55346f167605a70c1abe0dd7d473f0
2023-03-30 23:36:25,True,0.4747,0.001495,33.6941,0.0504,0x1a...0a99,https://bscscan.com/tx/0x955b25b18bd2e9d15a72f20c6f07ae63f171f2ca68682de1416fd077ecfb1560
2023-03-30 23:24:40,True,0.4722,0.001495,2212.0,3.30844,0xd3...ec6f,https://bscscan.com/tx/0x4a35e5d846c8233b4b67b061ffee1818955e2938a4099c154589e2693556ec0e
2023-03-30 23:20:16,False,0.472,0.001487,12.5912,0.0187,0x44...3719,https://bscscan.com/tx/0x1aaef7c2c9592c84728495717ec17a359f8e9a7bf4b6ff64db9d9ff7870a82db
2023-03-30 23:20:10,False,0.4723,0.001488,10.0,0.0148,0x33...8082,https://bscscan.com/tx/0xfd2cec5dcab670c7c453b370d30957dfcab970056577139496067590cadef8d6
2023-03-30 23:14:34,False,0.472,0.001487,4.7166,0.007,0x3a...afb0,https://bscscan.com/tx/0x158980becf89ce8e49d4af17d3893904cf4d26dd7f9fc22eb6aaf7ccdd1bb842
2023-03-30 23:14:19,True,0.4725,0.001496,109.308,0.1635,0xae...cc52,https://bscscan.com/tx/0xc5a1a9a40c75972436b26d50a9c34378210eaa259890ab3e3f063a64180a1775
2023-03-30 23:10:07,True,0.4745,0.001495,15.0,0.0224,0x51...c856,https://bscscan.com/tx/0x861163e13a91e75465a78b12274547c41fe4fe27080156679f7e4e700ae04737
2023-03-30 23:07:43,True,0.4722,0.001495,100.0,0.1495,0x4a...32b4,https://bscscan.com/tx/0x127c2b07a40633f00a4cd2d1600916f647e705235ddeb0c175004dbf304cd907
2023-03-30 23:07:07,False,0.4698,0.001488,210.0,0.3124,0x4a...32b4,https://bscscan.com/tx/0x391d102ed94c42b74fae5c74673ef371e6e80d8642af63c93e6f2d007ac52c9e
2023-03-30 22:51:49,True,0.4744,0.001495,33.7284,0.0504,0x0e...96cc,https://bscscan.com/tx/0xceaadd9799eb8266e3cbd5ca5a8ff4c32e9dc89ca37d8a1de4e28704c716e1bd
2023-03-30 22:36:30,False,0.4711,0.001488,45.1068,0.0671,0xee...8089,https://bscscan.com/tx/0xa620e8b164783e88da899205e011e31277b677f4e0c84b71c8cd03d0026ea0d8
2023-03-30 22:36:12,False,0.4687,0.001488,39.8547,0.0593,0xc4...8651,https://bscscan.com/tx/0xb24b7fe6d496c3c269cb731e8e8df663dfb5eab9b10562ad189f61a14ad54263
2023-03-30 22:28:21,False,0.4707,0.001487,5.0,0.0074,0xe1...3bf1,https://bscscan.com/tx/0xf3713fbd5bf1366212e921a7c1c9c5862faf444498885cfd5dcada14df7749dc
2023-03-30 22:25:30,False,0.4686,0.001488,5.0,0.0074,0x35...b39a,https://bscscan.com/tx/0x51614702c25fa287e0f5cda01ea9b1e9943140457bcac2d3976d68a1d5cc42e5
2023-03-30 22:25:30,False,0.4684,0.001487,10.0,0.0148,0x69...bfd4,https://bscscan.com/tx/0xc1113c72788efae2c7f5d7fe00454c16d57e183acdc386d7f3bca8f6a9080d3d
2023-03-30 22:24:42,False,0.4686,0.001488,30.0,0.0446,0x35...b39a,https://bscscan.com/tx/0x2a19e94d41a7812e07def0705a41ce5df02c2503fc408a00480bcbff01770a3b
2023-03-30 22:20:05,False,0.4709,0.001488,233.318,0.3472,0x7f...44c8,https://bscscan.com/tx/0x7c63fefd2dcb6eae024d6d7a4ad5a579a0460d712100050e97bad096fd832de0
2023-03-30 22:18:38,False,0.4709,0.001488,100.0,0.1488,0xdb...d7e2,https://bscscan.com/tx/0xe760529dd73c95b2b6612a9a7faa013ae3bcf2bd254adff3bdbc3f6b6571fc5c
2023-03-30 22:14:23,False,0.4708,0.001488,74.8725,0.1114,0x25...7fef,https://bscscan.com/tx/0x09591fa2e72cdb2803a3c85ce0ee3cf0f5a0aa2fd9cc437f87ccb824c71459a8
2023-03-30 22:13:53,False,0.4706,0.001488,67.5892,0.1005,0xa9...dab1,https://bscscan.com/tx/0x197232c6602c5c500abfb35dfe915d38aaaae98ba3401a524a8a5c451745abfb
2023-03-30 22:11:11,True,0.4706,0.001495,10.6979,0.016,0x5b...36cc,https://bscscan.com/tx/0x11cb8e103730ca94d2f6dec14d9d4c571ef661ec7e566b2c039efd77cf967787
2023-03-30 22:05:11,True,0.4705,0.001495,99.0,0.148,0x27...8af0,https://bscscan.com/tx/0x6aa8db5e683de00a988f22b5cbe01fda2ab60de2707482a516f51e7865c581f5
2023-03-30 22:04:47,False,0.4702,0.001487,2.4085,0.0035,0x1f...470c,https://bscscan.com/tx/0xbef1b4c02bd2f228ab02b4be5e8475b6ffaebaa5cb7377b9f0ebd7357e33d5fa
2023-03-30 22:02:14,True,0.4728,0.001495,249.302,0.3728,0x3f...66aa,https://bscscan.com/tx/0xc2a7a319a85d89ca2f4ea6b07c516bdebfe5011cc83067525471dc9fbead967d
2023-03-30 22:00:17,False,0.4681,0.001488,229.704,0.3418,0x81...8c26,https://bscscan.com/tx/0xd2941e0cd7dae517ca22d618833ade2888d04ebb295b4d46391235a11254062b
2023-03-30 21:53:47,False,0.4681,0.001488,2.56579,0.0038,0x0d...5a65,https://bscscan.com/tx/0x415e7f7e89327b428a8d654e1b847efb0f2337fdb3ffa4f14c4af73b198156f8
2023-03-30 21:53:44,False,0.4681,0.001488,33.5314,0.0499,0x80...8892,https://bscscan.com/tx/0xaaccd8ca93653547c1479ec234cc654586f2f16bc338a0e8c17031d10b37eef5
2023-03-30 21:52:26,False,0.4706,0.001488,10.5973,0.0157,0xec...9221,https://bscscan.com/tx/0x50d9d31ea5b1a1fd99f5534ce82a92cfd38abcdefe970522e94218c081692931
2023-03-30 21:51:38,False,0.4704,0.001487,10.0,0.0148,0xd1...ea9e,https://bscscan.com/tx/0x53c0b5f10114826c561442066413d7c529d480a97a948004ec94890a2b180013
2023-03-30 21:50:05,False,0.4683,0.001488,28.0,0.0416,0x55...8243,https://bscscan.com/tx/0xdd69a39c3800d38961feac6754139c32e6b123ae8952d02fb4430951a5b4d124
2023-03-30 21:33:58,False,0.4705,0.001488,96.2583,0.1432,0x53...1fa0,https://bscscan.com/tx/0xca657d47dc37b267f2f5107243708ca44fd7c62a80cb4a660a17515b977cd635
2023-03-30 21:33:31,False,0.4682,0.001488,10.3645,0.0154,0x2a...c191,https://bscscan.com/tx/0x6930f251111bee8f0c88a952c31ce4b9877191d345490b47a0d6947cdcec6d4a
2023-03-30 21:32:04,False,0.4705,0.001488,133.311,0.1983,0x9a...903b,https://bscscan.com/tx/0xc759d3ec60446da49563300e5cdc1f6647e356e1df664c610b612e92dc7042e1
2023-03-30 21:31:07,True,0.473,0.001496,198.73,0.2973,0xfb...efd8,https://bscscan.com/tx/0x88b0e6a00205e759d0802445744afa1fd005093b4d85ae1d80c58399c33f5845
2023-03-30 21:24:52,False,0.4679,0.001488,42.1738,0.0627,0x12...8521,https://bscscan.com/tx/0xc7182d42a98fbc4a215b84312bc02280bc2a449676e3ba71ccae40483336eb7c
2023-03-30 21:12:06,False,0.47,0.001488,14.2083,0.0211,0x36...de4b,https://bscscan.com/tx/0x7d492664246d4c85c48c43fcce07a42a2eddaba34bff93bc55af594c7c5d4695
2023-03-30 21:07:42,False,0.4672,0.001488,726.3,1.08088,0x00...78d2,https://bscscan.com/tx/0x7395c5fe0d6852d84c76fc660b2053ed2dbb195c5fbd11b349fdd9bbf2fddcfa
2023-03-30 20:58:51,False,0.4694,0.001488,170.0,0.253,0x8f...f452,https://bscscan.com/tx/0x4420900ae1124f215170318c58f0afac8c29ca25cc82123897547a14a1b8c96f
2023-03-30 20:52:30,False,0.469,0.001488,629.3,0.9365,0x00...78d2,https://bscscan.com/tx/0xfc4fdc528a6c855f92f6c8ee96ac0a6851cb0a551a687b4de8c1609f51c8e030
2023-03-30 20:46:06,False,0.4666,0.001488,42.8649,0.0638,0x61...19ad,https://bscscan.com/tx/0x3607de530cd13df3a957eb00cb1b1b2db54ffa633da9ba4409aacf6612c48503
2023-03-30 20:46:00,False,0.4689,0.001488,2.32417,0.0034,0x2a...6bb6,https://bscscan.com/tx/0xf178c68061acbcc0b1e0634459d6eedff8e925e97942424366edfbbf6a7712f7
2023-03-30 20:38:06,False,0.4686,0.001487,41.5823,0.0618,0xb1...147a,https://bscscan.com/tx/0x1be1577990e66179224ead24e21b1c5e6571739b3ab369725f80ad04178f2e53
2023-03-30 20:38:03,False,0.4688,0.001488,103.44,0.1539,0xba...960d,https://bscscan.com/tx/0x2c7170fb78e212cad0233de4a62dec44ee61ff8ff1f8640fe28ae51f7520643f
2023-03-30 20:37:06,False,0.4662,0.001487,65.0745,0.0968,0xad...abba,https://bscscan.com/tx/0x51b46338a5542474fd83406b9965b6ba70d992027c22effa27a19b4d070fab8c
2023-03-30 20:35:06,False,0.4665,0.001488,349.741,0.5205,0x5f...6e06,https://bscscan.com/tx/0x74319189c22cd93aef2373702b7e7e5fe242a03384305b35b2a54d3b976073ca
2023-03-30 20:32:48,False,0.4686,0.001488,4.0,0.0059,0x42...76bc,https://bscscan.com/tx/0xc222f15133a7fbde41aef8f7c86013c03b88fded8699bc0ad1ca3385298b2f11
2023-03-30 20:31:24,False,0.4663,0.001488,14.6757,0.0218,0x04...54c8,https://bscscan.com/tx/0x71c05378bfdcf5b02c0513fdfe61cabaeccac8e55dcf717c3a1c074899f35043
2023-03-30 20:27:12,False,0.4684,0.001488,2228.8,3.31765,0x00...78d2,https://bscscan.com/tx/0x5b9fb56df6f376489811d799ab1c4ceffa1d31be0bc7df61c2419f9dcb499205
2023-03-30 20:23:27,False,0.4661,0.001488,19.7286,0.0293,0x2b...4654,https://bscscan.com/tx/0x93121a563606a47feb758760e449a6fddcb0ea3b3aa7b05eb9eaf35733a8bf54
2023-03-30 20:18:36,False,0.4661,0.001488,119.345,0.1776,0x5c...be56,https://bscscan.com/tx/0xe829028081872ed1257eae903dac70a9f7980298a34a45f70910cc8479d3e484
2023-03-30 20:18:27,False,0.4684,0.001488,256.639,0.382,0x7f...cdd7,https://bscscan.com/tx/0xe688bc128d3dba6e4c1a33b7003f2525b96b9a1a188371453efa6c57b367fba4
2023-03-30 20:17:39,False,0.4682,0.001488,33.0,0.0491,0x7f...cdd7,https://bscscan.com/tx/0x8d66797ef55705dd2eb0e2cc4ebb7d75fd74d6038b086cc12b0b7c59aab380fe
2023-03-30 20:12:54,False,0.4686,0.001488,532.3,0.7924,0x00...78d2,https://bscscan.com/tx/0x3d227c335dc53c4483a0350a445c28b29ae1747d5491da46af863c3f021e15d2
2023-03-30 20:11:39,False,0.4683,0.001488,73.0,0.1086,0x14...23bc,https://bscscan.com/tx/0x1c9b43ab7c255920895f1df8633ee4e854e9a5fa4de0cb5d0792d6d991238159
2023-03-30 20:11:12,False,0.4663,0.001488,1549.57,2.30713,0x6b...17af,https://bscscan.com/tx/0xb1b2fea4f4e13051b5016fbd2bcdee2c8c3a548ae57375bfa87773e540022542
2023-03-30 20:07:30,False,0.4686,0.001489,586.3,0.873,0x00...78d2,https://bscscan.com/tx/0x2ec17c482a445dc2d76af52dd6696105ec07b0326ee6e01150c9931a460bc979
2023-03-30 20:06:03,False,0.4664,0.001489,1965.5,2.92695,0x00...78d2,https://bscscan.com/tx/0xa09e462fa81a0fb9aceec8bec50b8cebe3f14794797cc92dea635b3b6b7dbd2a
2023-03-30 20:01:21,False,0.4687,0.001489,520.1,0.7745,0x00...78d2,https://bscscan.com/tx/0x52ba197a5de1d3ca746d27d09b6cd59f129961086547cecc89ac92d2aed121cc
2023-03-30 20:01:18,False,0.4688,0.001489,731.5,1.08948,0x00...78d2,https://bscscan.com/tx/0x0b709f251c9f63a9f87ded4e3c5a48a68b65bee62a94f7334c5f892bc5f4b126
2023-03-30 19:59:48,False,0.4688,0.001489,216.036,0.3217,0xf7...332f,https://bscscan.com/tx/0x431bb2059c01ce7ebdabe4372e81b3670437e663767752dd5396cd5ff7578d3d
2023-03-30 19:57:09,False,0.4688,0.001489,749.1,1.11578,0x00...78d2,https://bscscan.com/tx/0xee38859138e41135f57aa715f83d171173c45eea69f0a3ab838fc84dab2f2b5d
2023-03-30 19:52:11,False,0.4667,0.001489,88.0,0.131,0x02...f2c0,https://bscscan.com/tx/0x8be7a5a550d0203294981d7dae057b7eba107e4f1c104ac74c5d9dc44894f73f
2023-03-30 19:48:44,False,0.4667,0.001489,754.1,1.1233,0x05...7eea,https://bscscan.com/tx/0x92e1f2f41b4dee06199f71f61decdf33e14150ca02a2f289aa6d458325121b8a
2023-03-30 19:48:38,False,0.4667,0.001489,75.9202,0.113,0xfe...d184,https://bscscan.com/tx/0x5f6d51fdee30d56d6661306823083b85880d214f7d6bfc929b4a2b299d8de1b6
2023-03-30 19:48:32,True,0.4683,0.001493,56786.7,84.8247,0xec...8b15,https://bscscan.com/tx/0x1e9578642a80fa8fe53630f591cded42002bca4713061494e7543bfcca2e64c7
2023-03-30 19:47:32,True,0.4673,0.00149,768.71,1.14563,0xf0...383d,https://bscscan.com/tx/0x0d31f36f77d644a854f824772b7c2a2559cf401b7617c25c2fc9d56b6e0baaaf
2023-03-30 19:47:02,False,0.467,0.001482,165.0,0.2446,0xe4...8e52,https://bscscan.com/tx/0x38a442e046aa26fa60decc009ac82d5a7805a5fd926fe7e84c35e9bf7101f5c7
2023-03-30 19:43:23,True,0.4671,0.00149,243.43,0.3627,0x0c...4d6a,https://bscscan.com/tx/0x0c6e21d785eea652f5c9de881fa53e49589925a5f3725e7c8fac7c2fe0d945d0
2023-03-30 19:38:50,False,0.4644,0.001482,10.5063,0.0155,0x92...b3b0,https://bscscan.com/tx/0xac2e51272136fe61f33ae722259d76facbb109b69a632b6f72a66dc0392b3b43
2023-03-30 19:38:26,False,0.4668,0.001483,4297.14,6.37304,0x09...18f7,https://bscscan.com/tx/0x60cb76f28fda456cd93640cdc7032d4f1869616d3c80b17bb40383af3c430178
2023-03-30 19:33:58,True,0.467,0.00149,3.04066,0.0045,0xf7...332f,https://bscscan.com/tx/0xe77225d094d250cc9f4c3010abc31b437f84559432fb623ec63f4784d7603680
2023-03-30 19:33:24,False,0.4648,0.001483,4245.8,6.29903,0x00...78d2,https://bscscan.com/tx/0x21cae56e54a85b33ec3b5e9e122fa3dfb22733d9307cb3bd6b4ab95a70982cb1
2023-03-30 19:33:18,False,0.465,0.001484,4306.39,6.39109,0x00...78d2,https://bscscan.com/tx/0x3d4264bc28631ad962b04628c5ec5ab2bfdd2c8c3432a1d14c46472a00e5cb14
2023-03-30 19:31:15,False,0.4688,0.001484,6200.3,9.20566,0xd8...bcda,https://bscscan.com/tx/0xefa67908a13f43ac4fb5ae5f560bfdd963d950a4c31bdf3da49eb18aefdeac26
2023-03-30 19:31:12,False,0.4689,0.001485,2253.2,3.34647,0x00...78d2,https://bscscan.com/tx/0x9a79e65898d086feac17b3d100f0d6f2c9cd32b2c2f70633bf9597388c77f204
2023-03-30 19:29:45,False,0.4694,0.001485,2891.1,4.29477,0x00...78d2,https://bscscan.com/tx/0xfdb865b8bad075482b88e5f3b7f35d7d0e4d852e63db70e405a50e2dc543875b
2023-03-30 19:29:36,False,0.4695,0.001485,4278.75,6.35795,0x00...78d2,https://bscscan.com/tx/0x7b396d2298accd1f4cc90b45f596616cb0b59d5639a4758f977e046b9a7aef2b
2023-03-30 19:28:48,False,0.4673,0.001486,32.2251,0.0478,0x67...63bb,https://bscscan.com/tx/0xe6502686bec7fa49ec8c50c6ec4c95d71cfbca3e9dd5aad237e541261f76ce03
2023-03-30 19:28:03,False,0.4673,0.001486,2512.8,3.73487,0x00...78d2,https://bscscan.com/tx/0x702d7c7cc8f24c035d76ff4d23abc868aad0b4662eea7781c361700b36e27d57
2023-03-30 19:28:00,False,0.4675,0.001486,5070.0,7.53801,0x83...6678,https://bscscan.com/tx/0xf7dc2004f3a30c27fa2205d4926f63e5c7f372575fc0ded19c2fee1925f43ebe
2023-03-30 19:27:57,False,0.4676,0.001487,3369.53,5.01145,0xb0...a41e,https://bscscan.com/tx/0x59cfda959f0c20199fde4e6faa7198ee4169193f6bae96359803e7e01f9b9775
2023-03-30 19:26:57,True,0.4701,0.001494,20.0,0.0299,0x80...02dc,https://bscscan.com/tx/0x924979d355f2a6d735c64a6a1ae88abd27f89918c30888f68bdb05a9e56e5672
2023-03-30 19:20:51,False,0.4675,0.001487,23.515,0.0349,0xd9...07b3,https://bscscan.com/tx/0xaa643b3e8f5b9ed585423075252299d3a7741b1ef4fa90aaf0d0ec6702a4702f
2023-03-30 19:19:15,True,0.4699,0.001494,53.2812,0.0796,0x2c...c9c5,https://bscscan.com/tx/0xa9233b96218f25ec09812227ae629ea3aec8e2712b47dc735935f77d959c2c12
2023-03-30 19:17:51,False,0.4675,0.001487,79.367,0.118,0xf4...22e6,https://bscscan.com/tx/0x3af4dcedde0f2a0f7cbc6fea41d15cb74d9f9c96d4b1ade1a783453a932cbe71
2023-03-30 19:16:12,False,0.4699,0.001487,149.0,0.2216,0x83...3650,https://bscscan.com/tx/0x344c1a360c9cea49fd9f19ba1121ef6d52af4b1ca77eced2468928f7f6966cd8
2023-03-30 19:15:48,False,0.4676,0.001487,20.0,0.0297,0xda...7899,https://bscscan.com/tx/0xe693469bc96f35e3837e990233d95260cabda158457b0dd04ef5e86fef398208
2023-03-30 19:15:09,True,0.4721,0.001495,40.0,0.0598,0x7a...bb4f,https://bscscan.com/tx/0x3d976faefa6fa2711e67047004cc4bb9d4f17c8cb486003e892677eeb3a63e66
2023-03-30 19:09:21,False,0.4695,0.001487,673.7,1.00216,0x00...78d2,https://bscscan.com/tx/0xac150fda79d44013ea85e312b00e5c553d98536ff87a9d590c1424498fcfe43e
2023-03-30 19:07:39,False,0.4671,0.001487,16.97,0.0252,0xcd...d4e6,https://bscscan.com/tx/0x95332d290c357e4e334eee8bc4cb1dcffd41e084b63b28a3ef07d24c291a208e
2023-03-30 19:07:39,False,0.4671,0.001487,897.8,1.3356,0x00...78d2,https://bscscan.com/tx/0x8960d27f4aa2e99e9fdc4a9d671581820cfc34353b11fee7ba23315a744cb6ab
2023-03-30 19:06:30,True,0.4717,0.001495,17.8134,0.0266,0x45...f8c5,https://bscscan.com/tx/0xa4ea11eb42016b84a17a7934fc0a212f21f20d190592808243e15ffc80f9c3a0
2023-03-30 19:03:36,False,0.4696,0.001487,13.8048,0.0205,0x80...02dc,https://bscscan.com/tx/0x932cde5d7bf79e46861ab6fecb6b742011df693c8073941d3079b5c2530326ed
2023-03-30 19:03:12,True,0.4719,0.001495,10.0,0.0149,0xe7...599f,https://bscscan.com/tx/0xa5dc77c6b21868800797eced2d8a139c3edb005512641d6f1782dd1bb13dc860
2023-03-30 19:02:51,False,0.4696,0.001487,30.0,0.0446,0xda...7899,https://bscscan.com/tx/0x13b07c0e420392ca4ee07af27768e08beaee5dfee64c5b5dcf8dbfdf1d6dce67
2023-03-30 19:02:00,False,0.4672,0.001487,28.4391,0.0423,0x80...02dc,https://bscscan.com/tx/0xd2cd64b57c8a4a80af96e405c161c897828297db8005c44743169ec8d3caddd5
2023-03-30 19:00:30,False,0.467,0.001487,1093.33,1.62661,0x1a...8c9e,https://bscscan.com/tx/0x4e460b6b6e88e38051b92b4a8dbf2bfce7e11b0a53e93d5dc9c3aaa010fd2b8f
2023-03-30 19:00:27,False,0.4671,0.001487,6.0,0.0089,0x11...7789,https://bscscan.com/tx/0xbfc0e41febb476e4644bdee5b63b01c1c9153d2eadaf70847be55f99793a372d
2023-03-30 19:00:18,True,0.4694,0.001495,0.0284,4.257e-06,0x8b...6566,https://bscscan.com/tx/0x940542b416d9f015c6bd02960d0e382c3b3b6546d340b9d5199084179199f5f8
2023-03-30 18:58:27,False,0.4694,0.001487,421.0,0.6263,0x8a...fe99,https://bscscan.com/tx/0x4d779f9f04aefa48a25af930bf4ac54db67796983d296a6803d85ee042cde625
2023-03-30 18:58:24,False,0.4694,0.001487,45.0,0.0669,0x9a...b1e1,https://bscscan.com/tx/0x46971c26daca6877709d774119fe8456a9e5d660157b39fbb08ede80fcfd13f1
2023-03-30 18:51:33,False,0.467,0.001487,37.0245,0.055,0x80...8892,https://bscscan.com/tx/0xd104e1ab0c2c95b5e5d3799568993654cb5ddab38f2d0c7dd628250ac9b1b70c
2023-03-30 18:48:06,True,0.4693,0.001495,153.522,0.2295,0x52...a560,https://bscscan.com/tx/0xccd89c09da739add76130dab4e3e5b489bae6cea7388f73d3d176264b03a5fcc
2023-03-30 18:46:42,False,0.4693,0.001487,162.459,0.2417,0x27...c17e,https://bscscan.com/tx/0x3b13784886465bdd056da457fad3ce37323fa2b6f35a5cba17e747308b4e7a1f
2023-03-30 18:46:42,False,0.4693,0.001487,68.8514,0.1024,0x4d...69df,https://bscscan.com/tx/0xbf596316c449714aeba0fa3a44f93e7391e50df6eb107ab15b3f81e58454a20c
2023-03-30 18:45:36,True,0.4694,0.001495,78.7546,0.1177,0x52...a560,https://bscscan.com/tx/0xbe336130c4a2cfe581722b8603e07c3b151778081f5d3fda6062d14246870adf
2023-03-30 18:43:27,False,0.4693,0.001487,119.159,0.1773,0x64...9ae8,https://bscscan.com/tx/0x7e88db89566b35306cf39ece586713f39d8b760740f9f531f98e5277d2b99275
2023-03-30 18:40:45,False,0.467,0.001487,34.0,0.0505,0x67...6b69,https://bscscan.com/tx/0x62d11760eefd1176fb446f60a0d8a1d62c929131980e15fb91c0770c186897e6
2023-03-30 18:38:06,False,0.4693,0.001487,43.3758,0.0645,0x83...3650,https://bscscan.com/tx/0x88ef5cf05f432de267a0e91f2fd1c42d835179d1e8c20fc3bbed57a19e15b0bd
2023-03-30 18:36:18,True,0.4716,0.001495,14.0343,0.0209,0x3c...cfd2,https://bscscan.com/tx/0x0fda726b2b9d52eba9a2a180c0c15c33169b156232f96fe09456f3d8e3d67f8e
2023-03-30 18:34:27,False,0.4693,0.001487,86.0,0.1279,0x67...6b69,https://bscscan.com/tx/0x4ddfb388b680e9e0e8043035a4ad611cef04382d42b8caaefb03fff0be27c987
2023-03-30 18:33:48,False,0.4693,0.001487,4.952,0.0073,0x3c...cfd2,https://bscscan.com/tx/0x35e523ce13a0ac6ce8d6bd7991681f7a09f8d0658dfc76ce76d9e516c0ec9880
2023-03-30 18:33:36,False,0.4693,0.001487,56.0,0.0833,0x05...234a,https://bscscan.com/tx/0x292302d3127feebf873581d75fe4ed5b2dc714f9cbac7e45b54fd81733c9c362
2023-03-30 18:33:30,False,0.4693,0.001487,5.0,0.0074,0x3c...cfd2,https://bscscan.com/tx/0x14df373e47d108eba89a7d65cbe43c8aa1fbf43858bce114be2057abeaffe976
2023-03-30 18:28:24,True,0.4714,0.001495,10.0,0.0149,0xb8...f68c,https://bscscan.com/tx/0x3c22df2cde4076015940967a73f03c2cee246673a946303fb240f4d3ac0232e3
2023-03-30 18:27:18,False,0.4667,0.001488,2013.5,2.99617,0x00...78d2,https://bscscan.com/tx/0xed4e3251785d5a93c4ca584106da5a44c7d151e53bce005bf4c275cf3db5a799
2023-03-30 18:25:27,False,0.4668,0.001488,255.0,0.3794,0xd9...a33f,https://bscscan.com/tx/0x691cdee60191cbce77e3ebbcd59cd131e74321a68be0a7ccfd7bb04402f1a2b1
2023-03-30 18:16:00,True,0.4693,0.001495,134.376,0.2009,0x1a...0c99,https://bscscan.com/tx/0x01c5be5e7e8fc8bdd2eec3956d56aaafc1104be0aa10c35788e85e63e16fdf37
2023-03-30 18:15:54,False,0.467,0.001488,7.74524,0.0115,0xe9...6073,https://bscscan.com/tx/0x2cf9536133e482d92495a09dfe09aa0b750566affd78ba066a67156a49a51bdd
2023-03-30 18:10:48,False,0.4673,0.001488,130.0,0.1934,0x9a...394f,https://bscscan.com/tx/0x1b6278f004a9d7aa01a5f8267976a2a6f52efcfa8bde927454efbd9a365d0078
2023-03-30 18:10:27,True,0.472,0.001495,338.597,0.5064,0xec...9221,https://bscscan.com/tx/0x76ca019d8c88d146e9cdbcd24bbdb8ef548b710401f591e21cf9a763eb1f7019
2023-03-30 18:09:33,False,0.4674,0.001488,3731.9,5.55445,0x00...78d2,https://bscscan.com/tx/0x8ee9199eadd6943ea9c45217af245279d7967e8ed28229cd8c3a530b57d85a4d
2023-03-30 18:08:30,False,0.4699,0.001488,42.0387,0.0625,0x94...4557,https://bscscan.com/tx/0x71577354c6f9f630a674ed9ec77f6ca107c9fb03014c143748a240f6fb9f939f
2023-03-30 18:08:06,False,0.4699,0.001488,42.0387,0.0625,0x73...9a19,https://bscscan.com/tx/0xa4cfb195ec69b1df410ee3111908b5b58e82bb16d70912368953208fadaa0853
2023-03-30 18:08:06,False,0.4699,0.001488,1047.1,1.55878,0x05...7eea,https://bscscan.com/tx/0x040e1f4cd02616ff07a7f07573f06b042027195070efa5020bf04a15df65594c
2023-03-30 18:07:51,False,0.4676,0.001488,45.0,0.0669,0x60...2fa2,https://bscscan.com/tx/0xee8f2cbebb90c4955e97751c764c1d6698d1f9b68b7ed1c35e93537481a7594c
2023-03-30 18:07:27,False,0.4676,0.001488,42.0387,0.0625,0xfc...dce1,https://bscscan.com/tx/0xa92b0384a267de9ecc2cb6d16ab9c4b45ff2aa797f214532d22f0f8037e9119f
2023-03-30 18:07:03,False,0.4678,0.001488,42.0387,0.0625,0x59...2f49,https://bscscan.com/tx/0x9d939a6ddeed300b67421735169f98b905e59df65693084350192eb370aa22b4
2023-03-30 18:06:45,False,0.4701,0.001488,42.0387,0.0625,0x13...33ae,https://bscscan.com/tx/0x33844687721a63ceaefc124bc10dd1d371ff75d70fdf5a05c3a2bf03f756b9ae
2023-03-30 18:05:06,False,0.4689,0.001488,11.6029,0.0172,0x2b...721d,https://bscscan.com/tx/0x6a827bd7d122b3e8aec4aadfe783865cd95fd4d21df35909c5395acb48745116
2023-03-30 18:03:33,True,0.4714,0.001496,454.613,0.6801,0x47...79dd,https://bscscan.com/tx/0x958bea8fcb79e2bcd468fafeae9d791e0773f978a138dd2f95aa2c0b76e580ca
2023-03-30 18:00:00,False,0.4714,0.001488,15.8763,0.0236,0x57...7fad,https://bscscan.com/tx/0x208230613b9a3b93abc0c24c79321cec9e72624f9eed02591b12b37092ed14cd
2023-03-30 17:59:51,False,0.4714,0.001488,699.0,1.04063,0xc1...e91a,https://bscscan.com/tx/0x752b297800b30526642864accac59ad207dac63668791074c5da6953f207a182
2023-03-30 17:58:09,False,0.4714,0.001488,74.4242,0.1108,0x55...1c36,https://bscscan.com/tx/0x94fa17a09bde8f1a97099ef5331ca4205f3ef9efa9e6d0c2808cf220b074a9be
2023-03-30 17:54:06,False,0.4691,0.001488,9.0,0.0134,0xc1...b58d,https://bscscan.com/tx/0x1746d77f9bf218493bd171c893adbf1d2b6b53965f2a9d21305b62a7a3aaa117
2023-03-30 17:52:39,False,0.4714,0.001488,233.0,0.3468,0x62...76e5,https://bscscan.com/tx/0x5c93cb94dfa0f97482aae290265e14f4456e5db2fb5a2517d1e14f4bb7a83b36
2023-03-30 17:47:03,False,0.4718,0.001488,2075.01,3.08956,0x1a...8c9e,https://bscscan.com/tx/0x121a215be0f0fffe12e24f03470aa36e7f091fd2f292b34ad12c828990157cb9
2023-03-30 17:45:24,False,0.4719,0.001489,14.9077,0.0222,0xf7...8bed,https://bscscan.com/tx/0x3dbad7efe4f6cf2c229e37d1fb3cde33bd213bc796cdff42d99cbe3a06d364d9
2023-03-30 17:44:45,False,0.4719,0.001489,175.0,0.2605,0xb6...f5ee,https://bscscan.com/tx/0x1c88b3a46dc583500a9e1b06d5a949af21a5157ea02aa394c2302d74c121245b
2023-03-30 17:42:12,False,0.4695,0.001489,673.8,1.00337,0x05...7eea,https://bscscan.com/tx/0xa25276c923ef7445efff5373e2b24dc91212b94347872b9fa519f730287e71ce
2023-03-30 17:41:54,False,0.4694,0.001489,1492.4,2.22256,0x00...78d2,https://bscscan.com/tx/0xbd9337b1ae3a5be65b992450f1d899d9e4d82a4ba265a9500b276b612f219a7a
2023-03-30 17:40:42,False,0.4695,0.001489,1978.0,2.94614,0x00...78d2,https://bscscan.com/tx/0x4129efb63786efd2ea3bbd2846fac219a2236ad0f352daed73952a97879b9777
2023-03-30 17:34:12,True,0.4742,0.001497,5.0,0.0074,0x7f...bcd8,https://bscscan.com/tx/0x8a8098f922bc10a18a7f38c3142b2e9d8ade69e4ea51fb267404cafab1b976f6
2023-03-30 17:26:48,False,0.4722,0.001489,994.6,1.48159,0x05...7eea,https://bscscan.com/tx/0xb7fa057045d79e9b2348aff1f3f82c44deba3c567a643acfab50c22ea83437d8
2023-03-30 17:26:30,False,0.4699,0.001489,1.50176,0.0022,0xb3...61c9,https://bscscan.com/tx/0xaf31b7f8736125679e19da4b678f8c2bb800c0f5f17b622bed297b88d1837b3e
2023-03-30 17:21:01,False,0.4722,0.001489,74.4166,0.1108,0x2e...c5d8,https://bscscan.com/tx/0xfa67f9dd2867652f859ddc9129447560db768f7b1e3afad584a627b14b58064c
2023-03-30 17:18:16,False,0.47,0.001489,672.5,1.00185,0x00...78d2,https://bscscan.com/tx/0x998d21a8c3dc984cabecf84f7bb1fb5843070e09d941957791a366975cee6cc7
2023-03-30 17:16:55,False,0.4723,0.001489,101.075,0.1505,0x5f...c07b,https://bscscan.com/tx/0xe713fc251978757d130026f1fa1608b895e8a0b8cf621a3a82de941f5540ff66
2023-03-30 17:12:04,False,0.4723,0.001489,671.5,1.00042,0x00...78d2,https://bscscan.com/tx/0x72939e99b9e5ce7e709919b4db06a8e38b318219ec7c1f8dcf4cd1a8d08a1005
2023-03-30 17:06:10,False,0.4721,0.001489,9.59911,0.0143,0x9a...850c,https://bscscan.com/tx/0x6cfa95959bb9a56d8cd7644716cb1ee6b608df52d3643b09e3ad56cae94ac328
2023-03-30 17:04:40,True,0.4744,0.001497,6053.07,9.06136,0x1f...4049,https://bscscan.com/tx/0xe643c79cb95225f1048002da98d9cc381bf569aa3630ff9379e6cd847b2c23ba
2023-03-30 17:03:55,False,0.4696,0.001489,2229.8,3.32081,0x00...78d2,https://bscscan.com/tx/0x4b7b0050229272460838fe352bb6a7863a966f97d3a445016a0ba84be655e754
2023-03-30 17:02:22,False,0.4721,0.001489,39.7906,0.0592,0xb8...377b,https://bscscan.com/tx/0xc54f0fa529f0ea726e863af0fba38430cd0942b78e7ba38bda49013ea59a4296
2023-03-30 17:01:16,True,0.4723,0.001497,105.238,0.1576,0xae...cc52,https://bscscan.com/tx/0x0e3e93117ca82b943ec4276e04ed62a26ef0fd7793203d1e4aaedb738410593f
2023-03-30 16:57:52,True,0.4744,0.001496,43.5354,0.0651,0x2a...6cdd,https://bscscan.com/tx/0x35b4fcde42611a91179333097f512ffea5c6062c1156af36bcd3f42a3b45a97a
2023-03-30 16:56:19,False,0.4697,0.001489,987.037,1.47015,0x49...29d5,https://bscscan.com/tx/0x615b403fc5e392a04a45e7d8ea3503fef484840f64fda8f6db3218c1a465910f
2023-03-30 16:55:40,False,0.4698,0.001489,5.0,0.0074,0x49...29d5,https://bscscan.com/tx/0xb0805153faa7bd7d6e11adb2146265816b0ae82845ac4eb38380ce1dabe24216
2023-03-30 16:54:31,True,0.4721,0.001497,71.5081,0.107,0x75...a88f,https://bscscan.com/tx/0x7c548b3aa7734044521f93d856e7381cce308d65ab1b3288338bab71bceeed50
2023-03-30 16:53:25,True,0.4721,0.001497,57.2081,0.0856,0xee...9e95,https://bscscan.com/tx/0xe49bdbb180e888abbbb437ba19762d9ec07de930a5ead56ffb19958454536a88
2023-03-30 16:52:58,True,0.4745,0.001497,71.5105,0.107,0xfe...6515,https://bscscan.com/tx/0xaed0fccc0bb321b01a164b81f452f5c8d5de7deffba9f4adc8572f09d5ac1d73
2023-03-30 16:45:58,False,0.4721,0.001489,6.94331,0.0103,0xb8...377b,https://bscscan.com/tx/0xfcf27505520417cd1a2e197e54cd3784e277af106f4203c59da66ce4841fb346
2023-03-30 16:45:40,False,0.4698,0.001489,43.4797,0.0647,0x10...9532,https://bscscan.com/tx/0x84df9bffb0c390fb9d81d6f77ee39a176326b0e8636dbf0a4c489e2755518294
2023-03-30 16:41:17,False,0.4721,0.001489,119.155,0.1774,0x11...bd08,https://bscscan.com/tx/0xf562d0b8825dff3c0bab4f6c4a24e97965bcc7b336f7e9e8d6ef20ae79ebca82
2023-03-30 16:39:34,True,0.4741,0.001497,57.2012,0.0856,0xea...3e64,https://bscscan.com/tx/0x88c0e34a267926344272422b4363b0ec44a611a1d71f8da307e89bba917fdce9
2023-03-30 16:39:10,True,0.4717,0.001497,57.1821,0.0856,0xdb...0352,https://bscscan.com/tx/0x659a90d3be47f2180d41c885dfb98a687c212593152cc517fd3d6f3a54f7653a
2023-03-30 16:38:49,True,0.4741,0.001497,57.1815,0.0856,0xd0...b20d,https://bscscan.com/tx/0x1131da47cfa7d196be895201e9067fb80ab2a841966490e932ca83898434f1c8
2023-03-30 16:38:22,True,0.4717,0.001497,57.1798,0.0856,0x24...1588,https://bscscan.com/tx/0xdc69c371a44c3b041e1de5331b8cc0b8aa4f0ee8bcbf097617c44818c6fe8790
2023-03-30 16:38:01,False,0.4718,0.001489,3267.0,4.8668,0x00...78d2,https://bscscan.com/tx/0xfc12a54027bfafbe97b06d3602e736b405532fd024c129e8c6b0ee51f03570bd
2023-03-30 16:37:55,True,0.4742,0.001497,57.1662,0.0856,0xe8...f300,https://bscscan.com/tx/0x9a6f0314d11bfd84bbaf111c0ea1fe1fe378ff75108973352bd6700c94ce3958
2023-03-30 16:37:31,True,0.4743,0.001497,71.4573,0.107,0xd8...d816,https://bscscan.com/tx/0x025051883375abfad8a47eb7d85a3fac951cb2b6df42a296bc41a828933b18df
2023-03-30 16:36:46,True,0.4719,0.001497,71.4587,0.107,0xfb...029f,https://bscscan.com/tx/0xe193830f793ac4183e5d35249fda27a6ab51765e3895aaccf014dd577f0459a1
2023-03-30 16:36:22,True,0.4743,0.001497,42.878,0.0642,0x9e...5aa9,https://bscscan.com/tx/0xf7eda3b8b57ad549cb3da652bc8296c4ad3fcea182ec9451de32cedee23dcb4d
2023-03-30 16:36:04,True,0.4743,0.001497,104.0,0.1557,0x34...3a81,https://bscscan.com/tx/0xb8bc355bae1699a8e90637451298424ea55f6d06e05cfe71b7831619db873868
2023-03-30 16:35:58,False,0.4717,0.001489,165.0,0.2457,0xb6...f5ee,https://bscscan.com/tx/0x58f0abd560f2a7ddd18854d9a6c7f1e6bdef682c8eb0bae7cc3e4474beedcd50
2023-03-30 16:35:37,True,0.4743,0.001497,57.1726,0.0856,0x02...95f4,https://bscscan.com/tx/0x4d2218b6551aea442b9c61449248065c423f0dd5e7dd98f28bc83ea6f7848964
2023-03-30 16:35:13,True,0.4743,0.001497,42.8792,0.0642,0xd7...f2d6,https://bscscan.com/tx/0x947af687a9b63411bcebd4234ff17017b0a5d55bc45e5bdd7b4f109fc6cba802
2023-03-30 16:34:40,True,0.4743,0.001497,57.161,0.0855,0x29...19a0,https://bscscan.com/tx/0xbbaabf36184720e0c1cea4bdf3058c81c8410083d67c26fdbb02d98739eb0c06
2023-03-30 16:34:21,False,0.4696,0.001489,3.0,0.0044,0x8c...1120,https://bscscan.com/tx/0x6259b3f8149704b2b8c07186caec316def5f18fc5553a9adf80a5a8e25e66c51
2023-03-30 16:34:15,True,0.472,0.001497,57.1583,0.0855,0x54...72ff,https://bscscan.com/tx/0xf034675de79f5d08af6db370ad0a4754998cbb5ad0598fe69d3c3cc47b529035
2023-03-30 16:33:51,True,0.472,0.001497,57.1608,0.0855,0x8b...2770,https://bscscan.com/tx/0x4263fb743b8d7f6e422c3aea4deecf8865015d54cb6beed1ef19609b8474723f
2023-03-30 16:33:36,False,0.4696,0.001489,19.0,0.0283,0x8c...1120,https://bscscan.com/tx/0x6e0b29fe3382df6a5143bb30514d642ea30467859a0ba42446f9b81fd95a5522
2023-03-30 16:33:29,True,0.472,0.001497,42.8706,0.0641,0xf8...c40d,https://bscscan.com/tx/0x74abe2e7a893c1c4cbc925a4910a8778ca397e959947eb2cd9da69653bee49e1
2023-03-30 16:32:46,True,0.4744,0.001497,42.8722,0.0641,0xda...0c00,https://bscscan.com/tx/0x26671103a4461c59b2c48e5d4043f4f06706777682c0d4c02216a0575c8cc7bd
2023-03-30 16:32:16,True,0.4744,0.001497,57.1628,0.0855,0x21...5883,https://bscscan.com/tx/0x2a9c2479bb28ad142b43c588fb19e157c3eb498cd87472cb79a1c28fd888876b
2023-03-30 16:31:32,True,0.4741,0.001497,42.8799,0.0642,0x8a...69e2,https://bscscan.com/tx/0x521267e45676d1d6b0abb090f34a820c9d3729abf7935898b648dbae910120ee
2023-03-30 16:30:56,True,0.4738,0.001497,57.1742,0.0856,0xe5...e935,https://bscscan.com/tx/0xb6088736541f163172a24f9caa2d1d986318927757862ba2ce5a25e7bcce0281
2023-03-30 16:29:47,False,0.4694,0.001489,50.0,0.0744,0x8c...1120,https://bscscan.com/tx/0x7d490c70a567b208ac4268ad0a0c73e62501d0b3317f8bce16112358b8e47994
2023-03-30 16:25:53,False,0.4717,0.001489,7.77606,0.0115,0xd8...c39a,https://bscscan.com/tx/0x9f2c951c362ffe151f2ba3d6e521e8464e6434af76670767908a3ce9f16e648b
2023-03-30 16:21:53,True,0.472,0.001497,239.206,0.3581,0xb2...df27,https://bscscan.com/tx/0x6a470f960aec795f4d7f2bbb3eee2c52c513c653bffd2bf7ead6163a4d0088de
2023-03-30 16:18:02,False,0.4692,0.001489,20.0,0.0298,0x7a...70e7,https://bscscan.com/tx/0x39f7a943631f9ffca42902651385d64be7e0e771dbb1daf9221881cb4a174566
2023-03-30 16:17:38,True,0.4739,0.001497,55.42,0.0829,0xe4...8b29,https://bscscan.com/tx/0x2af83f9719cfe99ff6ed78943a758a784f9a1004692c8840f766bf2b1e5977a2
2023-03-30 16:17:38,True,0.4715,0.001497,17.4156,0.026,0xb0...145c,https://bscscan.com/tx/0x5565f2f976e6deb2ff5718b1317918b8dc3cc4efe5eb64bc04a932a720de4504
2023-03-30 16:15:20,False,0.4718,0.001489,1448.5,2.15805,0x00...78d2,https://bscscan.com/tx/0xc9e3d37be2a799c1177a4234cf31762dac6416d55216c6855a2c184eb303e5c0
2023-03-30 16:14:26,False,0.4718,0.00149,3636.1,5.41835,0x00...78d2,https://bscscan.com/tx/0xc059bef21924e157858116d58f0edb9b63f748377449180885d119a0c4e3ecb1
2023-03-30 16:13:50,False,0.472,0.00149,76.1408,0.1134,0xd4...d5df,https://bscscan.com/tx/0x495913d9d21e955a28a1d59de83e81b06b301ea275d3e7fcd107ebeb3e0f933a
2023-03-30 16:09:44,False,0.4729,0.00149,183.428,0.2733,0x42...859c,https://bscscan.com/tx/0xcc144bba5e4f18327460b839a97213fc205611500230e8a8ac5738432642422d
2023-03-30 16:09:05,False,0.4729,0.00149,45.5296,0.0678,0x97...14c8,https://bscscan.com/tx/0xdbe37cb19eb72138ba8f33734b8ac3124dcb2af4b2859a25085d0e0bfd933e5c
2023-03-30 16:06:50,False,0.473,0.00149,9.0,0.0134,0xc4...47f6,https://bscscan.com/tx/0x406591eb95ede51567c1906b7add0f60b42039b00285fdbc8d41cde7785b5095
2023-03-30 16:06:44,False,0.473,0.00149,306.531,0.4568,0xe8...670d,https://bscscan.com/tx/0xe483264b1d159ccc01fa9f1ce0ccfd3452fcef0c8d064426600abf3857c78fdd
2023-03-30 16:06:26,False,0.4728,0.001489,50.0,0.0744,0x0c...8d46,https://bscscan.com/tx/0x30748ab7d44cf4f70bdf57d497d76376e023609e72f696d800f397a8ece9bec9
2023-03-30 16:06:17,False,0.473,0.00149,10.8367,0.0161,0x97...14c8,https://bscscan.com/tx/0x2a5936091c6f2ebf9933bdab9aab901a6045ad3b7e6c2a183c7f9618a0fd7c0c
2023-03-30 16:05:41,False,0.473,0.00149,12.0,0.0178,0x97...14c8,https://bscscan.com/tx/0xecca4dcd72ce90767d2a493841b602a519bbb9d958fbec713bc862f742801693
2023-03-30 16:05:38,True,0.4756,0.001498,29.7763,0.0446,0xd5...e7dd,https://bscscan.com/tx/0x626c910ad2cec5a096148aabfa6ed90d1f6455cd75aa2e7bd95fd2013b0158ff
2023-03-30 16:03:41,False,0.4733,0.00149,72.0774,0.1074,0x84...9434,https://bscscan.com/tx/0x80fd1be1e9d06129ff5e83ae83e6b3f09f0b2a92265e19b3b768f6a891797ae4
2023-03-30 16:00:14,False,0.4714,0.00149,39.0593,0.0582,0x08...c0af,https://bscscan.com/tx/0x00f54e3aeb729b2afb6951f09a346a883bf1baf6f23ffb0ed35f649e942643b0
2023-03-30 15:59:17,True,0.4761,0.001497,120.0,0.1797,0x96...6568,https://bscscan.com/tx/0xc3cfac704b27966a4f07bfd6c330a3fe1b42eeb593d3141ef47ce864dda7b955
2023-03-30 15:58:56,False,0.4737,0.00149,56.5058,0.0842,0x97...14c8,https://bscscan.com/tx/0xa8e5846c2b97915475c1099144cd59f8e817eca03c95d8f94a17690107f32d07
2023-03-30 15:56:26,False,0.4737,0.00149,1725.5,2.57196,0x05...7eea,https://bscscan.com/tx/0x6fa7620c89bf5199f23b6d1461bb08f2a622e417c1aac62468fd2b053ad4fdb2
2023-03-30 15:55:32,False,0.4738,0.00149,477.6,0.7119,0x00...78d2,https://bscscan.com/tx/0x7a1ed580e5c13213ffeccf54f3b608e39db942b1b824e852f375512d785feb71
2023-03-30 15:54:53,False,0.4714,0.00149,7.0,0.0104,0xfe...d184,https://bscscan.com/tx/0x749fd54f33984a358f7ac4dce0d3425a3afaa29a7932478dbf650d4f0af1619d
2023-03-30 15:54:32,True,0.4738,0.001498,18.6891,0.028,0xc3...2c0e,https://bscscan.com/tx/0xfc4bfe48b4e578bb2fc4e302ef7a7d019e4f6039dbf12b88b7482b12718d9925
2023-03-30 15:51:46,False,0.474,0.00149,25.0,0.0372,0x0c...faaf,https://bscscan.com/tx/0x1d3bc8a734db531d870bab5eeb6d7fe0605cecda2fe00c5136925cc4911697d6
2023-03-30 15:50:52,False,0.474,0.00149,658.041,0.9809,0xb2...df27,https://bscscan.com/tx/0x61f02e695534582151b5af410082366ca140dd982472ac5adc992f2d69a67131
2023-03-30 15:50:31,False,0.474,0.00149,20.0,0.0298,0xb2...df27,https://bscscan.com/tx/0x2db6f423ac72f9b02f94a840a3c857374c52e5373ea95defe022fd136407e97f
2023-03-30 15:50:31,False,0.474,0.00149,121.0,0.1803,0x0c...faaf,https://bscscan.com/tx/0x2304e195337a74551933b0109c68be86cd4a42d900891ff00a38c4a3b95512b7
2023-03-30 15:49:46,False,0.474,0.00149,99.0048,0.1476,0xd1...72a1,https://bscscan.com/tx/0x4eb1622ab0be3ae28b3e264c76f1ee13214b80495cfbf8effee2ce6a82095f2d
2023-03-30 15:48:13,False,0.4717,0.00149,10.75,0.016,0xe1...37e9,https://bscscan.com/tx/0xf54a71ee76e0da891324968cf5d7563682affed897bb91b58c903dedf774f5e3
2023-03-30 15:47:19,False,0.4717,0.001491,2782.1,4.14808,0x00...78d2,https://bscscan.com/tx/0x1acb700622f4d7f36ce4ecaaa5faa6fcdbffe7cdb8143997b354b193a15298a8
2023-03-30 15:43:25,True,0.4765,0.001498,27.2852,0.0408,0x86...ba9e,https://bscscan.com/tx/0xe0072e20b2105b8596815820b8556e855900d27ad250e2461d69367e8a449418
