datetime,buy_order,price_USD,price_native,amount_token,total_native,maker,etherscan_url
2023-04-01 20:06:29,False,0.4705,0.001494,6.96919,0.0104,0x98...b446,https://bscscan.com/tx/0x1c3980ceea32a13263094fadb26994de63e328b761550ac253d3d0605f23c798
2023-04-01 20:00:29,False,0.4705,0.001494,42.0,0.0627,0xb4...ff24,https://bscscan.com/tx/0x63f8ac347ba419e844ada90c19b94ae06fbe416bb42b9ac928c361f570835f4a
2023-04-01 19:59:47,True,0.4729,0.001502,60.0,0.0901,0x52...2d92,https://bscscan.com/tx/0x7d11662df464479dcc092861292d6385728f1fa2800eb7382b750df80bf5b523
2023-04-01 19:56:17,False,0.4704,0.001494,10.0,0.0149,0xb4...ff24,https://bscscan.com/tx/0x250ad9e77e0559fdfecc30763b6ae66ba68f3408b74580c7c83437d5753ad60a
2023-04-01 19:48:47,False,0.4701,0.001494,3.0,0.0044,0x0f...68a3,https://bscscan.com/tx/0x20b57a829fd51c07d1eca8061c42e034e2c2f18ad20ff5e16b4303c934f29b46
2023-04-01 19:47:14,True,0.4729,0.001502,60.7577,0.0912,0xc9...8272,https://bscscan.com/tx/0xf3a54eac584de0197db030634593a4133784fe982d2bdae3e5b579f95854b26a
2023-04-01 19:42:02,True,0.4729,0.001502,118.861,0.1785,0x5e...21c2,https://bscscan.com/tx/0x6d80b61515b7974d5de5397f8c2f5a8f68945383bb8a81ba58c864399cee592e
2023-04-01 19:19:26,True,0.4725,0.001502,30.0,0.045,0x51...c856,https://bscscan.com/tx/0x947b2be1318a71ad8d86a3fe5426005015af2d5224886298e4e21b46499329f0
2023-04-01 19:13:44,True,0.4727,0.001502,99.5423,0.1495,0xff...aa11,https://bscscan.com/tx/0xf23a0a0849ba6845dd525e06a0ce0daf8aef2d5574875f091c883d50cc76ecb9
2023-04-01 19:12:02,False,0.4675,0.001493,80.0,0.1195,0xd0...bedf,https://bscscan.com/tx/0xf1dafc2fdf7fa02b1fb8d15fef7d5f76cf83110e764651bacfbc06ac2f4c91fa
2023-04-01 19:10:59,False,0.4677,0.001494,24.3242,0.0363,0x3a...281f,https://bscscan.com/tx/0x84b524e92a9e59c14f0b2e47848c000883c202c51c7f39501fc1596fa0b1f720
2023-04-01 19:08:44,True,0.47,0.001502,242.337,0.3639,0x35...aca7,https://bscscan.com/tx/0x815fe11db2b1d550567537bc651cf0c69e3e207db58fb034de43b42cb320879a
2023-04-01 19:07:59,True,0.4723,0.001501,12.0,0.018,0x52...2d92,https://bscscan.com/tx/0xf2c0962a0bbdf8909da996ba019f42c510882793061157702a8994cd15f8e4d5
2023-04-01 19:00:20,True,0.4722,0.001501,0.0286,4.297e-06,0x8b...6566,https://bscscan.com/tx/0xbb5352593694c83304778a4c754568c70726ed39a08010500eb4775d8c415330
2023-04-01 18:46:14,True,0.4732,0.001501,52.4917,0.0788,0x1f...e079,https://bscscan.com/tx/0x9305ca4dbc59c5a57b428552df5242a46ebe1bf495f3900d02b7a670dc623e54
2023-04-01 18:42:23,True,0.4732,0.001502,20.8986,0.0314,0x99...68e5,https://bscscan.com/tx/0x15b526622527555079352f90e2286a12ffa099fee34f708c37e4e0102f198031
2023-04-01 18:40:56,False,0.4683,0.001494,61.3241,0.0916,0x00...8e06,https://bscscan.com/tx/0x2189769103e1394e591fcf3be6c837b785b660f965d89c1ca7fc2f3317e68370
2023-04-01 18:32:38,True,0.4724,0.001501,89.1135,0.1338,0x1d...8426,https://bscscan.com/tx/0x0665bfd4edcf80e1bc1f3cb145907ed79b4cc6595b658b032b946bd7af10885e
2023-04-01 18:30:32,True,0.4723,0.001501,56.4598,0.0848,0x06...e61c,https://bscscan.com/tx/0x145ca0b8d033e0127c9296a15cc334f3240a2cdac288ce885ea4bbc1aa27b3af
2023-04-01 18:20:05,False,0.4699,0.001494,100.0,0.1494,0x93...3dfb,https://bscscan.com/tx/0x36360f74b8cdcb020a0496bdc6c3e497d337a4a1a16fd02e25d73dae439acf83
2023-04-01 18:17:50,True,0.4699,0.001501,1873.78,2.81409,0xda...c952,https://bscscan.com/tx/0x63f0951fbbc7c36d419f72ad8d879063730271532976c808193b18560073e37d
2023-04-01 18:17:08,False,0.4696,0.001493,38.1789,0.057,0x7e...6dfb,https://bscscan.com/tx/0xef1fed3e132aa7d5d4c059d0b5a8b4da975926dd20b9a243a61fe2cb4f629500
2023-04-01 18:15:53,True,0.4722,0.001501,931.044,1.39811,0xed...4f31,https://bscscan.com/tx/0x0574e2a336eac7bbd203a2cab92b0c8ad125de1ad5546efd6798f09e78cf970a
2023-04-01 18:07:00,True,0.4721,0.001501,3444.06,5.17091,0xda...c952,https://bscscan.com/tx/0x90bdb15785eadd4995fe103ee1ad1a347182940d30a0f6107e197902f9d9c923
2023-04-01 18:06:51,True,0.472,0.001501,3997.45,6.0,0x0c...8533,https://bscscan.com/tx/0xd90ae0c814fa410655f659794880f36a6e6c48546fd999acf3374696b2607f89
2023-04-01 18:06:51,True,0.4718,0.0015,3998.73,6.0,0x91...79fe,https://bscscan.com/tx/0x71311c284706836b3708fe8c6692f5a0991c5ed9eec09fb7468628b3935d10c9
2023-04-01 18:06:42,True,0.4717,0.0015,2333.18,3.5,0x52...1c7e,https://bscscan.com/tx/0x9142d024a166ebf22ed68ff7e165792a24c0f88d21b665d1ed280cf76cf1aa34
2023-04-01 18:06:42,True,0.4716,0.001499,2333.61,3.5,0x2f...e155,https://bscscan.com/tx/0x9c8b309e92e923bf7904df29f9871307b65cc6447ba019ba0f4b95e1d07457d5
2023-04-01 18:06:15,True,0.4715,0.001499,2334.05,3.5,0x52...1c7e,https://bscscan.com/tx/0x07a8745b20335de9d74caa233986228e430dc14598f11a033064a58851cf22ea
2023-04-01 18:06:15,True,0.4714,0.001499,2334.48,3.5,0x2f...e155,https://bscscan.com/tx/0xfd0abee0071b4310c8e0a044199cb668471d81a8faccbde41c9babed1cd85147
2023-04-01 18:06:15,True,0.4713,0.001498,3681.5,5.51821,0x00...78d2,https://bscscan.com/tx/0xb3aeb12dc1bb5b40800e8c25ae4c5b1b7668d033b64ea6428965ae20bc0c65c7
2023-04-01 18:04:39,True,0.4712,0.001498,2335.6,3.5,0xda...c952,https://bscscan.com/tx/0x281e17dbf42aa1758d222beb0537a38951e877e9a0f6446fd1198a4d6532c9b7
2023-04-01 18:04:30,True,0.4688,0.001498,2336.03,3.5,0x0c...8533,https://bscscan.com/tx/0xb63afa94243fb95747cf4fd97f8b3337cc671c03e0aded8626ca17c7f34d46b8
2023-04-01 18:02:15,True,0.4696,0.001498,417.505,0.6254,0xd3...ec6f,https://bscscan.com/tx/0xbd7bb2d939b06168c140cc6643768f3eaa7a788819af4bc7345474b4d38e4bbc
2023-04-01 17:57:57,False,0.4673,0.00149,64.1242,0.0955,0x1d...7c32,https://bscscan.com/tx/0xbc1b67475636c1d45198bc67ad4ad3e2d332678abf0cc1f177765c81db27deea
2023-04-01 17:54:00,False,0.4674,0.00149,1200.0,1.78881,0xc6...3786,https://bscscan.com/tx/0xc369838b1d58c63a13770daa4b7e479b55d0da7ca9b618029d31cb04164e7353
2023-04-01 17:38:36,False,0.4674,0.00149,890.687,1.32783,0x57...4a0f,https://bscscan.com/tx/0x0a841b533c3afce6824e21f138e5a81b172ab46cd9fc87af898f65b8e78de9ec
2023-04-01 17:26:32,False,0.4671,0.00149,10.344,0.0154,0x62...7cce,https://bscscan.com/tx/0x17a8dd8f182aa5a3763b88638aec42ba5fc806693ce6da241d68a04061fe957a
2023-04-01 17:23:14,False,0.4694,0.00149,50.4431,0.0752,0xbb...4e9e,https://bscscan.com/tx/0x0a8acdf708a2f11afbf9e0404da3f89643835094db1d007bb8d295752b5f314c
2023-04-01 17:12:26,False,0.4668,0.00149,14.9547,0.0223,0x5c...be56,https://bscscan.com/tx/0x84c32c3b7f47f5d97a58449bc126932e787dd33eb3413e68a3ca9ddb849be082
2023-04-01 17:11:20,False,0.4691,0.00149,3.91044,0.0058,0xc9...2213,https://bscscan.com/tx/0xe16717ce62e322cc90c58dca8765c0b41245e30eef034877f785af579cb06632
2023-04-01 17:10:32,False,0.4667,0.00149,21.3865,0.0318,0xef...6adb,https://bscscan.com/tx/0x5401808c0caf94e3a7d121510d94c23761a1d274de7ae8c98f4e43f6ef9b2068
2023-04-01 17:07:14,True,0.4689,0.001498,96.7738,0.145,0x3e...87ba,https://bscscan.com/tx/0x5f4e0d3b622f56c1ef33ca49f6d96e739afac2fd6939e734570bf7ad99ec63aa
2023-04-01 17:02:32,False,0.4687,0.001491,7110.82,10.6042,0xfc...535e,https://bscscan.com/tx/0xe68d0dd771a7ef99f41d9af036074ddf4bce9ab6c961876ca1e1f7fa08b15731
2023-04-01 17:02:29,False,0.4689,0.001491,419.292,0.6254,0xd3...ec6f,https://bscscan.com/tx/0xec22d4795715249a4e1e468eba6528c4769609ea908d1bdb488968b816e87f3d
2023-04-01 17:02:29,False,0.469,0.001492,5324.91,7.94509,0x8d...1b76,https://bscscan.com/tx/0xc663c530bceeb3c10d73050eb55b56c4fe69f405830a5f719a4b644997bacc0c
2023-04-01 17:00:29,False,0.4693,0.001492,14.4687,0.0215,0x90...b070,https://bscscan.com/tx/0x3bdb4614b9f2b024e700aa6863f931e35e3b69f01d0693d7d65ce636a8087e8b
2023-04-01 16:55:44,False,0.4699,0.001492,38.64,0.0576,0x05...ebd4,https://bscscan.com/tx/0x7cac8dbde2b4fc59c9d05a55189e8fbe56073686bdfb321045cbc63a45030d85
2023-04-01 16:52:41,False,0.4701,0.001492,262.0,0.391,0x61...db6f,https://bscscan.com/tx/0x42ad28526cce3f96ff9a4d5c2bd83c24076f4a95de75caa5fafb7585a626c39d
2023-04-01 16:48:11,True,0.4724,0.001499,30.0,0.045,0xef...6adb,https://bscscan.com/tx/0xaa505574f08cdd99fe3adf7eda75f8442e8fe047d426f5e99d2bc1767dfa16be
2023-04-01 16:42:59,False,0.4679,0.001493,11383.4,16.9964,0x0c...8533,https://bscscan.com/tx/0xee1c6e7a8a7f43441b76db793165ae65601fe61a3ccebf4be58fd2783ff0fff6
2023-04-01 16:42:59,False,0.4683,0.001494,7928.67,11.8473,0xda...6e1f,https://bscscan.com/tx/0x4ca12946b42a70f3e361d83ca01fc00ea7a2f119a49124b49e4805a05acda673
2023-04-01 16:42:23,False,0.4686,0.001495,9772.79,14.6131,0xda...c952,https://bscscan.com/tx/0x8ed9f6606a13c25c61fbc19c90cef7a2225bb82aefa4af682889cba9f247ab75
2023-04-01 16:42:23,False,0.4689,0.001496,5982.39,8.95098,0xed...4f31,https://bscscan.com/tx/0x0592e7612eb3b803aee298e8cc1ef8d1672f3cab541866c131c994252290a1b9
2023-04-01 16:42:20,False,0.4691,0.001496,1824.25,2.73032,0xda...6e1f,https://bscscan.com/tx/0x6b51c6752b12f01cad4263ee5f729f2ad06f5fc18980f2d0a7e586f14063c302
2023-04-01 16:39:32,False,0.4692,0.001496,553.215,0.828,0xc4...de76,https://bscscan.com/tx/0x3e7e1c8414f2b388a68169feb0aa6e8162ba9d51f3a7a5e93f0e2d70289d5a29
2023-04-01 16:36:59,False,0.4693,0.001496,26.0,0.0389,0x16...e9fc,https://bscscan.com/tx/0x963c5dc02b1c715af4760157ea2d0886cc204e16907ece85d6d5654ec5ec0103
2023-04-01 16:34:38,True,0.4719,0.001505,98.0982,0.1476,0x3e...7b50,https://bscscan.com/tx/0xfc68add0570ed00e6f6130c3eb5a2847dc2fe90d87caa5d69d3eb953aa312c26
2023-04-01 16:28:50,False,0.4717,0.001496,21.6858,0.0324,0x20...915d,https://bscscan.com/tx/0x2ecf3e495dbdb1df900bd96107b1ce1d4038917f858d3e1f6998bb0cd170eb3e
2023-04-01 16:28:20,True,0.4717,0.001504,10.0,0.015,0xcb...f9f4,https://bscscan.com/tx/0x9abf370f4cc3c5dfe4adeb780d7038ba177691bd12f98cde533f0b0b15427061
2023-04-01 16:28:17,True,0.4719,0.001505,140.169,0.2109,0x88...b865,https://bscscan.com/tx/0x327ee07f0784bfa830a7f5f02c5726dc025f0ff1d69285c8e47e511303f16f47
2023-04-01 16:21:20,True,0.4741,0.001504,12.4991,0.0188,0x0c...dae2,https://bscscan.com/tx/0x28127379d331c0a4fe384ca00b17f4389db446628ae1639865bbd0136605a4c5
2023-04-01 16:09:26,True,0.4739,0.001504,1500.0,2.25639,0x42...859c,https://bscscan.com/tx/0xc5b862686778f4c3e43a7d1a2c16dd292f7a23fa5758dd6275a6c4e9981bc6d4
2023-04-01 16:00:11,False,0.4715,0.001496,53.8952,0.0806,0xbe...02a6,https://bscscan.com/tx/0x3941cd7f623a6f770ea66089204b008d3c731c689ae0cefd4c0276a4e31cdca0
2023-04-01 15:50:53,True,0.4714,0.001504,120.051,0.1805,0x15...a42e,https://bscscan.com/tx/0x281ffd2e74373bca9d03708dd34ec3a745212df0d287c1606de024316a27cefe
2023-04-01 15:48:41,False,0.4714,0.001496,237.806,0.3559,0x3b...cbad,https://bscscan.com/tx/0x4de42e0407aa1d2a7d899971e18a44fa9dcabbc1343e17df89b399a3a47bb999
2023-04-01 15:46:59,True,0.4738,0.001504,105.303,0.1583,0xec...9221,https://bscscan.com/tx/0x3d338c8098fa9ce78130fbf494d2db458475d782848dee180f61e2877d04019d
2023-04-01 15:42:08,True,0.4744,0.001504,390.227,0.5872,0x09...d63b,https://bscscan.com/tx/0x0a8c0d743283f3c08655e648a65d9a875855d66a9f5d69a7664004fee74d9ac0
2023-04-01 15:40:47,False,0.4718,0.001496,29.1167,0.0435,0xf0...0f35,https://bscscan.com/tx/0x4ffc1173633efdc84991a68f1464f9fc2dd8e2e89e6e54f558fb52fdadde798a
2023-04-01 15:31:47,False,0.4694,0.001496,306.647,0.4589,0x9a...c2aa,https://bscscan.com/tx/0xe609898c135ac082a223bbcf91a2f6200faee9573e6719912630d4357a317371
2023-04-01 15:29:11,True,0.4718,0.001504,3.0,0.0045,0xbe...01bf,https://bscscan.com/tx/0x4932a3cb62b45eda67e8594b136ec9c4646c0cc26597736bb9e689d8c3ce01d9
2023-04-01 15:28:20,False,0.4718,0.001496,2.68992,0.004,0x80...3e8b,https://bscscan.com/tx/0xc4acf769c2a6189d1353b6c15aa3f117469214bb6e22031afc82958d5b207eaf
2023-04-01 15:25:26,True,0.472,0.001504,8.35556,0.0125,0xde...367a,https://bscscan.com/tx/0x5837b96929ffc4a231aa2e9e9192ba5d092d5fd220cae914c0c8a5b73df694b5
2023-04-01 15:25:11,True,0.4718,0.001504,3.0,0.0045,0x7d...5e04,https://bscscan.com/tx/0xba3cdb3f05222f0af06cd160d4189699cf5ec02d4bfaf62ddfe8293d1c531897
2023-04-01 15:22:32,False,0.4718,0.001496,132.594,0.1984,0xc6...3786,https://bscscan.com/tx/0x2b63ec720b7db30e210f4af3fae949dceeb8105b096b6a25c70f0dd58bdd07e9
2023-04-01 15:21:38,True,0.4742,0.001504,16.0,0.024,0x91...016c,https://bscscan.com/tx/0x2deeb8cd389c1ee4971bd49c85198d06ba9f472258d7b8b91d1421d0d329753e
2023-04-01 15:17:47,False,0.4717,0.001495,17.0,0.0254,0xe7...eddf,https://bscscan.com/tx/0xd184b2517fa41ea98286655df3993fad3435cef54038d2de364c9c063df5350a
2023-04-01 15:13:44,False,0.4721,0.001496,511.403,0.7654,0xe1...14bd,https://bscscan.com/tx/0x423ca6c01dba15c3bf8aa5e2253ecb21f1d40f2911ebe68cfcd9d913f5b9d9c3
2023-04-01 15:12:50,False,0.4719,0.001496,1320.54,1.97659,0xba...ed05,https://bscscan.com/tx/0x4e61b8763b328e41ed740d824ebfb9cfa7bf82bdc256efa0c8b721ff80186325
2023-04-01 15:08:06,True,0.4741,0.001504,562.669,0.8464,0x35...aca7,https://bscscan.com/tx/0xa9750cc2e0c617ec04170fd05379e0effba3f97582e37d6df80b7ae27f4d5d53
2023-04-01 15:07:45,False,0.4693,0.001496,77.4708,0.1159,0x2a...dc7e,https://bscscan.com/tx/0x82aa610400eb6fa4294534363cc82ce9919c525175b45102783f8d882f6fc872
2023-04-01 15:07:39,True,0.4717,0.001504,50.5626,0.076,0x80...12c7,https://bscscan.com/tx/0x620ba8874e441c973f7af3e811b3798a0f034066b991dcd97b94886a8c1ee405
2023-04-01 15:05:33,False,0.4693,0.001496,34.0,0.0508,0x3d...3d57,https://bscscan.com/tx/0x676b4e9bd4d18cf29bacdf59d2a2933dc64b0e49b0b0d53404669b2df7e98b3d
2023-04-01 15:00:51,False,0.4692,0.001496,832.305,1.24586,0xc5...775c,https://bscscan.com/tx/0x57bf4898a7da410b5257b6be692f7eadd98ffc8f0859622b7590fcad24423baf
2023-04-01 14:57:51,True,0.4721,0.001504,550.397,0.828,0x0c...a243,https://bscscan.com/tx/0x7a283cea90d651d8c8f015f3c6b71f6d546f2748b5d6749149557741993dcce3
2023-04-01 14:55:57,True,0.4746,0.001504,47.9075,0.072,0x55...65cb,https://bscscan.com/tx/0x6851eaceaa142fe3ed9b4824977a8a1d4c45c8a1c01f340e94f4560995ef75d0
2023-04-01 14:46:51,False,0.4702,0.001496,420.0,0.6286,0x3c...4da0,https://bscscan.com/tx/0x49155bb1aa50431ea317391abd47988346a2a08d97f2d67c3c1ef22ca0b3e2a0
2023-04-01 14:46:03,True,0.4749,0.001504,17.4267,0.0262,0xc9...8272,https://bscscan.com/tx/0xa8d595520c3ada0b9e513add4d81861836fa3e18086d1a4296b34907569cf6c5
2023-04-01 14:45:39,False,0.4702,0.001496,64.7982,0.097,0x3c...094f,https://bscscan.com/tx/0x11b6cc96e7249060dd20c57d1f0ae66f162d0b1ef6b602e9ad9a0007763eface
2023-04-01 14:40:01,False,0.4723,0.001496,9.42586,0.0141,0x9f...d128,https://bscscan.com/tx/0x914686bc8b0ae8edf8bc9f041cab4ea7effd931dce1f55f842cfacda5d3233ba
2023-04-01 14:34:42,False,0.4722,0.001496,120.926,0.181,0xb2...6c8d,https://bscscan.com/tx/0x7a5cdfd44be34dea7e664aafd7486af7d18723d266d76244031b92bf0224f661
2023-04-01 14:34:18,False,0.4722,0.001496,73.4836,0.11,0xb2...6c8d,https://bscscan.com/tx/0x72c46627c31c660b58fed81f6a1a18ffa66ae95bf6eb8889bb97983453145eba
2023-04-01 14:33:54,False,0.4722,0.001496,16.2698,0.0243,0x4e...bbf7,https://bscscan.com/tx/0xcfe8b986e1dd8fb38ea5b593e4b6a38225abb5c463993b2cfb92cb932450425f
2023-04-01 14:29:43,False,0.472,0.001496,2.4008,0.0035,0x58...4421,https://bscscan.com/tx/0x16d95d95ba3a41b418e5abce58edd3853a994b836f506b002dfd30dc27bd4d7e
2023-04-01 14:25:34,False,0.472,0.001497,230.0,0.3443,0x13...c6c7,https://bscscan.com/tx/0x9164f22edbf711d66c5c08c198286e721f550a3f1d70cc2c2ce51552cb3607d9
2023-04-01 14:22:34,True,0.4743,0.001504,857.443,1.28996,0x2f...e155,https://bscscan.com/tx/0x765856ba8b79ebb51b7d613e01d2525f50255b1e3d5be0a2f3f766a80b6cde27
2023-04-01 14:18:59,False,0.4719,0.001496,53.8051,0.0805,0x08...c0af,https://bscscan.com/tx/0x30e7fbaffe0b6930a779c7120baafb943654dc0b3d47c81f65e4a34810121c38
2023-04-01 14:15:53,True,0.4717,0.001504,2326.75,3.5,0x0c...8533,https://bscscan.com/tx/0x3df3d50ddad91dc07b82605ea37f8ad32143dfc801035cbe6d76d72f12149d21
2023-04-01 14:14:11,True,0.4713,0.001504,2327.18,3.5,0x2f...e155,https://bscscan.com/tx/0xeb0ce7c70f5fea9b2126fe891be9e0826e700fde68747e68762a7a798539b840
2023-04-01 14:10:59,False,0.4691,0.001495,10.0,0.0149,0x5e...1cfc,https://bscscan.com/tx/0x6457e601cb25f48bd6e8b940b93cb9d040e235593adbea62b5fd09bdf2e8070c
2023-04-01 14:08:16,True,0.474,0.001503,2327.61,3.5,0xda...c952,https://bscscan.com/tx/0x0820333f6d9e7e4b6198b69da488c8903c12dad25ec4849605ba9b849c9efd8b
2023-04-01 14:07:08,True,0.4741,0.001503,2328.05,3.5,0x2f...e155,https://bscscan.com/tx/0xd24fedd12d46ce675636e8b28cd56e1cb2ecee238472a51144c1eec300f2e7ae
2023-04-01 14:07:08,True,0.474,0.001503,2328.48,3.5,0x91...79fe,https://bscscan.com/tx/0xbfb0e3cc0f3be76483d6981267853ae346accd2987ff2e801b8355513a38449d
2023-04-01 14:07:08,True,0.4738,0.001502,4232.13,6.35976,0x00...78d2,https://bscscan.com/tx/0x234e191467ffee7709e68d93fc323a0aba8a56a9bb9a5dd7018c4f6d59f70c6b
2023-04-01 14:03:38,True,0.4737,0.001502,2329.7,3.5,0xda...c952,https://bscscan.com/tx/0xd5a1506b830848b2fa696ebc29b2dff3b443ff2ee25ddef7e22600deab54f83c
2023-04-01 14:01:56,False,0.4715,0.001494,1710.9,2.55746,0x74...d74d,https://bscscan.com/tx/0x54d330400668463bb576d717d759112f419837ef539200986659919d076e3441
2023-04-01 14:01:53,True,0.4739,0.001502,869.6,1.30645,0x67...b7c1,https://bscscan.com/tx/0x8c12d2ea1d6e668346014c221ab6fc9e2497d38abd0b709cd59e4d017c3178b8
2023-04-01 14:01:50,True,0.4738,0.001502,3994.51,6.0,0x0c...8533,https://bscscan.com/tx/0xf2cf8041d4f971f64f8236a71b73a12adc077b6807433d33e142028338400625
2023-04-01 14:01:50,True,0.4737,0.001501,2330.72,3.5,0xda...6e1f,https://bscscan.com/tx/0x5d79c8a2a0c0d34e6f11d06b5fc9914981ab67979be575eec9eb0923f7675486
2023-04-01 14:01:50,True,0.4736,0.001501,718.5,1.07883,0x00...78d2,https://bscscan.com/tx/0xa140c1dfb50b319f0896cabab02654d37daad88510350906240d628e841c5727
2023-04-01 14:00:20,True,0.4737,0.001501,1410.6,2.11784,0x56...0086,https://bscscan.com/tx/0xafcc850392c373c658f4de8d2693fb77d64c0e746a0eacd4270589f0187f2fa3
2023-04-01 14:00:17,True,0.4736,0.001501,2331.54,3.5,0x91...79fe,https://bscscan.com/tx/0xe93f1967eca7a3ad56122f15f87c7cf9766f9166763f463a1c979c1e18f362a8
2023-04-01 14:00:17,True,0.4736,0.0015,2331.98,3.5,0x0c...8533,https://bscscan.com/tx/0xf0bee88921eaa281821773d583de8411b150f7ff51b1ffca86c6ecd33c0b4c0d
2023-04-01 14:00:17,True,0.4734,0.0015,3239.93,4.86164,0x00...78d2,https://bscscan.com/tx/0xe715544c641566c6c4920c73d9808fa0c60bda448a354fe5c34e706c7123fd2e
2023-04-01 13:54:11,True,0.4709,0.0015,42.279,0.0634,0xb4...fdfe,https://bscscan.com/tx/0x900291bd33adca1ed56a0e74a483d900c49ae9f66d042eb089ac4717a04fdead
2023-04-01 13:46:20,False,0.4688,0.001492,32.0206,0.0478,0xbd...b64e,https://bscscan.com/tx/0xde80d0b40ff6b1e798eabe99acc61a98a580292b83febdcacfed518bddbb1bc0
2023-04-01 13:45:23,True,0.4712,0.0015,2333.02,3.5,0x0c...8533,https://bscscan.com/tx/0x1979414d3e7e03d311f28f7f1be8478aa0cbbc683378e6c0ed4ef870ce227531
2023-04-01 13:45:23,True,0.471,0.001499,3308.1,4.96171,0xe3...d2ff,https://bscscan.com/tx/0x244b60e4137c8f09cc64aa58168ce3837191ffbacb999d89a42dc34171535b9a
2023-04-01 13:26:01,False,0.4706,0.001492,5.0,0.0074,0x4d...3b5c,https://bscscan.com/tx/0x3c0338cd142f979cfc434787d647c2d9f11ead2c1bf2b2eb7ccb5e5e2b0ca924
2023-04-01 13:20:31,True,0.4708,0.0015,96.4549,0.1447,0xc9...3b94,https://bscscan.com/tx/0x9c5d93b57b8c0afa680fe2603946cb60523b3dbf17832031c04d0862d2d04761
2023-04-01 13:19:12,True,0.473,0.001499,30.0,0.0449,0xeb...0060,https://bscscan.com/tx/0xcfc4354598c0ee234c8dc5fea93a6e03c7bde22127b1f5a69c3a23a4a2e5588b
2023-04-01 13:12:30,True,0.4726,0.001499,346.751,0.52,0x63...4ca8,https://bscscan.com/tx/0x9454a6b9e84c9be8c21620fa2438778b6df578e023cb1952b8d980bb89eaddf2
2023-04-01 13:08:24,True,0.4702,0.001499,20.0,0.0299,0xeb...0060,https://bscscan.com/tx/0x27cfd8f12cb5290a0ad00e94921eebd21aa0d596e14f9d7c56f7a0c5f7f1e819
2023-04-01 13:06:22,False,0.4678,0.001492,227.632,0.3396,0x52...799a,https://bscscan.com/tx/0x7f13337fe1f8f58234913b2c76322624152250d526eb629d4f16aa0aeb13fd59
2023-04-01 13:03:46,True,0.4702,0.001499,566.816,0.85,0x83...fcd5,https://bscscan.com/tx/0x6bac973d8a4a9091cedf603d9dbdecc542dfc826bf70b2cba9ba484a85b5b9dd
2023-04-01 13:01:28,False,0.4678,0.001492,23.6743,0.0353,0x4b...ec45,https://bscscan.com/tx/0xdee4933399aab289f447d84fdab4119a534c66d64696f7759ef248b95184e693
2023-04-01 12:59:43,True,0.4701,0.001499,1001.5,1.50176,0x34...7c76,https://bscscan.com/tx/0x887fa22147e90d10da7dedc67754c31bdd00241b5edc0b200b22acbe9ffaf383
2023-04-01 12:59:28,True,0.4724,0.001499,738.081,1.10669,0xd3...ec6f,https://bscscan.com/tx/0xfd0e6e07fd6e5228d7513f980088ea45911216072fb2fcf10e00c36394747a85
2023-04-01 12:59:25,True,0.4724,0.001499,1001.5,1.50155,0xd3...ec6f,https://bscscan.com/tx/0x7b398f3f2264943c362abf468de43b380c79c8d9acadd779eccacf186646c85d
2023-04-01 12:59:22,True,0.4724,0.001499,931.8,1.39695,0xd3...ec6f,https://bscscan.com/tx/0xbf22fc35b7bba009d8040f8a530e6d3a45198d715b50293435b91c350dd57cb4
2023-04-01 12:58:16,True,0.47,0.001499,4.19845,0.0062,0xa7...08aa,https://bscscan.com/tx/0x992ee3fac4664e52e9722bb060d4be3abfef3c116af9abe9726fc493cf5c6675
2023-04-01 12:55:19,False,0.4707,0.001492,21163.1,31.5945,0x61...135e,https://bscscan.com/tx/0xc16f3313c122dd48955950c3e071625473b426c5d8be3c2eb9526fb8d2e92e0e
2023-04-01 12:54:58,False,0.4716,0.001495,21163.1,31.6477,0x61...135e,https://bscscan.com/tx/0x413024dd7d2e8b97a99fe5bb9e33c8e76865a4d2626c61e34a9cc3ec31cba5ee
2023-04-01 12:50:34,False,0.4696,0.001496,110.0,0.1646,0x1e...6575,https://bscscan.com/tx/0xea6524447b4fcbf9c03e5f336b50008021708fab807dad7d96358e6efc59a6c9
2023-04-01 12:50:25,False,0.4696,0.001496,625.484,0.9361,0x5f...7b48,https://bscscan.com/tx/0x144c9e77f6f0245c96844a0643ae47df55a498c3bdd67791dfd8e6b9026c6f6a
2023-04-01 12:50:04,False,0.4696,0.001496,106.74,0.1597,0xfe...61f8,https://bscscan.com/tx/0xe224387c2d985e656875b6299c7c3662d70057268d9400c9dc318edf274a4932
2023-04-01 12:49:43,False,0.4696,0.001496,1261.25,1.88791,0xec...c760,https://bscscan.com/tx/0x958ac18d541eedd99ac934160084430e61abc7b93b6e525ccc50a6bc3a99c72b
2023-04-01 12:48:40,False,0.4694,0.001496,15.0,0.0224,0x44...00f5,https://bscscan.com/tx/0x8a98402815de0f7a26a001dc2ae2ef96eeaca1e6bb6e9e53cbd6c0de0b62cd3f
2023-04-01 12:46:07,False,0.4697,0.001496,49.9131,0.0747,0x97...14c8,https://bscscan.com/tx/0xa48f254700e7c48168e3bd953452dcc57fc3ff9191651f776efe11cd354f3367
2023-04-01 12:43:04,False,0.4721,0.001497,250.21,0.3745,0x91...8e38,https://bscscan.com/tx/0xd5ad147d04b542ecbc584ec142659cf3ce18fee159944db6557a5b11909e9cfe
2023-04-01 12:37:09,False,0.472,0.001497,33.4009,0.05,0x4a...ac22,https://bscscan.com/tx/0xfc62968c81e770b46fdd8214ef521f1a3ac508fe3591a83a764224f71e18872e
2023-04-01 12:26:20,False,0.4713,0.001496,14.4851,0.0216,0xd9...0f7b,https://bscscan.com/tx/0x366f02e9e1cfa9075fd9d67399ed8cfe7e374c982d455471e711cb0d87df5d9f
2023-04-01 12:24:38,False,0.4715,0.001497,76.9768,0.1152,0x91...8e38,https://bscscan.com/tx/0x09c2df92666c0d0a3c23e40c3519e494d069944c86278caa60f69df704c04af1
2023-04-01 12:24:32,False,0.4712,0.001496,55.8343,0.0835,0x34...ed40,https://bscscan.com/tx/0x6435325ea24c6a9e43025b604bc9113a7ca3fe282002fd69a0cbb1bbbb0234f1
2023-04-01 12:12:06,True,0.4716,0.001505,105.06,0.1581,0xe5...7491,https://bscscan.com/tx/0xedc4e35178342c0b7f4b0806307f2e74d6859cd55f0e4f3ac36fdba8a25a4c50
2023-04-01 12:10:00,False,0.472,0.001497,39.7797,0.0595,0xe1...e877,https://bscscan.com/tx/0x29ac3b4a61d5c9bad8ed80d52fe27c5c29c26a13eb3abb35b9aad15b1558efcc
2023-04-01 12:07:06,True,0.4743,0.001504,1.08811,0.0016,0x5c...a03e,https://bscscan.com/tx/0x47cb9ffa73b45faa6085ff9e193c0bb6c83a6f449f182c0219b0723a69f125bc
2023-04-01 12:05:27,False,0.4697,0.001497,7.39832,0.011,0x36...daab,https://bscscan.com/tx/0x40e3c3f7bea90a39a102b9fa7803780e63b9ea0236598ad8e21b472eb7c7ab3d
2023-04-01 11:57:12,True,0.4744,0.001504,19.9403,0.03,0x16...20aa,https://bscscan.com/tx/0x24959339410b2e8aa1a76fc743f099bca68cb84b05a3a4c2b1ac3b93deb42205
2023-04-01 11:53:57,False,0.4697,0.001497,204.75,0.3065,0x04...a1f2,https://bscscan.com/tx/0xc7f0441d47245b3f707788da418985b0a544f2787bde6a8c3cd1b6e9e7a5f9ec
2023-04-01 11:51:48,False,0.4721,0.001497,39.0,0.0583,0x3d...3d57,https://bscscan.com/tx/0xf0547377a770a759525e8c336ae45f7194a0e511d04ea69741e0652e4e635b5f
2023-04-01 11:43:30,False,0.4721,0.001497,9.17609,0.0137,0x23...cc53,https://bscscan.com/tx/0x756a5769409b7ab16c6427237746c17b43ba359c7351c35d26e1aac475e790e6
2023-04-01 11:35:09,False,0.472,0.001497,19.8218,0.0296,0xef...a440,https://bscscan.com/tx/0x72ff9536f12892ea33c84e95c81c0d7dce621cc80ae5d2b5e4f323aa279eab4c
2023-04-01 11:29:45,True,0.4746,0.001504,641.6,0.9652,0xd3...ec6f,https://bscscan.com/tx/0x5eba33cadd067f3d3e6889c50406a848bb3f76542f606187bcf9132ed5581487
2023-04-01 11:29:42,True,0.4746,0.001504,51.4974,0.0774,0xd3...ec6f,https://bscscan.com/tx/0x2ff87a42c6c1a4d173fd8f4b538500eeb93d5959ab2444c8c034ef4be38e52db
2023-04-01 11:29:42,True,0.4746,0.001504,2078.1,3.12612,0x71...69e3,https://bscscan.com/tx/0x248763736e4f839ee0a455de132d036441f74f3a38687e175da9ded5171d0cdf
2023-04-01 11:27:07,False,0.4697,0.001496,167.91,0.2513,0x53...1fa0,https://bscscan.com/tx/0x4c8e5e30c12161942edf8a94401951084ac637600de7843141eabf33d2e7e11b
2023-04-01 11:26:20,True,0.4744,0.001504,640.834,0.9639,0xd1...aed2,https://bscscan.com/tx/0x9f2bb9d83070df36e9aac0f8f65aa7cc1def6f0d8dde335ad9141a09cb141f01
2023-04-01 11:25:47,False,0.472,0.001496,100.0,0.1496,0xfb...ad4f,https://bscscan.com/tx/0xe73cb8985baca12da9a255b39ac439ad80ab345eb57e407c42071af73836c409
2023-04-01 11:20:44,False,0.4698,0.001496,12.6928,0.019,0x8d...b5c3,https://bscscan.com/tx/0xd9aa75570181d075681c659d522e99fd1e18c7218367e67b283ccf90061e7f6c
2023-04-01 11:19:11,False,0.4722,0.001496,174.0,0.2604,0x81...4895,https://bscscan.com/tx/0x3bdd3eab1331efaac36842365bbef421aa2dfa0bbcb77d4d0ee10e3f5fee309b
2023-04-01 11:14:04,True,0.4722,0.001504,29.4902,0.0443,0x5d...3f72,https://bscscan.com/tx/0x2efdf5208a51e147900b9e3b0cc5edc57fa504c9c39dd127532398c3a3f116b5
2023-04-01 11:08:58,False,0.4721,0.001496,32.3552,0.0484,0x07...be2a,https://bscscan.com/tx/0xde31d694e3bf8f6af4559aca9728c7f238ff43ec57cbf012c63c42e5c88ae261
2023-04-01 11:06:28,False,0.472,0.001496,2087.62,3.12471,0xd3...ec6f,https://bscscan.com/tx/0x2f214d371f39d365e7c7cd2e018c5f2a18571936dd12eee19784b03c28bfda2b
2023-04-01 11:04:52,True,0.472,0.001504,13.2942,0.02,0x8e...9bac,https://bscscan.com/tx/0xb92705f5062ead05ee5b9d668caeced3ae5833759219b3d950a7ae90f1a2f3f2
2023-04-01 11:02:01,False,0.4695,0.001496,179.346,0.2684,0x60...3a14,https://bscscan.com/tx/0x076640d8b6216c9efcd214cbbea994f06826e49e0a5b5c5daf485fdf31f3dc12
2023-04-01 11:01:13,False,0.4695,0.001496,170.412,0.2551,0x1c...9c10,https://bscscan.com/tx/0x101d0bda1cac4e62734a2fd832cef6fc7d70c8b9bdc67b3345f8793d03839fbe
2023-04-01 10:58:07,True,0.4741,0.001504,132.53,0.1993,0x7a...cc4f,https://bscscan.com/tx/0xf4ceda5736994085343222876172a1df6f27cdffb2d2f308de7f2fdd43e12e66
2023-04-01 10:57:22,True,0.4741,0.001504,29.9554,0.045,0x33...5341,https://bscscan.com/tx/0x6440a0c30e25e95996a3bcda1abe952e95c412db11ebb08f77ef2e74564bc1d8
2023-04-01 10:57:10,False,0.4693,0.001496,37.8597,0.0566,0x40...3e9b,https://bscscan.com/tx/0x1099e156f547161b1b44d261144ea67ac6ab1e120e684c96b10b3fbddccd1288
2023-04-01 10:56:22,True,0.4741,0.001504,7.3,0.0109,0x9f...cfa1,https://bscscan.com/tx/0x34a15c5ef25dbc5cd1bd6e86a569d8a12d9f8d4c200886e95fb13264cf3f9d5c
2023-04-01 10:53:55,True,0.4717,0.001504,29.4455,0.0443,0x74...19cd,https://bscscan.com/tx/0xabe10be0715afb0539035d5d0aca2fcb1a49b5626814ffad1e93b65361dd6d68
2023-04-01 10:49:49,False,0.4715,0.001496,78.97,0.1182,0x6b...d4c5,https://bscscan.com/tx/0x3173c39c9161688bc2c4c7a11a5649e3775585399816fd6b5953cd050facef52
2023-04-01 10:46:04,False,0.4715,0.001496,94.08,0.1408,0x5f...8c81,https://bscscan.com/tx/0xe183d94fb068c846109cf37cbd1ef62d32e04dbb04596212d9d1071bd3f7f167
2023-04-01 10:45:19,True,0.4738,0.001504,61.8804,0.0931,0x2c...c9c5,https://bscscan.com/tx/0x8d2d98878b06aaf855fc2eda8ea2c5f8c25fbb5d4463cf71cc21254fc33272d9
2023-04-01 10:43:58,False,0.4699,0.001497,14603.5,21.8733,0x52...1c7e,https://bscscan.com/tx/0xc70f17b27229cc3229b7476aaf0d1c095328912b386ad19b098ce56948a4a592
2023-04-01 10:43:07,False,0.4725,0.001498,28.7773,0.0431,0x1b...37d7,https://bscscan.com/tx/0xcd2d6f4fa221e5910da362bdfee2f4c0e4286761b2cecc0e09e76c87e27ef70b
2023-04-01 10:41:25,False,0.4729,0.0015,26282.1,39.4299,0xda...c952,https://bscscan.com/tx/0xd5c54b0c16385ed9241420ed580c2c6ff1fdcea622217d38413200347fc1d928
2023-04-01 10:41:25,False,0.4735,0.001501,1280.53,1.92323,0xd3...ec6f,https://bscscan.com/tx/0x6f04404aeeee4d3ca417b21f84c7a8ba4dcdb6f5c3b7368be400cbd5f2e6f21f
2023-04-01 10:41:25,False,0.4737,0.001502,10100.3,15.1766,0x0e...7558,https://bscscan.com/tx/0x7ca4139fd1c66807a7fcc4198e9b7bdd2594c0c90ad8446a927e6a119908175d
2023-04-01 10:38:31,False,0.4736,0.001503,200.0,0.3006,0x7f...2e50,https://bscscan.com/tx/0x5022c37e14afcc128a9a97c26156b25e6913de5502289b60aecda9f6b35a3f79
2023-04-01 10:37:28,False,0.4739,0.001503,20.7821,0.0312,0xf0...dc43,https://bscscan.com/tx/0x23e1ff1df87961da2257f09567965bbbb7e9a72835744dec42b72b57494db221
2023-04-01 10:31:41,False,0.4711,0.001503,36.0,0.0541,0x58...3502,https://bscscan.com/tx/0x9dd67297d2738f22d9c6abf1e8cc205418120b844b999ee2af4c9b41181b1766
2023-04-01 10:30:55,True,0.4735,0.00151,28.9131,0.0436,0x70...835d,https://bscscan.com/tx/0xf4ea78135d4196f73548509dc3155930fc357e0198bb8eba72a72794347d7dfa
2023-04-01 10:26:48,True,0.4735,0.00151,28.9115,0.0436,0x3b...18fc,https://bscscan.com/tx/0x7e48e7a6eb434785e1a5b3d8ada7cf75ad4e1a955237f00a2a39cf48453a6116
2023-04-01 10:24:24,False,0.4736,0.001503,212.2,0.3189,0x89...e3eb,https://bscscan.com/tx/0xbe2269b0ed4afef9fe46a12d37264db8a4dd25081894792845593befab84cd85
2023-04-01 10:15:18,False,0.4735,0.001503,106.103,0.1595,0x68...8466,https://bscscan.com/tx/0x6583ef3d5bd2d6d664110330dd54765218037e1c9da32bf35f0160a8c078b50d
2023-04-01 10:11:51,True,0.4764,0.00151,62.9423,0.095,0x34...b2a8,https://bscscan.com/tx/0x1e7b98b7f5b3fe11f7c19fc9b472e74c6c9f40b60ac7ae21586e0479c55fd691
2023-04-01 10:11:09,False,0.474,0.001503,773.037,1.1621,0xe6...82f2,https://bscscan.com/tx/0xdc356361d1da162640e2f73a416973f6f834b2b81f169b8766c6bfab8087cb80
2023-04-01 10:03:05,True,0.4764,0.00151,1.0,0.0015,0x69...e018,https://bscscan.com/tx/0x31fb380670e5b3bad262bfb9189ba277aab65c4cf3a614aa2c1e7bf1e070b9ba
2023-04-01 10:02:11,True,0.474,0.00151,252.496,0.3814,0xfc...4334,https://bscscan.com/tx/0x8035247488f045074b70942260e67a73ab14816a1a87afeb468e02e7016f23a6
2023-04-01 10:02:11,True,0.474,0.00151,246.988,0.3731,0x3f...66aa,https://bscscan.com/tx/0x28c59a56abd65606895aa84bded82cb5899de5b6a1c01f31a91217067b11482b
2023-04-01 10:00:54,False,0.4717,0.001503,18.0,0.027,0xe5...8073,https://bscscan.com/tx/0x880197c82736f1001cecc9677cc5698be6c4106a93a5374fae7672a7c39f983b
2023-04-01 09:59:54,True,0.4763,0.00151,2316.83,3.5,0x91...79fe,https://bscscan.com/tx/0xe0f4fbb92b877d98e3483f219be1fc5b3933cc64b475df1059a8aa611ddf8b56
2023-04-01 09:59:54,True,0.4763,0.00151,618.719,0.9345,0xed...4f31,https://bscscan.com/tx/0x88b77107e8fcb18c550222facf6cc43a649c6e676f67cbcc4b4752f03dc19874
2023-04-01 09:58:04,False,0.4715,0.001503,418.888,0.6295,0x74...8d74,https://bscscan.com/tx/0x76ad2755437815d2c13205a235dea8ea69b67b4942029bde343336439635a519
2023-04-01 09:57:40,False,0.4739,0.001503,61.4024,0.0922,0x57...3f49,https://bscscan.com/tx/0xcfed4ebdeb36f8abb7aa1d2bf4159b2b4627393278e46d618748d3730050fe68
2023-04-01 09:55:25,False,0.4737,0.001503,13.0,0.0195,0xe6...7358,https://bscscan.com/tx/0x584da1295b2a903aba62ed35a62d25e8fd9456f5ce9146f7a2316507473e2d07
2023-04-01 09:53:34,True,0.4761,0.00151,2486.8,3.75602,0x8e...1949,https://bscscan.com/tx/0x9117f6113883977832463707de60f5a55732882a0529ae1d8d8c7e28cb597f44
2023-04-01 09:49:58,False,0.4736,0.001502,572.496,0.8603,0x87...1cc1,https://bscscan.com/tx/0x6b16d09dce2d649e472a01664c550978ce91216ac57df039a6ac1d836d0f5b46
2023-04-01 09:37:49,False,0.4716,0.001502,149.992,0.2254,0xa3...06d4,https://bscscan.com/tx/0xdce492918c087e65190b89d2595d326af1c57c03fcb877fb1a43b650bf688993
2023-04-01 09:37:43,True,0.474,0.00151,4.0,0.006,0x8c...053f,https://bscscan.com/tx/0x37452debe5b00f603daee4244f657435d95fc9361c9fe8c89c61e09fc0887916
2023-04-01 09:30:35,False,0.4737,0.001502,50.0,0.0751,0x2b...573a,https://bscscan.com/tx/0xaccafc500f3ff3bcde18b5c1988b2d93c32123a9d5449e5d7a525123d2d68082
2023-04-01 09:29:23,True,0.4761,0.00151,2.0,0.003,0xf9...5137,https://bscscan.com/tx/0xa0cf4d66224520b267a9a183164f1a6c02a98fd06e727cef5e8fcd2c4fc83aac
2023-04-01 09:26:41,False,0.4737,0.001502,16.3282,0.0245,0xc6...ebf4,https://bscscan.com/tx/0x277991962730c15f77dd365c188dff103fe0ea22f2c85d8abd9dbeacace5ec21
2023-04-01 09:16:11,False,0.4705,0.001502,222.484,0.3343,0xd1...cbe1,https://bscscan.com/tx/0xf44569c1cf5b87b1e21e6e6634f44d49fbe72c9aca6899953247ae6edd48696a
2023-04-01 09:13:41,False,0.4731,0.001502,35.2591,0.0529,0xf5...0c2b,https://bscscan.com/tx/0x5f00f77a5a38482d9561e37a0b9b056d7d46662c6f2ec3a5360e1013550bdfba
2023-04-01 09:13:20,False,0.4731,0.001502,33.0,0.0495,0xf9...5137,https://bscscan.com/tx/0x814566ffa4e0e7cda17d34288ef5b73bb67e31bf81c168e2fb60894e0a57b615
2023-04-01 09:11:05,True,0.4729,0.00151,2.5,0.0037,0x1a...3493,https://bscscan.com/tx/0x5aa09f48c9f291ddb583b21b75fa63c35d67867e2cce502c0ceeb863e61f0fce
2023-04-01 09:02:17,False,0.4735,0.001502,23.6776,0.0355,0x5c...be56,https://bscscan.com/tx/0xb45f414a931c732e9b0a1ee2134c1c2fe3f90c2ffc68a46b178c39a99a0057df
2023-04-01 08:56:29,True,0.4762,0.00151,130.921,0.1977,0x8f...cbc4,https://bscscan.com/tx/0x2f34bebe2312b4e5aa55aecbb3965b7f19a6a2c11ead0f59a7f57de2422de32d
2023-04-01 08:53:59,False,0.4738,0.001502,40.5403,0.0609,0xd1...cbe1,https://bscscan.com/tx/0xf75162bb1edca831d7414fc31f1fc05f5dc97e78d054f946234e7117390d451a
2023-04-01 08:50:35,False,0.4738,0.001502,225.077,0.3382,0xd1...cbe1,https://bscscan.com/tx/0x124d87a2dedfbd36dc89456d947d82bedf19dbb8bd736753d6e37767c1fe3c7c
2023-04-01 08:50:26,False,0.4738,0.001502,180.756,0.2716,0xce...5a49,https://bscscan.com/tx/0x1f170585634602b3b7ab92d23f6da21b71fd55d4ab882ca0f467bcabef08395a
2023-04-01 08:31:26,False,0.472,0.001502,28.913,0.0434,0x5d...2bdb,https://bscscan.com/tx/0xdd54781ebe50301ecfb1463cbccee4f10af4b39877ff058c1f30abe7d4d66e70
2023-04-01 08:29:53,False,0.4751,0.001502,6.979,0.0104,0x5d...2bdb,https://bscscan.com/tx/0x5e4246218e213d6c34e2825b666c7a60a4412015ee7fe1c44fa3e49f691f42d2
2023-04-01 08:29:35,True,0.478,0.00151,1495.05,2.258,0x52...1c7e,https://bscscan.com/tx/0xae36babc7466f84136de8aa6d4dbd1f922eaf08b106ee734702c4aa71d42f7cb
2023-04-01 08:29:29,True,0.478,0.00151,2317.75,3.5,0x91...79fe,https://bscscan.com/tx/0xaceb72f1c6b3b7ffe261d3adffb62e0c8fe4a48dc10ee4f4fde75b15426f1b48
2023-04-01 08:29:26,True,0.4778,0.001509,4197.94,6.33759,0x18...a4ab,https://bscscan.com/tx/0xad9e97d9700c5a18e54be27eaa61f1f6726a714e6b1d6d41089fc36f9569be62
2023-04-01 08:27:26,True,0.4778,0.001509,1478.95,2.23226,0x00...78d2,https://bscscan.com/tx/0x9fcb97121bfd968583452dfed8defcac0e6ff5105886c8b029b6dc1a066dd23a
2023-04-01 08:27:20,True,0.4778,0.001509,932.408,1.40719,0x8b...88f6,https://bscscan.com/tx/0x7250100307cdd11e362b5ae7f3e721b2aee1ef555cf2ec699c08aa62eb49dd8f
2023-04-01 08:13:08,True,0.475,0.001509,30.0,0.0452,0x8b...67d4,https://bscscan.com/tx/0x1eb1812772ab9f7f442adf4959223ad399d02057de0d029d4c55b94a48a82582
2023-04-01 08:10:41,True,0.4774,0.001509,1683.87,2.54103,0x0c...8533,https://bscscan.com/tx/0xa470c1183db3e4b2ca86e8251fefc9d0282a56300fb7a4b19db19b256aaf4295
2023-04-01 08:09:08,True,0.4773,0.001508,817.6,1.23367,0x09...18f7,https://bscscan.com/tx/0xc8a85319b5aede158bd4a41ec0197d80ad64ca5204a3ba5086bffb31ac56bf37
2023-04-01 08:08:05,True,0.4752,0.001508,3820.6,5.7638,0x00...78d2,https://bscscan.com/tx/0x0749b8663454ea0de754feeef7488c8156ed5a42e423c68a68d485c61cf4e402
2023-04-01 08:06:14,True,0.4752,0.001508,957.2,1.44377,0x00...78d2,https://bscscan.com/tx/0xf2098ddf904de021050e77497b922cc1cb0f6a75796459af9f543e7645e94ff4
2023-04-01 08:06:11,True,0.4751,0.001508,1131.6,1.70668,0x00...78d2,https://bscscan.com/tx/0xecb41e79a5d810d50d8e5e3f3e0faced3c27cf12080f9e1498e66c52e2c91c9c
2023-04-01 08:06:05,True,0.4751,0.001508,639.6,0.9645,0x00...78d2,https://bscscan.com/tx/0xcfdfec79cab87d68a6d15c279605406c22746e920129b906a07e758c6cb7a149
2023-04-01 08:05:11,True,0.4751,0.001508,5.0,0.0075,0x94...677f,https://bscscan.com/tx/0xb439caa2e8f13c0617e32d44284bc3526c9036d587b54534aa1ac38170b6fa7b
2023-04-01 08:04:56,True,0.4751,0.001508,548.4,0.827,0x00...78d2,https://bscscan.com/tx/0x153303c74c5deec9a4eabdd256053b3cc5164ebac3d876dc5fbdebb85c18201f
2023-04-01 08:04:23,True,0.4775,0.001508,2.0,0.003,0x94...677f,https://bscscan.com/tx/0x08e2daf955e85e2c98a9478ee329de0093f987bba70fd47148dc9b520827db5a
2023-04-01 08:04:17,True,0.4751,0.001507,2897.95,4.36955,0x0c...8533,https://bscscan.com/tx/0x7c32b24ea13315da2224a889230d366244338e654c37a027d473488585ec3e77
2023-04-01 08:04:17,True,0.4751,0.001507,448.4,0.676,0x00...78d2,https://bscscan.com/tx/0x5f2c28c83bf0f0155a2bf3756ff7087fa9601af102f01c99cf182f74458e3b34
2023-04-01 08:03:53,True,0.475,0.001507,547.4,0.8252,0x00...78d2,https://bscscan.com/tx/0x78a209749f8b541f950ef52b041e4810ed18343751a37eba17696688ee1e18e0
2023-04-01 08:03:20,True,0.4774,0.001507,533.688,0.8045,0x91...79fe,https://bscscan.com/tx/0x123a359ef266bb6111f105eeb1b1b8144f62294afd50ec818f684a4f85600cf3
2023-04-01 08:03:20,True,0.4774,0.001507,459.6,0.6928,0x00...78d2,https://bscscan.com/tx/0x90fd55e72dfc3cbd8d3076d2a2e4ebf2634c290f56fb27eeb6eed43b1de207d6
2023-04-01 08:01:53,True,0.4774,0.001507,714.967,1.07771,0x00...78d2,https://bscscan.com/tx/0x1988ab6629e056473e15b22763acf0f2e77d36b958def50ce9eba47e712761b9
2023-04-01 08:01:53,True,0.4773,0.001507,2322.23,3.5,0x52...1c7e,https://bscscan.com/tx/0x36d103065587427f6aad523881db25d38ed42f45174482aa67c8094028ea72fc
2023-04-01 08:00:50,False,0.4725,0.001499,120.0,0.1799,0x1a...5e90,https://bscscan.com/tx/0x9b74c2b58e37a42bb56f592f609ba7a7d03048f9fa3e194a4e2d0838473eade9
2023-04-01 07:42:31,False,0.4724,0.001499,74.0243,0.111,0xea...eb34,https://bscscan.com/tx/0x99e69510b17eff734ea5489a7e2d5cb71dd732469ad9fa0df153a6320841928b
2023-04-01 07:30:15,True,0.4748,0.001507,866.461,1.30576,0x8b...88f6,https://bscscan.com/tx/0x3cf77e59c66a755a41500cd21f9a5c6c4b94541cf4ab0a16b5b1310ef9227975
2023-04-01 07:28:27,False,0.475,0.001499,126.963,0.1903,0x80...7a27,https://bscscan.com/tx/0xc12f593e441124c6d0cff463c64340cc328724f11aedf0318ea10b2b884ab940
2023-04-01 07:17:45,False,0.4753,0.0015,19043.8,28.5768,0xf8...8086,https://bscscan.com/tx/0xc48297b633be2e2c5d56e54090544fe7da14d991bfdf27cc119bbe3600a9ee07
2023-04-01 07:16:15,False,0.4756,0.001501,20.0,0.03,0x59...a874,https://bscscan.com/tx/0xa9a9e612348b94860f1335821b6ef65e35e891cdd44489b0c94410cbc5cc0277
2023-04-01 07:12:21,False,0.4757,0.001501,10.0,0.015,0x2a...4fae,https://bscscan.com/tx/0x4eaf670d168614cd057ba7f39e6bab53bb23bf3546c6f02ceaa70c5ef5b7a3f3
2023-04-01 07:05:03,False,0.4756,0.001501,45.1361,0.0677,0x7f...7042,https://bscscan.com/tx/0x711a701b28dca7abfb7ca33787b93e50c3aa2e3c15f6ceb623a335970c6dddd4
2023-04-01 06:57:15,False,0.4752,0.001501,102.207,0.1534,0x0f...2b79,https://bscscan.com/tx/0x9893a84903d300a07dfe5db8c4df946e06845f5713109256bea4115aed91e786
2023-04-01 06:50:18,False,0.4727,0.001501,28.9208,0.0434,0x7c...2e7f,https://bscscan.com/tx/0x24a76a667b4da3d4c645ab87fc64659f20b9694ad1bfad270e9ae6019d3ab244
2023-04-01 06:50:15,True,0.4751,0.001509,462.067,0.6973,0x68...6572,https://bscscan.com/tx/0xd0948ba57a6011bfb196f1a6e9322dcf47cc6da07e00441e9b2c2564f432a77a
2023-04-01 06:49:44,False,0.4722,0.001501,199.8,0.3,0xa5...3927,https://bscscan.com/tx/0xe95c24bd05c8207c4422725718a2aa3a00f9f7d5cd050e28f1ae63b47675cc27
2023-04-01 06:49:14,True,0.4772,0.001509,838.172,1.26497,0xe4...245b,https://bscscan.com/tx/0x3d1076a2b7d37332324de2c6096535026944ba577a884f82a961a6286cf79c98
2023-04-01 06:19:52,False,0.4746,0.001501,109.0,0.1636,0x64...9ae8,https://bscscan.com/tx/0xf3879f41637ac13a73d77a70b1fcad351d4c68996aa8908921cf73ffbf6dc1eb
2023-04-01 06:14:25,False,0.4746,0.001501,107.243,0.161,0x7f...3696,https://bscscan.com/tx/0xe7da589b668017a4319dc599cfca8596ff2b286ff90393a958459ae8d55b1efe
2023-04-01 06:12:34,True,0.4769,0.001509,143.915,0.2171,0xc4...7d49,https://bscscan.com/tx/0x1ca88766f969fd65b8a6c92ecead4f66332916cb38c6ac1f48af3ed91883b341
2023-04-01 06:07:49,False,0.4719,0.0015,40.0,0.06,0x3d...3d57,https://bscscan.com/tx/0x40eb5b588173cdcbb2249e6a4861b21d1f7dd25c18e8bbbbede19a894b654979
2023-04-01 06:07:01,False,0.4721,0.001501,45.0961,0.0677,0x0e...2f4c,https://bscscan.com/tx/0x2e4401627ca2b58594c96099956e594e0fc07c448ad05378f6549aba0befaccb
2023-04-01 06:06:55,True,0.4744,0.001508,4206.76,6.34764,0x00...78d2,https://bscscan.com/tx/0x3b642deeb19427631e4cccb77f0533c8bc9a37fba48c2edb98f49c058ef91473
2023-04-01 06:06:52,True,0.4743,0.001508,4205.43,6.34348,0x00...78d2,https://bscscan.com/tx/0x91a0a99c7003272e9511a0a9acc5450ce4d047d3e89bcfc0f9373d527e024b19
2023-04-01 06:06:46,True,0.4741,0.001507,4205.43,6.34135,0x00...78d2,https://bscscan.com/tx/0x6c392ecabaf38b0030b519f60f1ad351ab7d72bef6d67e17d20d8fd798f169df
2023-04-01 06:06:43,True,0.4739,0.001507,4205.43,6.33922,0x00...78d2,https://bscscan.com/tx/0x883288e1584769c7deb0a7bd1ef177d88d5eb8e1899474bbe8b08aacdff2a8c1
2023-04-01 06:06:40,True,0.4738,0.001507,1132.6,1.70691,0x0c...8533,https://bscscan.com/tx/0xa5319b37ed0a43afaab169b3f51e4a421b6d58c7a82a0911b66ee0446c8eefef
2023-04-01 06:06:40,True,0.4737,0.001506,4214.29,6.34987,0x00...78d2,https://bscscan.com/tx/0x0227300a3022965b8e1f4d14aa2a69580f7c5d332ea799452d65dd32195b575b
2023-04-01 06:06:22,True,0.476,0.001506,2323.49,3.5,0x2f...e155,https://bscscan.com/tx/0xc6ce52c0a30710e72eff41c12d34a1cab2d9b270cc0eb83b12a4204fc24c3fea
2023-04-01 06:03:52,False,0.4713,0.001498,30.0,0.0449,0x61...d057,https://bscscan.com/tx/0x7783022236d2dd9ace2989f550592c112b3db4fe10a965efe8756dd12820d8d5
2023-04-01 06:02:19,True,0.4764,0.001506,50.814,0.0765,0x3c...cfd2,https://bscscan.com/tx/0xf192e224943d327f5945aa4d69f09c3bc597728ec7e81bc8fb08a410b2e3af72
2023-04-01 06:01:02,True,0.4765,0.001506,595.7,0.8972,0x00...78d2,https://bscscan.com/tx/0x5df62296ed4fef7e36bf96a7aab2725a0c7d98b104d998fdb2aea10a438b54a9
2023-04-01 06:00:28,True,0.4766,0.001506,502.394,0.7566,0x91...79fe,https://bscscan.com/tx/0x9e3b5366e72599b1da67de7912a7cc94cc2085c645a35a0198fc06fcfa243e37
2023-04-01 05:59:25,True,0.4746,0.001506,1793.4,2.70081,0x00...78d2,https://bscscan.com/tx/0xe365971ab01375019b8a2b67cbdca4c6997364221cbb32e6bb83b05e392c7e2f
2023-04-01 05:47:33,True,0.4776,0.001505,270.198,0.4068,0xd1...794f,https://bscscan.com/tx/0x80705d728e342aa1257da470afe196a1a64eb2e29c5fbd78bd0ffcfa34c5b581
2023-04-01 05:40:42,True,0.475,0.001505,447.7,0.6741,0x67...b7c1,https://bscscan.com/tx/0xca6521c07f165e8739e836bd136820b48d12e79333ea4b3765ae7740acf5a0b2
2023-04-01 05:36:17,False,0.4752,0.001498,10.7987,0.0161,0x42...859c,https://bscscan.com/tx/0xeeadf5519968ad5351c24639da8b2226d7e4c76b963bd12f13feb15060241c1e
2023-04-01 05:35:23,True,0.4776,0.001505,738.347,1.11175,0x49...b36f,https://bscscan.com/tx/0x1140a48234142315555179cec5b947f6bed31aa90e7df7bc5ae4bda195033e76
2023-04-01 05:35:17,True,0.4752,0.001505,658.5,0.9914,0x00...78d2,https://bscscan.com/tx/0x0ec8000358d7148b9afff45af72cbe9f13c8ea47ffe1e93d1ccf57114eff303e
2023-04-01 05:31:44,True,0.4751,0.001505,260.617,0.3923,0x49...b36f,https://bscscan.com/tx/0xa2cb8ccbebcf11de84d0c83d5d1a4c65db848f6855fc71a79a507ec22454d7c1
2023-04-01 05:30:53,True,0.4777,0.001505,1027.3,1.54662,0x00...78d2,https://bscscan.com/tx/0xe767ea7538ab48078482f62b59f174961094e0768d08614d4f2f735893debda1
2023-04-01 05:30:50,True,0.4754,0.001505,662.8,0.9977,0x00...78d2,https://bscscan.com/tx/0x089bb2c944b20f96d1ac24b547b4d44876b1c230593aff1978c38c7b0a6dcf52
2023-04-01 05:30:32,True,0.4755,0.001505,1287.5,1.93807,0x00...78d2,https://bscscan.com/tx/0x5faec1ad57888f22d457054025927aef5a7d6077f846890117539b7f88801cd4
2023-04-01 05:27:44,True,0.4779,0.001505,2325.46,3.5,0x8d...1b76,https://bscscan.com/tx/0xbaf26643d2c600ee09dda15b2e4347c31770c51eedf0cf6afc475020f6843f33
2023-04-01 05:27:44,True,0.4779,0.001504,891.055,1.34094,0x52...1c7e,https://bscscan.com/tx/0x1236d4f6da9109383fa0e6b2d2507ad32ffc301b87c7941b40131b4c8653a461
2023-04-01 05:23:44,False,0.4755,0.001497,50.0,0.0748,0x3e...7b50,https://bscscan.com/tx/0x4cb10a70ba551686f7f6ddfe47692d57ff19c2dbad674a9221239ced9798185c
2023-04-01 05:21:35,True,0.478,0.001504,150.749,0.2268,0x42...859c,https://bscscan.com/tx/0xbb1065948731645f1e57d8f4e9e535156a95cafa76edf54c4d927ca720f023ed
2023-04-01 05:21:17,True,0.4781,0.001504,17.8752,0.0269,0x3c...cfd2,https://bscscan.com/tx/0x57eb0f7492b709e61a3aa8c930350d779eabd94b52f5846f74b02e0603cc61b3
2023-04-01 05:21:05,True,0.478,0.001504,4196.6,6.31408,0x00...78d2,https://bscscan.com/tx/0xaa3b8be73704e221f1f6da6f368ea350b859ff4bf6b8da8036e82bfbc5a103a5
2023-04-01 05:16:44,True,0.4781,0.001504,667.779,1.00452,0x62...1f10,https://bscscan.com/tx/0x0c08f179ee6096f9c034cef0ba8a7c01f635bdf57729aaaf1338938b6b7075e3
2023-04-01 05:16:44,True,0.4781,0.001504,2326.98,3.5,0xda...c952,https://bscscan.com/tx/0xd98a03052672b841510e2eed9b093d12f19878239f609fd19733905620729b31
2023-04-01 05:15:50,False,0.4733,0.001496,64.9201,0.0971,0x25...c7b7,https://bscscan.com/tx/0xe5df63c99e1737e1d954be7a06b94af3332fe94807694a0cc8c1511eda8f34d5
2023-04-01 05:11:29,True,0.4784,0.001504,91.9614,0.1383,0xec...9221,https://bscscan.com/tx/0x77a8728ca52e182a14a96c5e952ba06cf47153e9be3804b21f7242a4af95115f
2023-04-01 05:10:12,False,0.4761,0.001496,3.99719,0.0059,0xb6...5b98,https://bscscan.com/tx/0x8bb8cd15a68c38fbd5144a355144cb2910e7fabf18f5e5de85f5f456ecfe6bcf
2023-04-01 05:06:31,False,0.4762,0.001495,273.922,0.4097,0xc1...69d5,https://bscscan.com/tx/0x1f496750d567ac8933371e94a984dd67c0b724c4012c08e4b7006ebeee51cef9
2023-04-01 04:57:02,True,0.4764,0.001504,25.3643,0.0381,0x26...b9bd,https://bscscan.com/tx/0xeb7b3a422c677e1d520ada4175e2d0d3b3511865549003adabe20fb1dfa81e90
2023-04-01 04:50:11,False,0.4738,0.001496,100.0,0.1496,0xa4...4ad0,https://bscscan.com/tx/0x4d8f81824a998bb4d1ee180f770119768d8f8640aa86aa30f9c011ebb2a9b893
2023-04-01 04:43:20,False,0.4762,0.001496,104.063,0.1557,0xe1...c054,https://bscscan.com/tx/0x20e54b180ae57e5a371ccad93b64ac3f965e432724ef9f1243316a4a0921be6d
2023-04-01 04:38:38,True,0.4786,0.001503,1984.85,2.985,0x11...69bd,https://bscscan.com/tx/0xc1ead1085537a4ac83255b65a64088331d82b405edf0cbf1d754edf649e5fb4e
2023-04-01 04:31:38,True,0.479,0.001503,802.765,1.20713,0x2c...015a,https://bscscan.com/tx/0xc2f7e90a00eaa2438c54aa10bc4c749bbc6f9a386b38030175ab9aed6ede5be1
2023-04-01 04:31:35,True,0.4789,0.001503,2327.85,3.5,0x91...79fe,https://bscscan.com/tx/0xb6e4dc4e70d0704b6402fc24281d768ae3b130933a5fd41f848c8872901e6aab
2023-04-01 04:31:35,True,0.4789,0.001503,586.0,0.8809,0x00...78d2,https://bscscan.com/tx/0x5aca8f81fa53cc605fc0e699754ae9f26df0c3d7c556b52dfaebabcfe31208cc
2023-04-01 04:31:13,True,0.4788,0.001503,3326.41,5.0,0x3f...573a,https://bscscan.com/tx/0x0765381701809efd876645d1bf308ab80f96595df22562b8bf5e215e7a7b7a45
2023-04-01 04:31:13,True,0.4787,0.001502,2329.01,3.5,0x52...1c7e,https://bscscan.com/tx/0x2f2852870c6782cea4526fb785b4d8b318b63868957444ad4c002f05e04a93b6
2023-04-01 04:31:13,True,0.4786,0.001502,4187.82,6.29176,0x00...78d2,https://bscscan.com/tx/0x0e1fe8b71e63dde6d239d412dc942af90a086f39baa44290290456480cdd0ba5
2023-04-01 04:29:46,False,0.476,0.001494,13.8211,0.0206,0x3a...bd67,https://bscscan.com/tx/0x3282082a9631af8be6aa4db9ac559cb3684f0a7fabc823650d81a750e2897829
2023-04-01 04:25:55,True,0.4785,0.001502,79.6758,0.1196,0x3c...cfd2,https://bscscan.com/tx/0x587526c50ebd163c4ad9b4fd0e85046f12afa0043acf9a6d2ca1a17abf9096e6
2023-04-01 04:23:06,False,0.4763,0.001494,161.173,0.2409,0xf1...175f,https://bscscan.com/tx/0x5816f12d8d4a8e6d9e1fd63a33ed589a6329cbe9eb98a2880b6ed54c91eb07ae
2023-04-01 04:19:35,False,0.4739,0.001494,20.0,0.0298,0x98...5a69,https://bscscan.com/tx/0x13b603456c833ab9e34929e2cc17aed99f3c03006d7da3b47f9d8ccaf77f44b2
2023-04-01 04:19:01,False,0.4739,0.001494,210.494,0.3146,0x89...fa67,https://bscscan.com/tx/0xd0ad065a118b0c96b233617da20bf62e0dbe07a3132a1e6129b859cfc254ac19
2023-04-01 04:13:23,False,0.4762,0.001494,130.531,0.1951,0x49...5591,https://bscscan.com/tx/0x7797df9f5e6fd16798075c8652db13e07918e56972e01f8f593b774d9d38a0c1
2023-04-01 04:08:33,True,0.4786,0.001502,213.0,0.3199,0x48...d3dd,https://bscscan.com/tx/0xbe24972a8e48e2d59547a7155ec2bf8965cb180004281cee7c80fd0be2498d65
2023-04-01 04:07:58,True,0.4786,0.001502,183.683,0.2759,0xcb...60bf,https://bscscan.com/tx/0xc42abe84912ea35945b8a5a4a6380b1342a17a7af4510be33bd368449f715075
2023-04-01 04:04:08,True,0.4754,0.001502,2330.21,3.5,0x0c...8533,https://bscscan.com/tx/0x62d651bc36e5a6caa7c25fc00ebbc05c6f15609eb870c974da335bcd5e8b7e9e
2023-04-01 04:03:08,True,0.4778,0.001501,1800.0,2.70317,0x1d...7b45,https://bscscan.com/tx/0xb5907156ebd149f6d932c7174e8d6c74e8559194f803846cc0b4f27fe4363179
2023-04-01 04:02:51,True,0.4777,0.001501,2330.98,3.5,0x0c...8533,https://bscscan.com/tx/0x18ca6687e18b074271a9c320651649f760e3e1a5049efca757894a42ab0a21ee
2023-04-01 04:02:39,True,0.4776,0.001501,2331.41,3.5,0x52...1c7e,https://bscscan.com/tx/0xe3cc88e95a2b3370586bce108edc05d716cb463a9961e25bf2addba82ac6606f
2023-04-01 04:02:39,True,0.4776,0.001501,561.653,0.843,0x62...1f10,https://bscscan.com/tx/0x15aceca1c608d463eb7503dfab926b0fbbae4d0fb538e629b1c7058354000b14
2023-04-01 04:02:39,True,0.4775,0.0015,2331.95,3.5,0xda...c952,https://bscscan.com/tx/0x1b5a2560ad91946760edd7fee7a9b2e5d79deb95fd0698cd856b4ef4c716a07a
2023-04-01 04:02:39,True,0.4774,0.0015,1526.3,2.29046,0x00...78d2,https://bscscan.com/tx/0x12f2076602aac285a53b4f20da14cfef7f8fcb9c4f0f4571a7e2688b6092f4ae
2023-04-01 03:56:52,False,0.4723,0.001493,35.8202,0.0534,0x02...2d77,https://bscscan.com/tx/0x35c1b51aceec97fb86e50cab0e4b49e0a1f979c8c8b4667c2ec10cbea06513b7
2023-04-01 03:55:52,False,0.4723,0.001493,3.14,0.0046,0x6c...a2f3,https://bscscan.com/tx/0x774ba4a801657f94f67febd6d49092877a6355a76370774bcb6a802c89f5b7e1
2023-04-01 03:52:55,True,0.4747,0.0015,4.0,0.006,0xd9...1cba,https://bscscan.com/tx/0xbf3cbb6accc27c3110bf1dcd359db709ee1f63e27c961e31a9a9faa9f2c94d46
2023-04-01 03:50:43,True,0.4746,0.0015,58.6698,0.088,0x3c...cfd2,https://bscscan.com/tx/0x7d1dfee1d76496288fe1b188bc425ccfe83a1dabf3ae674c8bd009e94ef0122a
2023-04-01 03:50:19,False,0.4722,0.001493,30.0,0.0447,0xe1...c054,https://bscscan.com/tx/0xe3ae27100188e1ed0e4ee141abf688d45326101ba5eae473ff03239c0fec4d3e
2023-04-01 03:46:28,True,0.4746,0.0015,51.768,0.0776,0xb6...5b98,https://bscscan.com/tx/0x74dfb5ed99d3c7e64dc89b96489cc5ce2121c6d199002d784aa324151e035e57
2023-04-01 03:46:07,False,0.4744,0.001492,32.0874,0.0478,0x31...a766,https://bscscan.com/tx/0x5feb22ec86efd4cf51c8ac4096a4eb8b87392b57927d180121f1b0a847686617
2023-04-01 03:42:13,False,0.4722,0.001493,37.0,0.0552,0xad...a154,https://bscscan.com/tx/0xd561077cd8f5a1f433225f1f8b669d6230f0d778e6bff8f701cd054f3997d433
2023-04-01 03:41:37,False,0.4722,0.001493,100.0,0.1493,0xad...a154,https://bscscan.com/tx/0x70412f7a69546493acd105d81054c195c7fed64eed0c9b07a97a0a01bb9387fb
2023-04-01 03:40:52,False,0.4746,0.001493,33.0,0.0492,0xad...a154,https://bscscan.com/tx/0xd51fc1bec73a3ec6067d753798d291a63b1a5a6a93cd8cfbac48765545e3598e
2023-04-01 03:40:04,True,0.4746,0.0015,2332.64,3.5,0xda...c952,https://bscscan.com/tx/0xc806695440bf7391a6e7a53740cc4c1f6136e9f9ce79c6056f7a3ce59d2379f3
2023-04-01 03:39:58,True,0.4745,0.0015,2333.07,3.5,0x2f...e155,https://bscscan.com/tx/0x5239d91435467c3b656e92c6226bd2f2791746fa126fac920e4c86a25fbe97d3
2023-04-01 03:36:55,True,0.4743,0.001499,2333.51,3.5,0x0c...8533,https://bscscan.com/tx/0x3175fc1da0fc410375c88add746d037008014e05f55cb7073a6d134fab52d096
2023-04-01 03:31:34,False,0.4718,0.001492,50.0,0.0746,0x3e...7b50,https://bscscan.com/tx/0xadcd3d0a78697a16191b64368bb5d9199670bf723a4f694130512994126d30bb
2023-04-01 03:30:55,True,0.4742,0.001499,3615.39,5.42143,0xfc...535e,https://bscscan.com/tx/0xfbb76db7cae80dd444fc2109c075a1d4607af0181864002faf3afba7f6a1dd0a
2023-04-01 03:30:52,True,0.474,0.001499,4131.99,6.19417,0xd3...ec6f,https://bscscan.com/tx/0x30d42ff72d66ee9816085a2b39fafc5ed046d41ff67b0fd15e22f3a5782feac2
2023-04-01 03:30:52,True,0.4739,0.001498,2335.37,3.5,0x8b...88f6,https://bscscan.com/tx/0x505bc52b600143d10fdba6aea0448f92e1d402fcbda7476095eb70e5d8672b51
2023-04-01 03:30:52,True,0.4738,0.001498,2335.81,3.5,0xda...c952,https://bscscan.com/tx/0x9f1b2b8ca492c84ac325ca65f65c440c04db9c0d82d4188ec6a586319e36264f
2023-04-01 03:18:18,False,0.474,0.001491,4154.27,6.19417,0xd3...ec6f,https://bscscan.com/tx/0x869c1b24318cca2c4c2a6dcc854ace5f2e5a1242fcfa109d2320336c91c440f9
2023-04-01 03:15:39,False,0.4741,0.001491,3615.39,5.39235,0xfc...535e,https://bscscan.com/tx/0xda1149651385cfd52dfa0944a87e12826d1b92bcea0b6dc1fb9d354f30ec130c
2023-04-01 03:15:36,False,0.4742,0.001491,2333.79,3.48166,0x62...1f10,https://bscscan.com/tx/0x74154d103edc0ebd398e99e841f56c104816594c809eed45e6e8286a608887ac
2023-04-01 03:15:36,False,0.4744,0.001492,8000.93,11.9411,0x2f...e155,https://bscscan.com/tx/0x2c1094179f63b31f809282c084b9e0c208a8e2d93bbb79c2102f68a335ab68ef
2023-04-01 03:09:48,True,0.4771,0.0015,80.0,0.12,0x3c...cfd2,https://bscscan.com/tx/0x583f10a7aed23e13f16fd1bc22d5853081dac5e5e0bcea898dda9b658f194836
2023-04-01 03:08:12,False,0.4724,0.001492,15.9987,0.0238,0x1d...2220,https://bscscan.com/tx/0xfeb1b2581c3a5464bd03abd72faa93205f13f7a7be927af1281dc1b44767604f
2023-04-01 02:47:48,False,0.4722,0.001492,65.0,0.097,0x50...4aec,https://bscscan.com/tx/0x2023ceb228e96c46f7e9cf07ed5d6ec4e2805f967b30ef19f4ced6836e60a566
2023-04-01 02:42:07,True,0.4745,0.0015,2332.88,3.5,0x2f...e155,https://bscscan.com/tx/0x3ba99f59c5c5154ecf017a87a47ea4f884de808aeee63fa7a14181b49f62e480
2023-04-01 02:41:44,True,0.4744,0.0015,2333.31,3.5,0x0c...8533,https://bscscan.com/tx/0x9dae8998c3396f91d3cb19721a07076aaaea31a7d0d8529598ae801d7dc01ffe
2023-04-01 02:38:57,True,0.4744,0.001499,221.288,0.3319,0x0c...652c,https://bscscan.com/tx/0x7f1ac700743f7b6df060289040cae6e3225b0d53f02015aa0a85b87d2d8203cf
2023-04-01 02:31:55,True,0.4744,0.001499,2333.79,3.5,0xed...4f31,https://bscscan.com/tx/0x95005a0a2163bbbddbc78c07fdea47d81d455abbc9bb141cdd0729f86e16a7f3
2023-04-01 02:31:55,True,0.4743,0.001499,3334.74,5.0,0x0c...8533,https://bscscan.com/tx/0xdab2eabfbebc2996e899154c42a14180d4e8429b65e0ae0bf06f2251db16faf8
2023-04-01 02:29:04,False,0.4718,0.001491,10.4421,0.0155,0x2a...6bb6,https://bscscan.com/tx/0xde42bc732e2f4a5295a2a9172d414c9452b1457f835efe5b4a5deefd34ea2cac
2023-04-01 02:27:40,False,0.4718,0.001491,124.727,0.186,0x7e...df24,https://bscscan.com/tx/0xdbba700071329f1265c6d31c680c56042bd61000611445740dca2a91573c3a93
2023-04-01 02:24:34,False,0.4718,0.001491,28.0962,0.0419,0x94...1dea,https://bscscan.com/tx/0x433bd87a293a721c8ec62e84b1658cdc9dd0e3d48ffbd433da70b6a64753c593
2023-04-01 02:22:58,True,0.474,0.001498,6499.14,9.74091,0x98...5cc4,https://bscscan.com/tx/0x70af3b593e56d9f9fdef4ac8bdae4e197820c50f1ab63501df66d651de65be3a
2023-04-01 02:22:58,False,0.4713,0.00149,10.0,0.0149,0xb2...1955,https://bscscan.com/tx/0x4bdaa5de805766a5ec60aa952bfa1fd1ac86ac86176da1b7113145ccb3304ab4
2023-04-01 02:21:04,False,0.4715,0.001491,498.5,0.7432,0x14...df3c,https://bscscan.com/tx/0xb36efb8535968e5caf36a3e071323e4c3fe5dcf3ae0f349f74c1cc11c22500af
2023-04-01 02:19:49,False,0.4715,0.001491,386.436,0.5761,0x38...1f60,https://bscscan.com/tx/0x239c72067becfed297ffae7190f2064ff2f604fa846050fec74ebef8a89fd2ff
2023-04-01 02:14:15,False,0.4715,0.001491,22.2975,0.0332,0x52...8d7e,https://bscscan.com/tx/0xaae5ef7dd36a89aedf955297d7f112ca4d66a255c52d318d3f0040474ac4548a
2023-04-01 02:06:53,True,0.4763,0.001498,28.8432,0.0432,0xa8...1f41,https://bscscan.com/tx/0x616be695e0216216ca9a3a03ff461339a7cbd63511a246761bffca2e8d3cdef9
2023-04-01 02:04:42,False,0.4739,0.001491,4.72374,0.007,0x14...9623,https://bscscan.com/tx/0x114f1e5bf670726ce15b0f30f6648b64a1d2c2d6a2eaa66f82e2989432ca8bb4
2023-04-01 02:04:12,False,0.4715,0.001491,12.0,0.0178,0x14...9623,https://bscscan.com/tx/0x22229c86b0e35028bf23efe1214bf240a56b2daf828b4ac85ba142b07271ce3e
2023-04-01 02:01:09,False,0.4738,0.001491,831.981,1.24056,0x7c...b28d,https://bscscan.com/tx/0xc494bb9e71ed26f6b128dcfe689057ca3e94bc1fb6b02746639341d0c8bcf5ca
2023-04-01 01:59:33,False,0.4739,0.001491,132.869,0.1981,0x91...79fe,https://bscscan.com/tx/0x0d3046bd342e3a496c20c75b683cc59b26d6c825c2238da3d2817e3a3c4d10e6
2023-04-01 01:59:21,False,0.4716,0.001491,2202.37,3.28436,0xda...6e1f,https://bscscan.com/tx/0xdec75d472ae86fce36d47e3a076467fbf13d5b8ac2cef80fda859948b565a12c
2023-04-01 01:59:00,False,0.474,0.001491,2334.81,3.48248,0xf2...bfcf,https://bscscan.com/tx/0x915fe57350e132d312c988b2b80a5af8b0dddcef860c4e0aa6b2ecf39057effc
2023-04-01 01:59:00,False,0.4744,0.001492,17229.5,25.7187,0xda...c952,https://bscscan.com/tx/0x0db9998725d407531b7e53216e97feef7629aef6afb24ed368ad97aecabc2054
2023-04-01 01:59:00,False,0.4748,0.001494,3751.97,5.60528,0x8b...88f6,https://bscscan.com/tx/0x0d499aef4faa5aac0542b45c0627347fbe4e04404c1d6abb73921c7ee960b30f
2023-04-01 01:37:48,True,0.4751,0.001501,432.617,0.6496,0x06...68ba,https://bscscan.com/tx/0x1ac5cac69e0deda6e5d4e9d8a8bd0b8d0dc726e9672c255a7e62345dc85dc0d1
2023-04-01 01:30:47,False,0.475,0.001494,69.68,0.1041,0x38...1f60,https://bscscan.com/tx/0x6b8bf4e9ca07fa686ce76a93a984dcdda118c17c53965faedc49074bff8e490d
2023-04-01 01:29:32,False,0.4727,0.001494,967.824,1.44612,0x3f...3b8f,https://bscscan.com/tx/0x109a42c0ab2d23133ab69dccb2cca0c81e3862538f3551f6d69c5cd6ab57742a
2023-04-01 01:29:08,False,0.4727,0.001494,6.0,0.0089,0xc9...c0c1,https://bscscan.com/tx/0x8c0b5d6478b56fa22abf5c451e7293f019f980e570c75e791024e3664d7e2c81
2023-04-01 01:27:29,True,0.4771,0.001501,13129.6,19.7071,0xfc...535e,https://bscscan.com/tx/0xdb3ddc6d9f818da18419c6d3bf666da2bb2dbbdd5830db477e4b2c5a7c2c4ed7
2023-04-01 01:27:26,True,0.4769,0.0015,863.757,1.29575,0x2f...e155,https://bscscan.com/tx/0xbdb1281def95020d7231f9445a8671f45b9f719c7e22cfcacc5b68d5a18e036d
2023-04-01 01:27:26,True,0.4768,0.0015,1053.7,1.58056,0xc1...b919,https://bscscan.com/tx/0xff5e22c81244d599879f291e24762e7b1d10267cec72140f8e01dd9f1fa0b3f5
2023-04-01 01:26:59,False,0.4721,0.001492,78.1483,0.1166,0x38...1f60,https://bscscan.com/tx/0xb2dbccb6e4f39167c69aabca49657bc3cf5226a9977899cf0ccbc44eee27c522
2023-04-01 01:10:53,False,0.4743,0.001492,77.8715,0.1162,0x7e...ff25,https://bscscan.com/tx/0x4a91c8317a0af95ee0098e007ceefe643bfec058112ffd224f4002bdddec1d32
2023-04-01 01:05:32,False,0.4717,0.001491,82.6571,0.1233,0xca...4d79,https://bscscan.com/tx/0x24b7a9c616a8f96a83d03d7642e91e3f97b9cf58f175aad990c69cfca6780551
2023-04-01 00:59:50,True,0.4767,0.001499,1408.84,2.11311,0xed...4f31,https://bscscan.com/tx/0xeb1715b8170e01cf1522916c89b1afb8c40f7d91eb157618bc5812205ed9eec8
2023-04-01 00:59:50,True,0.4766,0.001499,2333.84,3.5,0x0c...8533,https://bscscan.com/tx/0xe65525d41d215eb2a9b36b559ba02b60feabe369c9523086b06e4f010baec50e
2023-04-01 00:56:20,False,0.4716,0.001491,48.6225,0.0725,0x5e...9f5d,https://bscscan.com/tx/0x3ef6ed4be4782417a7914cd009696c2c5df225614b93d8a9ed7470b99671a575
2023-04-01 00:54:05,False,0.4718,0.001492,10.5983,0.0158,0x2a...6bb6,https://bscscan.com/tx/0x83cfbe60ffdb5579f89b76542a284114cbb00079b0b4f59a28967b7d4e2d9e21
2023-04-01 00:46:59,False,0.4717,0.001492,8.56569,0.0127,0x3a...bd67,https://bscscan.com/tx/0x0c54e7dcf412c43131aed5ac23e3c0921a3ef7de1931d69263916e2ed26d3742
2023-04-01 00:44:12,False,0.4741,0.001492,5.511,0.0082,0xd4...43e7,https://bscscan.com/tx/0x27d4897630394b89920cbb0f55da7d1ea315332efb6396a703467f4ffbaf9297
2023-04-01 00:34:41,False,0.4739,0.001492,810.0,1.2086,0x51...21ed,https://bscscan.com/tx/0x2170d98b2d4b4b24aabe62ae82c2abbc0b026fbb236532e214351f02f86fd837
2023-04-01 00:30:31,False,0.4717,0.001492,77.6358,0.1158,0x23...18c1,https://bscscan.com/tx/0x27a7a0930ae8f8a13832bd8f6ee4d6c6ba93db5b7c58bfbb7f5561bac008cc2d
2023-04-01 00:13:25,True,0.473,0.001499,1879.3,2.81807,0x56...0086,https://bscscan.com/tx/0xd98ce12849b4c9cfd8eae7a9542b419e99b20dff1182bab75bb10ce8ad9397b1
2023-04-01 00:06:22,True,0.4729,0.001499,1914.7,2.87072,0x0e...7558,https://bscscan.com/tx/0x7bbdd1ce8216eaf34cce61e9cdcb61a3438552eb7314b3b135c3c2fd81eb5e7a
2023-04-01 00:06:19,True,0.4728,0.001499,2334.81,3.5,0xf2...bfcf,https://bscscan.com/tx/0xaf8520bfe36b79d6d6432b51a2b137e3f173c62ceedfc7ffea465ff61dc15a11
2023-04-01 00:06:19,True,0.4727,0.001498,2335.24,3.5,0x52...1c7e,https://bscscan.com/tx/0xfcf310007efbf54e10b8fd21c72d5df8657a68e5e742f089fcaefd712a5110d5
2023-04-01 00:06:19,True,0.4726,0.001498,2335.68,3.5,0x0c...8533,https://bscscan.com/tx/0xed1fea1ee52aeffa3ccbacd6bdce4a3eab1aada024d2475b139cacdd4d19b73e
2023-04-01 00:06:19,True,0.4725,0.001498,2970.23,4.44994,0x00...78d2,https://bscscan.com/tx/0xd2f34ee2aaf47d130ecb3071828b3cfa80974baf37814d61ecd7db562757fab6
2023-04-01 00:05:58,False,0.4724,0.00149,7.5115,0.0112,0x04...c7d0,https://bscscan.com/tx/0x07f0e7cdf443508f99bf809a1d6fe737c006443d09a80972042f334ba7e03fab
2023-04-01 00:05:34,False,0.4724,0.00149,13.8174,0.0206,0x04...c7d0,https://bscscan.com/tx/0xe26a30387f50ff928f5c46890ca77203db7d9b769283a2a7b34f77c95019dc6a
2023-03-31 23:56:26,False,0.4701,0.00149,8.34,0.0124,0xf1...9caf,https://bscscan.com/tx/0x9f7c3198bc9aab5f70dad6f81e81c97cf762ab381c140abaef6f2665fcf38995
2023-03-31 23:55:14,False,0.4701,0.00149,37.0918,0.0552,0x2b...1737,https://bscscan.com/tx/0x7d204f344daa16ff8939abbea1030a0ae2fd742a097bbf8dde66b4454c7b6a6a
2023-03-31 23:53:26,True,0.4748,0.001497,2336.65,3.5,0xda...c952,https://bscscan.com/tx/0x05a9b5921c99150824b900b7abbafe52d23fb9a257e9bd2182093a37247e1e85
2023-03-31 23:53:17,True,0.4747,0.001497,2337.09,3.5,0x2f...e155,https://bscscan.com/tx/0xf25991103972600f965efb704161ca50f1f9e8c0e7b41fd3f5064badba95d639
2023-03-31 23:53:11,True,0.4746,0.001497,2337.52,3.5,0x0c...8533,https://bscscan.com/tx/0x45522c7f346ce2268472664fb834b670c5242eac4ee2f4c61a38b91ff2c56721
2023-03-31 23:48:53,True,0.4746,0.001497,4.5,0.0067,0x64...1bd5,https://bscscan.com/tx/0xb84b5f0c3e71fb08a4f7c42a04beb9c755051199a4ffffc7cbfa71648e6930e2
2023-03-31 23:48:53,True,0.4745,0.001496,4958.0,7.42151,0xc3...157a,https://bscscan.com/tx/0xdd3ae7be4b8008db1bffde6935eabdd59b5d8fd039f5c4da27d1d0b4f0111766
2023-03-31 23:45:38,False,0.4694,0.001488,306.465,0.4561,0xaa...e8d7,https://bscscan.com/tx/0x831a69a4833d443b73c8d5fa4621acc3431b5811da452706235702b31094d546
2023-03-31 23:40:47,False,0.472,0.001489,78.9514,0.1175,0x0e...005b,https://bscscan.com/tx/0x6a99f8ea4cf6fbc0c4ec872e007881d9e2a0cce0ab8cb2faf631413759ec16bd
2023-03-31 23:29:29,False,0.4698,0.001489,362.0,0.539,0x76...7c89,https://bscscan.com/tx/0x4956b75ea3c44a92cd43f64df9415f7ed77dd7f8cfa889bed447f0b6b7543a00
2023-03-31 23:13:06,False,0.4698,0.001489,24.55,0.0365,0x2e...8a8c,https://bscscan.com/tx/0x1fb397c3c5c13781de7b5bf745a9347b44f81e65d44b5b7af3c37e6fd67a1749
2023-03-31 23:00:35,True,0.4744,0.001496,2868.17,4.29223,0x98...5cc4,https://bscscan.com/tx/0xb7e05a32fe1550d1e89be900aeb42fc3dac57c72266c6c801804cf1e618ec7d1
2023-03-31 23:00:35,False,0.4717,0.001488,49.9929,0.0744,0xcf...cea8,https://bscscan.com/tx/0xfef798547009c5ab9a9b58197f7185f29c9bb7406aaf4d23397c9f269b02cb9e
2023-03-31 23:00:29,True,0.4718,0.001496,5977.05,8.94156,0xfc...535e,https://bscscan.com/tx/0xaa5f2084234d88e0aa7a2d7a36d4bcd42c66b9f569e7c603e739b908a9b0c9f8
2023-03-31 22:59:59,True,0.4717,0.001495,21.1246,0.0315,0xb6...5b98,https://bscscan.com/tx/0xffcb76c9159c9cf38161bec25a5bde1f382b94a10c70f674d08b04bac08a16ca
2023-03-31 22:54:23,True,0.4719,0.001495,8510.85,12.7247,0xfc...535e,https://bscscan.com/tx/0x57a5853cb4367001814f6b1808287d05ee63a0ba1081edb6916b49da55d678ee
2023-03-31 22:45:56,False,0.4691,0.001486,23.18,0.0344,0x5e...9f5d,https://bscscan.com/tx/0x0b6bc146b62e66eb64277cdff30bc47139155c0b5d07440d21ebb01f41bf309f
2023-03-31 22:43:56,False,0.4716,0.001487,265.022,0.3941,0x37...4861,https://bscscan.com/tx/0xb94dd1e70b5e0cb2f4268c7143be70b10d823b01a50d5289ecca9204dbcc0b9e
2023-03-31 22:37:47,True,0.4716,0.001494,105.48,0.1576,0x62...cf5c,https://bscscan.com/tx/0xbd210439ece0eedcb9311cb9fcc9409942bd89221389c3dd87a20d4bbf991c84
2023-03-31 22:37:35,False,0.4692,0.001487,6.0,0.0089,0xe9...891f,https://bscscan.com/tx/0x1364163fdc4fff6b2bbb71c77b4ee223ad8aad3d9fa88dac4d074cc1417f35fb
2023-03-31 22:36:47,True,0.474,0.001494,134.838,0.2015,0x78...99a0,https://bscscan.com/tx/0x15bb7087e7148214196a69f313fb25d15502dc2a37ae3993454cc713387ff44d
2023-03-31 22:35:44,True,0.4717,0.001494,1616.0,2.41514,0xc3...157a,https://bscscan.com/tx/0x3eee70f81e552644be32426af1eb654e5f057b5084737ed13f4959bd01afaf18
2023-03-31 22:35:44,True,0.4716,0.001494,2342.26,3.5,0x2f...e155,https://bscscan.com/tx/0x347af7b9a532ca7d3b14db1a728e0c496e6244eb89df270b60dd2721d5059c0b
2023-03-31 22:34:15,False,0.4692,0.001486,12.0,0.0178,0x27...5457,https://bscscan.com/tx/0x5aa93f73b0781a6f8a9ab774549b39368f1512196f6292d1746560e0e8e55cff
2023-03-31 22:30:50,True,0.4713,0.001494,2342.69,3.5,0x2f...e155,https://bscscan.com/tx/0x70b812bbf2cb887c746ef631d3209c5524db40dee2f1e4d6e52c846ab88d6006
2023-03-31 22:30:50,True,0.4712,0.001493,2343.13,3.5,0x62...1f10,https://bscscan.com/tx/0x243e2247862f3524cd52f38e441cec714d19ab84e85f866208c3137ff5445107
2023-03-31 22:30:32,False,0.4689,0.001486,146.625,0.2179,0x8d...b5c3,https://bscscan.com/tx/0x2834423d2d56a6e69e6a4d87cd152b91a68fa3ff46b9cac5262686875865db9a
2023-03-31 22:29:02,True,0.4715,0.001493,33.476,0.05,0x8c...839c,https://bscscan.com/tx/0x48e0568e58acf0f275c52758271c450e76aafc2830756ee5ad71ef022356c6e9
2023-03-31 22:25:44,False,0.4691,0.001486,136.414,0.2027,0xbb...b852,https://bscscan.com/tx/0xbb662ef838fcd8168d87542d75f1bcf12019c64f3a923c70683789d2300d97e1
2023-03-31 22:25:23,True,0.4738,0.001493,45.5271,0.068,0x23...719c,https://bscscan.com/tx/0xf821e4808cf1fa8765e80411c4cd392fe598f473b166090e11192cd901837d35
2023-03-31 22:24:02,True,0.4717,0.001493,5248.6,7.83775,0xc1...b919,https://bscscan.com/tx/0x3187ff6f719b2fdec4f04a95af53e378390351df28d21d024905817b2a647967
2023-03-31 22:19:59,False,0.4717,0.001485,4.0,0.0059,0xff...1c5b,https://bscscan.com/tx/0xe1c60edc9c0d8e024557b50d3ec53029b82f43459569f5e37b07c0852b8f86ac
2023-03-31 22:13:29,True,0.4746,0.001493,20.8714,0.0311,0x7d...10d8,https://bscscan.com/tx/0xeaa0c2da4d92be4412324322f2a58fe725cdd25c02b6485e3bb29267a0e9537c
2023-03-31 22:09:50,True,0.4717,0.001492,696.459,1.03978,0x09...d63b,https://bscscan.com/tx/0x6c12a6aab68eb95cad9a448c86cca651ab2da78888bb37f53a09d4e7d36b20a2
2023-03-31 22:02:14,True,0.4743,0.001492,251.768,0.3758,0x3f...66aa,https://bscscan.com/tx/0xda3080b1e8d687f9d13ae158c799a6ed1bbc4713504569f2cd6072e765b7eea7
2023-03-31 21:58:02,False,0.4718,0.001484,84.6001,0.1256,0xb5...a4a2,https://bscscan.com/tx/0x0f2190b8699e07c0baf2a3f969f95fe0bd4c1f9172de8131322a1924c1120484
2023-03-31 21:56:26,False,0.4696,0.001485,100.0,0.1485,0x5d...f82e,https://bscscan.com/tx/0x3f7bc906c874cb85a52b1da081efda0ba3f65670e2eb01c049a8c6428fc270d8
2023-03-31 21:49:59,False,0.4697,0.001485,17.2207,0.0255,0xa0...e30b,https://bscscan.com/tx/0x20eb87d888bffb36caf0d7a1f94a4066ede25bb5e670d47462f6284f3f2c0b2b
2023-03-31 21:46:02,True,0.472,0.001492,162.283,0.2422,0x02...f2c0,https://bscscan.com/tx/0x890feac8b26092662fae5cda48ac78c96a85076c08f3b01f4477b856894926a8
2023-03-31 21:44:20,True,0.472,0.001492,208.655,0.3114,0x46...723d,https://bscscan.com/tx/0x063f425084fdbf54fccd262a02cc30acba7474683b6b16351ee2165ed67a6704
2023-03-31 21:42:37,True,0.472,0.001492,76.8813,0.1147,0x0c...652c,https://bscscan.com/tx/0x0f7739809f90abe29ba60b5fea25b09b8ad0f2cae732bf5916b1a30633e23c52
2023-03-31 21:41:52,True,0.4744,0.001492,74.5577,0.1113,0x0c...652c,https://bscscan.com/tx/0xec68d45a57b79a3906131ff9f8565919ddcb2a844bc673f551471747563a3f6e
2023-03-31 21:21:46,True,0.472,0.001492,82.5116,0.1231,0x2c...c9c5,https://bscscan.com/tx/0x43029cc82f52a1a15987e1c61b385378fa69ad810e1fc9462ad7c30c7bc5a124
2023-03-31 21:18:43,True,0.4723,0.001493,575.034,0.8588,0x6e...2953,https://bscscan.com/tx/0x86cabfd1ece279485d50cc53b4edaaf17cb1403c67bd436910fe13bcdf7be654
2023-03-31 21:06:49,True,0.4744,0.001492,14.93,0.0222,0xc9...8272,https://bscscan.com/tx/0x491325a6474fb6c204bd4142e9345fb931140010f74357d8b2f5006f1193741b
2023-03-31 21:05:34,False,0.472,0.001485,61.2685,0.091,0x13...d973,https://bscscan.com/tx/0xbc4f23783c3a6a091cc85cbc22f8df43f8e0f9c9490f460517211abcca8f3116
2023-03-31 21:03:31,False,0.4697,0.001485,37.9072,0.0563,0x95...fc95,https://bscscan.com/tx/0x768f1d8b485519d0126b780efdf6e266d975fc55dbc22c136cedd1abf2224a19
2023-03-31 21:01:19,False,0.472,0.001485,201.46,0.2992,0xbe...b4a6,https://bscscan.com/tx/0x7bd108fd464d26b3f3c00a50b866745552751ee2edf78fe91791c0e314d3a6fd
2023-03-31 20:56:22,False,0.4697,0.001485,446.285,0.6629,0xa8...7011,https://bscscan.com/tx/0x02321f6c7febb7aa20734657b6c9ae9dca178a86954bbb9dd919271c6662942a
2023-03-31 20:53:07,True,0.4744,0.001492,20.0958,0.03,0x7c...dab2,https://bscscan.com/tx/0x941a53634919117041a5c9fe2b21a417a1c0d0b41b1053a19bf46ecffdda56eb
2023-03-31 20:49:19,True,0.472,0.001492,160.0,0.2388,0x05...ac5a,https://bscscan.com/tx/0x154259040c2e6851250d38808568d48e5f3ee727cb8b047788ef45e403f8924a
2023-03-31 20:44:40,True,0.4719,0.001492,319.753,0.4773,0x35...aca7,https://bscscan.com/tx/0x12ef62f2b9f941cdbeb27c9504bb1f917175857c12b8a0b6f1b18cdf06f1e076
2023-03-31 20:44:16,True,0.4743,0.001492,21.0928,0.0314,0xd9...1258,https://bscscan.com/tx/0x3f34bc3e60dafb268101eae38cc2e7619b6fc757a874bea91ae86ac686678401
2023-03-31 20:42:13,True,0.4718,0.001492,50.0,0.0746,0xa7...3b1a,https://bscscan.com/tx/0x8be78b4f97d3acaeead19e948d348b88cdee436d71b69db0acae25d44f17d33a
2023-03-31 20:40:19,True,0.4718,0.001492,5.0,0.0074,0xa0...0a44,https://bscscan.com/tx/0xba4203b14d791b30fb3cf8373773ff30783ceb6afd892bb730fb9179e0460a47
2023-03-31 20:36:58,False,0.4695,0.001485,40.0,0.0594,0xa9...2c25,https://bscscan.com/tx/0x9e8252162c1b3ac867d88bb118fd128dc3e85c4718b0c1d4d56c629ef4a1b970
2023-03-31 20:36:55,True,0.4718,0.001492,50.9117,0.076,0x23...719c,https://bscscan.com/tx/0xaaa27ed4f5369db9e8af37b1bface81146017fa51fc2734cc96d1b51eaaa9ffd
2023-03-31 20:28:09,False,0.4716,0.001484,50.03,0.0742,0xc6...572e,https://bscscan.com/tx/0x07000f772bc456529571b93e3b2429aae047969107765ca0587151e3af207499
2023-03-31 20:21:27,False,0.4695,0.001485,33.9,0.0503,0x2a...3378,https://bscscan.com/tx/0xfea1d6aa39781e0168f8b683bcb34542646d39c5c320302b62515e5ab0566683
2023-03-31 20:13:54,False,0.4719,0.001485,40.0,0.0594,0xe9...1243,https://bscscan.com/tx/0x7ded8c701580866c04e6eacdf39726e5560f1dbedba3ff2068744d8c5f40d063
2023-03-31 20:10:59,False,0.4697,0.001485,10318.0,15.3319,0xd9...a33f,https://bscscan.com/tx/0xde112bddc85a2a12401c3e5cfdc3773209372216ad0696d1c0ed36cbaa83782d
2023-03-31 20:07:05,False,0.4721,0.001485,32.7756,0.0487,0xc1...b58d,https://bscscan.com/tx/0x00825d78ec69ab164dfd618b47b423d28cf7ecd0cbe4c75b95a47ba85a89796a
2023-03-31 20:02:32,False,0.4723,0.001486,52.9569,0.0787,0x5c...be56,https://bscscan.com/tx/0x63e6048b5fb6f81367eb2a99f90c089391dbcad2d15af4728b6d670710539570
2023-03-31 19:59:26,False,0.4724,0.001486,86.3021,0.1282,0xb9...1853,https://bscscan.com/tx/0x08bf7f3026cd3ff6f523a3a3abd13b2afb1f756630734b9ece2e65d040b23336
2023-03-31 19:58:26,False,0.4724,0.001486,36.905,0.0548,0xb9...9fd3,https://bscscan.com/tx/0x201884e07af73ad93db8fc7b7d613ed1ca2b34a17b7ca6151799cfa026cd258b
2023-03-31 19:57:02,True,0.4744,0.001494,18.0165,0.0269,0x3c...cfd2,https://bscscan.com/tx/0xa24f275d7fc49d8f665c66562508841a3a49802dac90ec1aa0f110bef8357a79
2023-03-31 19:56:44,False,0.4721,0.001486,7.65368,0.0113,0x77...872c,https://bscscan.com/tx/0x0094cd375ebf4c44f4bcb8059762df488a8f6bfbd460b02ca39a773a68504deb
2023-03-31 19:52:56,True,0.4744,0.001494,341.0,0.5094,0x84...da51,https://bscscan.com/tx/0x954f38ad81e197741be4482e31fc58566d4547376cc70a99daf5d1796318a06f
2023-03-31 19:52:14,False,0.4721,0.001486,50.0611,0.0744,0xb9...9fd3,https://bscscan.com/tx/0xf4f169e86c9db7174d526c915327986fad97aef8c6ba5d7185bfe57a040b6b7d
2023-03-31 19:51:20,False,0.4721,0.001486,43.6967,0.0649,0x77...872c,https://bscscan.com/tx/0x8af7a33f594fcf1d67262bcc0f6e6ad724da783452960052eb98eaca4219dac4
2023-03-31 19:50:05,True,0.472,0.001494,65.5955,0.098,0xbb...dede,https://bscscan.com/tx/0xd8598a62e140f4ce5e6729aa2e606abfc43c2a5d06b20d0e8a296ce95ccdb64a
2023-03-31 19:48:26,True,0.4745,0.001494,59.6223,0.089,0x28...12f4,https://bscscan.com/tx/0x296dd733affcb1fedfc441b7edc90d7c5b78c8765154d03638d2386e66746155
2023-03-31 19:45:53,False,0.4718,0.001485,350.27,0.5204,0x66...37e8,https://bscscan.com/tx/0xdc591134eae56971554f5bbc176030fdd6deb949c29c41b73917bf82b7247623
2023-03-31 19:44:44,False,0.4697,0.001486,34.42,0.0511,0x67...3305,https://bscscan.com/tx/0x261955b835be9e4b2ce3d8c5229b13043781ba2d42491bbed06e2c6b5bfa4e73
2023-03-31 19:42:17,False,0.4696,0.001486,14.8963,0.0221,0x67...6a24,https://bscscan.com/tx/0x27ba7cbd5974fc80953c21c0fc3a712da927fffe36d6b0af29a8fc3c981e1f13
2023-03-31 19:42:11,True,0.4719,0.001494,20.0,0.0298,0xc8...3c6a,https://bscscan.com/tx/0xae0f449f41b0024c58d60315589f79e315eb02f1bd6f44fd5bcf88fbb7109ed9
2023-03-31 19:38:05,True,0.4744,0.001494,2.0,0.0029,0x72...8f05,https://bscscan.com/tx/0xfd8b59ef1e0101a7d19379484b4e85b3240f4ce589890ed80ec0a2c32aaecb61
2023-03-31 19:36:38,False,0.4697,0.001486,35.0,0.052,0x46...c749,https://bscscan.com/tx/0x8a01f1b534d35536f3d5ab867d72fc1e801c2d7f5eba96f0f98fe2377e2c4898
2023-03-31 19:33:14,True,0.4745,0.001494,2.0,0.0029,0x84...da51,https://bscscan.com/tx/0xd5a593c2de9d403bcf28aa474f7d44c8ef4a25d50c22e0a3ab87464dcc887881
2023-03-31 19:31:38,True,0.4746,0.001494,30.0,0.0448,0x84...da51,https://bscscan.com/tx/0x28b369e294ac7986e97cd52e3e7c422d7e8f1a240b90c1b1d0927e0ffc7d9a36
2023-03-31 19:31:02,True,0.4748,0.001494,21.8835,0.0327,0x3c...f660,https://bscscan.com/tx/0xb22e757b6264fce3e30a3f971bdac392cb8966eccfbd87b7e79ccc84849b8ccf
2023-03-31 19:25:41,True,0.4724,0.001494,91.0161,0.1359,0x69...8782,https://bscscan.com/tx/0x56d6d53227e5096b0228a9d87938d9ae008945df60bb153809485ea9452abe2b
2023-03-31 19:25:26,True,0.4751,0.001494,31.2908,0.0467,0xe6...f0cc,https://bscscan.com/tx/0x25cc0c5a0f3146c06f37e1df491eb358afda58417a7bc8c11550231e34887e46
2023-03-31 19:20:41,True,0.4747,0.001494,118.501,0.177,0x84...da51,https://bscscan.com/tx/0x27cd443c922dc524a6ecfb8b2efc1c4eaf5310578e1d82b1c479414a80d4679a
2023-03-31 19:14:11,True,0.4725,0.001494,131.161,0.1959,0xa7...3b1a,https://bscscan.com/tx/0xc518fb023b294cc2b0374e20a683da7d35252ec0d9b24a10a5fd44d0c4de28b7
2023-03-31 19:11:56,True,0.4748,0.001494,27.2138,0.0406,0xa6...5cc3,https://bscscan.com/tx/0x2b5704980b6d0cb6dcd1a33a85f0fa3bd164c19981feab61db201abad98c0624
2023-03-31 19:08:20,False,0.4701,0.001487,19426.9,28.9009,0x0c...8533,https://bscscan.com/tx/0x8df8ef5cc2c7ffd8a4922f51276d69535becf5020dc97d674af5365bfde2a339
2023-03-31 19:08:20,False,0.4705,0.001488,1147.41,1.70836,0x8b...88f6,https://bscscan.com/tx/0x30c2801a9be7d836465298db8bda01922e14b57da96dbfec1f5d414e2a2678a1
2023-03-31 19:08:02,False,0.4729,0.001489,199.4,0.2969,0xe2...4e95,https://bscscan.com/tx/0x8f5483fe6183a88a8877326d032ea0b0acb5a68d1a43304f03be6debe7783bb7
2023-03-31 19:00:59,True,0.4729,0.001496,24.4431,0.0365,0xb2...e6a9,https://bscscan.com/tx/0x3250e86b4d8b895ba4241f2b5fdc0d4c4bab7286dac872e3909d801f8319d314
2023-03-31 19:00:17,True,0.4753,0.001496,0.0285,4.272e-06,0x8b...6566,https://bscscan.com/tx/0xc92c00540ea8404653af85870ea778b54f9a74a7ba688eea94fbeeb3933d0aeb
2023-03-31 18:56:05,False,0.4707,0.001489,1384.79,2.06204,0x52...1c7e,https://bscscan.com/tx/0x24955cf72f24e5cf96185b70867eae80b76f341b1c96c2768df54ae1dd89b37f
2023-03-31 18:47:32,True,0.4729,0.001496,113.622,0.17,0x83...8a99,https://bscscan.com/tx/0x99e99b5bc2f36abce44d9eef26e2140f9e9428bfdfc5ba7e05a2264196b594fa
2023-03-31 18:41:35,False,0.4726,0.001488,268.204,0.3991,0x7d...0621,https://bscscan.com/tx/0x1ae2235008c009c36ff09d091dcaee43425aab5d6005ad7c56cee0847dc1276a
2023-03-31 18:36:40,False,0.4728,0.001489,73.1736,0.1089,0xe2...bc07,https://bscscan.com/tx/0x1a6e105864f6b5983299cc6f38b40747d4a9db3f2e18268c4641a4b7d0fd7e65
2023-03-31 18:34:01,True,0.4728,0.001496,7.0,0.0104,0x07...eb6b,https://bscscan.com/tx/0x2193a65495b3f673d36d61c1ae6504963a35cfa7ab268b0d61d2deb71b7908d3
2023-03-31 18:33:52,False,0.4704,0.001489,87.9234,0.1309,0x14...9127,https://bscscan.com/tx/0xf980a402664afb7a6d191602e9beab262d0e44e98549eb0a6978309dde1fcd99
2023-03-31 18:33:07,True,0.4728,0.001496,0.6681,0.001,0x36...74c1,https://bscscan.com/tx/0x4221e860bf29403b593ccd77e7c854d87249aa43b35c0c0b7673a86ee7620fd4
2023-03-31 18:31:01,False,0.4727,0.001489,2100.0,3.12754,0x2d...d020,https://bscscan.com/tx/0x3d62b83096cde2a03d96428ac02f5d0bac2af1be32880ebde05c2eac55d4b12e
2023-03-31 18:21:34,True,0.475,0.001496,1373.67,2.05613,0x35...aca7,https://bscscan.com/tx/0xa0ce09feb8d5192fab4094727ef47d38664c11fcbf8d9d7e68c1a000b18b2513
2023-03-31 18:17:25,True,0.4748,0.001496,1043.74,1.56214,0x8f...2e7d,https://bscscan.com/tx/0xa98d8bea51057e321c66b6e2172c543e5f3c0cc2f8b24502d2ada9f5476ecb75
2023-03-31 17:55:52,True,0.4747,0.001496,298.224,0.4463,0x57...0de2,https://bscscan.com/tx/0x3f39519282ddf397f827ab422b49cc4bf79272497f4c61cf846380f387e9e64c
2023-03-31 17:47:30,False,0.4702,0.001489,45.0,0.067,0x33...4da5,https://bscscan.com/tx/0xb0a02835724e498d11e544a3df93c6b200d01a06e6374e27fb21f2e130310b3b
2023-03-31 17:44:03,True,0.4728,0.001496,2338.88,3.5,0xda...c952,https://bscscan.com/tx/0x15c3ddbb856644554b1a302393f8a1eba1734292409b7a45710763875230cdc8
2023-03-31 17:42:30,False,0.4733,0.001488,390.084,0.5807,0xbf...18ac,https://bscscan.com/tx/0x1dcb2b448a7ac1a9315002a78779804a588eb130e86b314f55669749246d23a3
2023-03-31 17:38:09,False,0.4741,0.001488,20.0,0.0297,0x39...3598,https://bscscan.com/tx/0x84cfbb037146f6efd259ef4ece122445199eb83b1b80a6ea2b4eca9af763ea09
2023-03-31 17:37:24,False,0.4744,0.001488,144.116,0.2145,0x0e...2f4c,https://bscscan.com/tx/0x699a4b6b190e8b6a24727546e958ff838ab8ee95073da0ee38d73c9a4dd65d43
2023-03-31 17:33:30,False,0.4744,0.001488,391.0,0.5821,0x27...b78d,https://bscscan.com/tx/0xf464d97a95008eb4c0afaa309a1215a8e2de48084768487d41d068ae10b6d205
2023-03-31 17:29:21,False,0.4746,0.001488,19.3543,0.0288,0x6e...dc86,https://bscscan.com/tx/0x068515e96ca4ae70df43773adab5f2a3b0ccd6a2dd67498de1ead632bd56b5e4
2023-03-31 17:28:21,False,0.4742,0.001488,15.1416,0.0225,0x27...c17e,https://bscscan.com/tx/0x11471791b6a82274ddc4125625e61a39ecaa4549c562a587fb4f6b3755783ec7
2023-03-31 17:27:15,False,0.4749,0.001489,25.6105,0.0381,0x72...62f5,https://bscscan.com/tx/0x0237cc3ed13fc9984038263ecaf49890a2513df222b37b39d7b0a2db0418c555
2023-03-31 17:27:12,False,0.4749,0.001489,20.0,0.0297,0xb6...0275,https://bscscan.com/tx/0x4717c20908f73682070093a5c8b90cab26e398506e3b5eeb9dc6edf90c90717c
2023-03-31 17:25:27,False,0.4747,0.001488,15.1242,0.0225,0x7f...1f66,https://bscscan.com/tx/0xabaac5071781e452ae964d9e24672173548a75080b03d386198d1db2dfa4cafa
2023-03-31 17:25:18,False,0.475,0.001489,40.7583,0.0606,0x27...902c,https://bscscan.com/tx/0x6b3596d863695bc3674a8fc344ce8bd50eddf1f85148e7fe6f143a21b699a68b
2023-03-31 17:19:08,True,0.4774,0.001496,10.235,0.0153,0x62...c88f,https://bscscan.com/tx/0x391a1c3bccc00aae8a3d904280522d9f972ca1eebcff85d89a2582e43ccc8916
2023-03-31 17:14:33,True,0.4781,0.001496,1789.8,2.67812,0x67...b7c1,https://bscscan.com/tx/0x267c4670666340c31b4a562704871ed8ab705365d776e4f01c33adb3a43ddf92
2023-03-31 17:13:09,True,0.4757,0.001496,6.5,0.0097,0xe9...5245,https://bscscan.com/tx/0x1fee45668a003f7d05a723f16f7e86cd7b3baae2f1d951fac5bf2ed9de574cd3
2023-03-31 17:12:32,True,0.4757,0.001496,54.3149,0.0812,0xd4...d5df,https://bscscan.com/tx/0x81077754ed6b511c5a133923788b951dc37ce1c0ef48fbeb2780c32dca17dbd8
2023-03-31 17:09:55,True,0.4781,0.001496,2983.83,4.46391,0x0c...8533,https://bscscan.com/tx/0xb6f2a7f87e1ff64e98767b8d75393bf12b6d89836f8fd219f069cb569a827602
2023-03-31 17:09:01,True,0.4783,0.001495,28.3035,0.0423,0x95...32a8,https://bscscan.com/tx/0x7ff9b9bfb030dd2fcc0a36e9b8456ffcba806b86450ff9d444bf3e9093071bd1
2023-03-31 17:07:25,True,0.4756,0.001495,28.304,0.0423,0xaf...7186,https://bscscan.com/tx/0xa85cf0adbff208a8c9093ab80447d72ad09a524399bfc3c0938c28ffb2127c5d
2023-03-31 17:05:34,True,0.4755,0.001495,28.3057,0.0423,0x18...dad8,https://bscscan.com/tx/0xb4684318e9ecaeb5197d775fd43102389d131e99545f8676e65e1b3657bcd510
2023-03-31 17:04:43,True,0.4755,0.001495,1e-10,1.495e-13,0xe3...30f6,https://bscscan.com/tx/0x12fc8b29d1f1be86dd8c612fe9767b0cd31a4ef454c3b6c3d8fa6df9f8ae1b25
2023-03-31 17:04:34,True,0.4755,0.001495,2340.03,3.5,0x91...79fe,https://bscscan.com/tx/0xd018792dc6a98ef32c69ffaab9f40f4d4d99ea83dd957c56cb8cf3283c3db111
2023-03-31 17:04:34,True,0.4754,0.001495,1672.68,2.50144,0x05...7eea,https://bscscan.com/tx/0x37e7adb108ffbd72470c77e3366cfadd4fd4a54fea87d9fca1dbd9a6e3d310fb
2023-03-31 17:04:34,True,0.4753,0.001495,1673.0,2.50159,0x7a...c707,https://bscscan.com/tx/0xfe1b8abbf69a51871754e93368328a23590b36046cb50f3273f422a0f172b2bc
2023-03-31 17:02:40,True,0.4777,0.001495,28.3201,0.0423,0x5e...0a45,https://bscscan.com/tx/0x193e45c9f3d4cd177963761827f390aef48d86f5567734e1155816ad8be9ab2c
2023-03-31 17:01:28,False,0.4754,0.001487,30.3877,0.0452,0x7a...18c0,https://bscscan.com/tx/0x714266f81f9008e840d8fc862ce06ef5f4686c3ca35720202afb2093b19561a3
2023-03-31 16:55:46,False,0.4755,0.001487,85.4954,0.1271,0xa2...986e,https://bscscan.com/tx/0x065ec6ed7a351c71d13466275d32a9a3075cb4192cdde916b1eb30f293f84ef5
2023-03-31 16:52:08,True,0.4755,0.001495,1508.92,2.25597,0xaf...847e,https://bscscan.com/tx/0xa6b24918d1dbfdf371b56ad1730de003b726dc562e295ba73a7dd29515ce0199
2023-03-31 16:52:08,True,0.4754,0.001494,2341.35,3.5,0xda...c952,https://bscscan.com/tx/0xa39a7b409beeb518521aadc68dc5c804927e68074cb3135344b4f36784293fc3
2023-03-31 16:52:05,True,0.4754,0.001494,474.421,0.7091,0xd3...ec6f,https://bscscan.com/tx/0xa7527721b093c483b44075e7145520e2130e0b5e64df0154a6cb9f322007c5c2
2023-03-31 16:51:32,True,0.4754,0.001494,1086.9,1.62448,0xd3...ec6f,https://bscscan.com/tx/0x58e192240a1830f011da8396c66052d3fba16a54fa2f114faeb87d6fd74856b1
2023-03-31 16:51:29,True,0.4753,0.001494,1086.9,1.62434,0xd3...ec6f,https://bscscan.com/tx/0x618abaafc220a32a0055fb4445aaa1beaa1baaab95132a1c58a25a9bbf092482
2023-03-31 16:51:26,True,0.4753,0.001494,1086.9,1.6242,0xd3...ec6f,https://bscscan.com/tx/0x7a74b59ad806fae032d2aca46f071404f6f702ead8eef50164adff5bc313f74e
2023-03-31 16:51:23,True,0.4752,0.001494,1086.9,1.62406,0xd3...ec6f,https://bscscan.com/tx/0x801ad04a9e978fd82fa5cf088960b4116a3d0bbb5cf63e879eb82b770d108d68
2023-03-31 16:51:20,True,0.4752,0.001494,1157.0,1.72865,0xd3...ec6f,https://bscscan.com/tx/0xdbabc4e251eb56a3138709e550c4448ad1ee414ae16a4e20f6cd0e0b4c6b159d
2023-03-31 16:51:14,True,0.4751,0.001493,2342.9,3.5,0x2f...e155,https://bscscan.com/tx/0x123426a939813566ef4b83a505b9dee9033918738334306d26360cf34b7859e9
2023-03-31 16:50:59,True,0.4775,0.001493,937.725,1.40066,0x34...7c76,https://bscscan.com/tx/0xb107072e58062d04199a3d7d4f8aada6bfcf415ca78c628a364881ede58ec642
2023-03-31 16:50:59,True,0.4774,0.001493,2343.52,3.5,0x0c...8533,https://bscscan.com/tx/0xf68aac8d7fddf9ce75cb4f441286dfe498db5fb9df4ade43c39bd8b282e568f9
2023-03-31 16:50:35,True,0.475,0.001493,0.9932,0.0014,0xd3...ec6f,https://bscscan.com/tx/0x0a156bcad4da297ebb3ddc81001d10844d24a2b03f32bc8bde2cf90f1f59f435
2023-03-31 16:50:32,True,0.4773,0.001493,794.6,1.18657,0x71...69e3,https://bscscan.com/tx/0x891d0b7adcd94a965f4f15a8ad50b7b74b3413b6900d3057341bc8cbde504797
2023-03-31 16:50:29,True,0.4773,0.001493,1165.48,1.74028,0x0e...7558,https://bscscan.com/tx/0x02c914c542bdbf7c2e72e11adaea6126f84257e2813cd5536d8dcabd9efae6f9
2023-03-31 16:50:29,True,0.4772,0.001493,2344.32,3.5,0x2f...e155,https://bscscan.com/tx/0x379b00f02615ce20ee4b4c444a39aa999c4518e07605a052e59b261e9adb6fd7
2023-03-31 16:50:26,True,0.4771,0.001492,1546.1,2.30793,0x82...2196,https://bscscan.com/tx/0xad29ab251ef9fffe3dc00817af4d5df80a18229490fdb11fc628d2102d828469
2023-03-31 16:50:23,True,0.4771,0.001492,2345.04,3.5,0xda...c952,https://bscscan.com/tx/0x450fd7ea0f0f7982db81fc3f3b622ade1769ed56f2ca8e19601a61e5656c683f
2023-03-31 16:50:23,True,0.477,0.001492,1794.34,2.67763,0xf9...5ebf,https://bscscan.com/tx/0xebffb65dc6032dfd89c05de28ef1a955214a0b1d53d0462b921a646d8330c467
2023-03-31 16:50:23,True,0.4769,0.001492,1123.8,1.67681,0x00...78d2,https://bscscan.com/tx/0x6e67f7c09f4d3d081500ae228dac9cffefd04cecfef97d12dd0eff91f1e65b82
2023-03-31 16:50:20,True,0.4768,0.001491,4509.99,6.72781,0xd3...ec6f,https://bscscan.com/tx/0x5edf16ce5815de55cca7ac687fd0e3d4736a6ac0bed59411b45258fdf774f218
2023-03-31 16:50:17,True,0.4767,0.001491,2156.4,3.21597,0xd3...ec6f,https://bscscan.com/tx/0x6feff0a128c76861761600a081de6af5ce662a2d59ca39d633ed1d4a8612607a
2023-03-31 16:47:08,True,0.4766,0.001491,1970.9,2.93884,0xd3...ec6f,https://bscscan.com/tx/0xce413fb79d01f3bb200d53623e5761b67369253d7e7c510fbd74641927c9516f
2023-03-31 16:47:05,True,0.4765,0.00149,2003.0,2.98624,0xd3...ec6f,https://bscscan.com/tx/0x09ff3c4cb29fc75c7aee7e6fc486e0417c7ec34de2d51004f6d0c6518db987b7
2023-03-31 16:44:56,True,0.4761,0.00149,1764.6,2.63042,0xd3...ec6f,https://bscscan.com/tx/0xd0474fbe74f9cefaad1cda960005cb0cdb31409a2cacbcff07142067166b00fa
2023-03-31 16:44:53,True,0.476,0.00149,1232.2,1.83657,0xd3...ec6f,https://bscscan.com/tx/0x71f0706e5bc064a02054bbcf332a98d0f8daf2b51addb81df6fdb8beee883349
2023-03-31 16:39:26,True,0.4738,0.00149,523.0,0.7794,0x33...8082,https://bscscan.com/tx/0x348ab3b6dfc1b95ff0cada8e5641ed3aab33b7cf6933f043544da46f024b01b7
2023-03-31 16:38:02,True,0.4762,0.00149,1797.4,2.67856,0xc1...b919,https://bscscan.com/tx/0x5d4842f6d2a3efa18c612ad69bc9981611d14ac7eb5a1726059f0a218cb6187f
2023-03-31 16:37:59,True,0.4761,0.00149,1147.41,1.70971,0x62...1f10,https://bscscan.com/tx/0x101221916751b69d00ddc44660a81161aaec6269e29dc6aa5e6f88882525de3d
2023-03-31 16:37:59,True,0.476,0.001489,2349.22,3.5,0x2f...e155,https://bscscan.com/tx/0x2e42832d45bb1822c15a22e91a29f21a623eab75c742be9ad778962802639a31
2023-03-31 16:37:50,False,0.4736,0.001482,667.0,0.9887,0xb1...5d33,https://bscscan.com/tx/0xecf8d284b3d5f448d08564456718f13aca11e0ff764cc43551e8e5043c4295d8
2023-03-31 16:36:23,True,0.476,0.001489,2176.4,3.24212,0xd3...ec6f,https://bscscan.com/tx/0x76f31c07527c6b52308389fdb9747891e69ec2e5a1669ff4dd9b7a311dd22b38
2023-03-31 16:36:08,True,0.4757,0.001489,2176.4,3.24156,0xd3...ec6f,https://bscscan.com/tx/0x9adf55450d641813abe857cc8559c1854d07dfe543c2f642a6c58660956a04f3
2023-03-31 16:34:17,False,0.471,0.001481,120.0,0.1778,0x3a...d6a5,https://bscscan.com/tx/0x4560a3ad0b9392c2b17d09a8dc60a369339c277a39aa677b3d675b7e5aa509c4
2023-03-31 16:33:35,False,0.4712,0.001481,245.0,0.363,0x41...3fc0,https://bscscan.com/tx/0xfc381bb84c7b41a29ab4e820441121b48315df9933c5679715340ec94f6f612e
2023-03-31 16:29:23,False,0.4709,0.001481,59.0392,0.0874,0x73...fa60,https://bscscan.com/tx/0xdd227506d4f43c8d4b52c75b32f3db1967c8f4d972b4480ea1ad47d6b52c1b3a
2023-03-31 16:29:20,True,0.4732,0.001489,2308.8,3.43826,0xd3...ec6f,https://bscscan.com/tx/0x5de9a3e21cd72045c120113cf4f9d81a4f8061282ae3e52006f53864121b3591
2023-03-31 16:29:14,True,0.4735,0.001488,2308.8,3.43763,0xd3...ec6f,https://bscscan.com/tx/0x099d925476fb890cfd6ecf1c9db6780a26243b8e9cef1dcc680adea5b3b16434
2023-03-31 16:28:11,False,0.4711,0.001481,193.979,0.2873,0xf5...66ee,https://bscscan.com/tx/0x1558bc5a5ccd808ceeab852d5e656fcc9d84dc9928d6d9d2e1db0429dfc1c735
2023-03-31 16:26:29,True,0.4757,0.001488,1415.3,2.10699,0xd3...ec6f,https://bscscan.com/tx/0xa3d0bd9a6502dfbad9e7e56006114b2b3960177afbc892bc5dfaba85d7edbe18
2023-03-31 16:25:32,True,0.4757,0.001488,1156.53,1.72159,0xd3...ec6f,https://bscscan.com/tx/0x10181db8cd6fbbb3c6ffe7340c4dbd890758152c70e8e1250356b7952ed67ceb
2023-03-31 16:25:26,True,0.4755,0.001487,11110.3,16.5305,0xfc...535e,https://bscscan.com/tx/0x004ec5da56c1f453584161476ed043bba459a75e452a03642e0dfc162a34a35f
2023-03-31 16:25:26,True,0.4751,0.001486,9933.1,14.7666,0xd3...ec6f,https://bscscan.com/tx/0xdbf0f84a9e5aa14e53de3963992b8205d447336f61504981aae5eed6ed5c48a7
2023-03-31 16:22:56,True,0.4721,0.001486,55.75,0.0828,0x82...669e,https://bscscan.com/tx/0x00cc874b5f92b804f41ef961ea5adc5085c81be4648e8710569bf58706da9c57
2023-03-31 16:20:02,True,0.4745,0.001486,191.957,0.2852,0xfb...efd8,https://bscscan.com/tx/0xb5783b6c5dcc25d39599a3948ee98693d38b532cf13e9ec9a598beb24b6b0635
2023-03-31 16:19:14,False,0.4717,0.001477,198.73,0.2936,0xfb...efd8,https://bscscan.com/tx/0x4b6ac7400e6338da729bbf9fc0f10ade0714827582f0b26e978b7f18247723b4
2023-03-31 16:07:40,False,0.472,0.001478,27.6417,0.0408,0xe6...d03f,https://bscscan.com/tx/0xcec641891000cd8ecc207b7a3421372dc35c020861531d2ae5ec75d4c5a6cc80
2023-03-31 16:04:28,True,0.474,0.001485,3578.39,5.31681,0xd3...ec6f,https://bscscan.com/tx/0x06aec721cc8f02b2f5efd87a587077d3cf4df6eb50b99d76589d06dc4a196e0f
2023-03-31 16:03:58,True,0.4742,0.001486,8.98629,0.0133,0xde...367a,https://bscscan.com/tx/0x072858224107cd3c82ea2d0561aeb75918badffac1bf2dce9497780a3a5501d9
2023-03-31 16:02:07,True,0.4738,0.001485,82.5373,0.1226,0x2c...c9c5,https://bscscan.com/tx/0xc9eaf342a2051beb3255b06cfd05005b9846915c568256d82ee87b8b46ac3883
2023-03-31 16:01:58,True,0.4736,0.001484,11903.4,17.6752,0xfc...535e,https://bscscan.com/tx/0x3929f946d0295ed36403a67822077a8b98be6bf0fff7e9daa5fbb8479f6c45f9
2023-03-31 16:00:55,False,0.471,0.001476,18.5578,0.0274,0x38...e026,https://bscscan.com/tx/0x453d807b7bf12366064a5d525951a9b6797ab16bded8fbc3cd1b579ce96d8f23
2023-03-31 15:58:43,False,0.471,0.001476,36.2163,0.0534,0x0d...4533,https://bscscan.com/tx/0xc45b4aa82824a37f1fe809bf252732d9f07a72c869e4f6aea5e2eb9787c81851
2023-03-31 15:58:13,True,0.4733,0.001484,3621.1,5.37364,0xd3...ec6f,https://bscscan.com/tx/0x82e5859c53f96627e78c36e56f817d6b143b5d0de0c6f509f7a03fc0d1997119
2023-03-31 15:58:01,True,0.4731,0.001483,4652.2,6.9015,0xd3...ec6f,https://bscscan.com/tx/0xaf791dacf92ddad906adad305cc2e25edb8ef374f1578fbcab8e889f9bc6ca10
2023-03-31 15:57:49,True,0.4729,0.001482,4575.8,6.78568,0xd3...ec6f,https://bscscan.com/tx/0xda7635ecda7d98adbbbbe146e4eb45229c150d5b9ca804d4181faf1fb9b73817
2023-03-31 15:57:46,True,0.4727,0.001482,4575.8,6.78322,0xd3...ec6f,https://bscscan.com/tx/0x70708e333671100ee3a0d268c89414b6f959c784a0557cd26d3393c1dc58afa8
2023-03-31 15:56:25,True,0.4703,0.001482,353.117,0.5233,0x8b...61c8,https://bscscan.com/tx/0x3558b73329e76478ed3ab57933ff0bdc4740734e189c754275a8afb6085224a1
2023-03-31 15:56:22,False,0.4679,0.001474,172.45,0.2543,0xe0...56f9,https://bscscan.com/tx/0x1b3e446dcdcbd2f4f51b7028346d42a9acd0b4be11a60104d82ad1d879f17399
2023-03-31 15:56:19,False,0.468,0.001474,525.996,0.7757,0x02...38fc,https://bscscan.com/tx/0xe4d23bd8f2709270ac1ba717406e9bbfa62b726fa4679e2e207f6b664dc7825b
2023-03-31 15:46:52,False,0.4705,0.001474,70.0,0.1032,0x2a...bb79,https://bscscan.com/tx/0x53c5ed00275eea862d22d79d1c5a422ee68c03e4b35a95c0b3ece848bd0f7530
2023-03-31 15:46:16,True,0.4705,0.001482,249.633,0.37,0xdd...7820,https://bscscan.com/tx/0x02d3bcb6d169934acacceb9b81053e0bb7032a348ab83c4140b2cc5d184c869b
2023-03-31 15:44:25,False,0.4703,0.001474,119.0,0.1755,0xc1...e91a,https://bscscan.com/tx/0xd2e3350380a574633aadbd1f6e0f4bfcf9f469927eb5bae17bd86755b49cc4f4
2023-03-31 15:42:38,False,0.4702,0.001474,808.0,1.19166,0x20...9e6e,https://bscscan.com/tx/0x22f432e9a8677f59ad505e3ccf71d2585d62514a4eb4bfdfd6bc12833c214118
2023-03-31 15:42:18,True,0.4725,0.001482,15.0,0.0222,0xef...a440,https://bscscan.com/tx/0xa98d5c98282a2c787f20ec2809c8749751d71194837d94e0f97250581dd128c5
2023-03-31 15:38:30,True,0.473,0.001482,939.391,1.39238,0x35...aca7,https://bscscan.com/tx/0x3cc64700dc8cbfa7501ef22618fa088f0d983e1196822d473330c8b67ddaf7a0
2023-03-31 15:37:00,True,0.4728,0.001482,74.017,0.1097,0x13...e653,https://bscscan.com/tx/0x38b72a5dee404dc47aa7c4cc4e75a9b7b8038aa7940a6d984967ee655634b9d5
2023-03-31 15:28:51,False,0.4661,0.001474,135.616,0.2,0x14...d010,https://bscscan.com/tx/0x51f0079e860d620cf7783e5e95dda4cb95a7df487bca642eedc1463cb48d9043
2023-03-31 15:14:12,False,0.4681,0.001474,12.0283,0.0177,0xe5...9788,https://bscscan.com/tx/0x3e1e8e39b6979f17ca2a4445aaa4d1a951c5c3ac9b0a7ada1fd764bd3922c661
2023-03-31 15:06:03,False,0.4655,0.001474,24.0,0.0353,0xb5...703d,https://bscscan.com/tx/0x65885dda540fe996d02f13715e83c657f16845677e68c06ca8c67289c7b48c6a
2023-03-31 15:03:51,True,0.4707,0.001482,33.4224,0.0495,0xc9...3b94,https://bscscan.com/tx/0xc133b78f039d9a19089080e08e067845599dec2092cea77890e821b4f9ccf93e
2023-03-31 15:03:03,False,0.4682,0.001474,13.7562,0.0202,0xb3...a303,https://bscscan.com/tx/0x03ee6c2b1b902cbbbbce571ca3ca2897bc050b04a8807cfebe747f4c038d39aa
2023-03-31 15:03:00,False,0.4682,0.001474,200.0,0.2949,0x8e...1949,https://bscscan.com/tx/0x025a217e024906d6816a5c19303d1ca8fe2bbc4122b3fe6be4c6fe751a50fbf0
2023-03-31 14:53:57,False,0.4682,0.001474,49.9,0.0735,0x3a...863a,https://bscscan.com/tx/0x637e03ef07920411dac311f7b8b81cb9ebbf0ae796722d2ec0eaaf8f9f650edf
2023-03-31 14:48:45,False,0.4659,0.001474,16.89,0.0249,0xc8...60f7,https://bscscan.com/tx/0xae4c07fca78fa2c9c9708fc38c7ce8685b4f24ccf53a2370b0281a7d884b82cf
2023-03-31 14:44:03,False,0.4685,0.001474,400.0,0.5899,0x8e...1949,https://bscscan.com/tx/0x5eb2fd97f6a741f5ceba7841ffb7e4e6af6cbf41b74e33faaed9630a871742f0
2023-03-31 14:43:06,False,0.4656,0.001474,635.946,0.9379,0x14...d010,https://bscscan.com/tx/0xb0329c25d5516f27498bc54910f81286ece77291778dd72d7f4472cfade1925a
2023-03-31 14:41:30,False,0.4679,0.001474,259.19,0.3822,0xf7...d760,https://bscscan.com/tx/0x436c6dd736a65b6e8243d18ac924fc0efbf838e159179b05dfc92844833142e7
2023-03-31 14:22:52,False,0.4646,0.001475,19.9167,0.0293,0x0d...4533,https://bscscan.com/tx/0x61080e999b5661244d2891b096d493ab4d385855533720164f0cf1e498e401bb
2023-03-31 14:15:01,False,0.4649,0.001475,265.0,0.3908,0x9f...5f04,https://bscscan.com/tx/0x6ac3fa63b22d72ba18e5a4f990195f7757c2289c5a8efa18e2caac5a82590938
2023-03-31 14:02:35,True,0.4675,0.001482,561.233,0.8319,0x46...723d,https://bscscan.com/tx/0x73ad311958951c48291130a8fc18d03b5907666c1ca1a56e797db82a7b2b263b
2023-03-31 13:59:49,False,0.4651,0.001474,101.0,0.1489,0x6f...ed3a,https://bscscan.com/tx/0xdb9da9108070e16ca3b2d99db98b4118ecb6bfa8bff9931deb011c4f8b4420b6
2023-03-31 13:54:31,True,0.4699,0.001482,13.8556,0.0205,0x38...cbbd,https://bscscan.com/tx/0x63f2fccf2ddfd713872bfff69633448d2a29059a4ce45c66069765e81b96c331
2023-03-31 13:48:19,False,0.4653,0.001474,40.0,0.059,0x73...4ee9,https://bscscan.com/tx/0x6d00fa598fd87cc4790306b984d7262e9580e6092cab0c553ad2e6dcbccd0839
2023-03-31 13:44:55,True,0.4701,0.001482,380.258,0.5636,0x96...4df6,https://bscscan.com/tx/0x5e3825a2fa4d164dc7c0beaf0f9f7edf83bfae43f5b857619e18800295cdb626
2023-03-31 13:44:40,True,0.4701,0.001482,51.299,0.076,0x5c...a358,https://bscscan.com/tx/0xb34b4a9476a9f9c7d630b1c1ca106406bc1fa53a12f6dacb83fb70c7ba8d2026
2023-03-31 13:42:19,False,0.4677,0.001474,22.43,0.033,0x73...4ee9,https://bscscan.com/tx/0x2bd654a5a82480bc4b7bfc1741bdf4b09e38b0eee54fa99c28ed4b6c1e30352d
2023-03-31 13:26:07,True,0.4679,0.001482,49.0355,0.0726,0xf9...95fa,https://bscscan.com/tx/0x45d2e8a759fc50c0e02b287467507310e2abb69528b132d082270f0c8b519a44
2023-03-31 13:25:16,True,0.4679,0.001482,37.0775,0.0549,0x6c...19c0,https://bscscan.com/tx/0x5859072213b294a5c10c6d98c546a45d3cfbaaff832aa8a0933a1defc5c632d7
2023-03-31 13:24:52,False,0.4681,0.001474,19.7672,0.0291,0x2a...dc7e,https://bscscan.com/tx/0x8b9e4c19641c1731bd75de1c922fd47790ee3b3c43e835089f261e61b310e428
2023-03-31 13:18:13,False,0.4679,0.001474,10.0,0.0147,0x42...21fd,https://bscscan.com/tx/0xb2ceed39504bc0c20d3ac688cd52b4f648b2e2ca93082192394e764b83457044
2023-03-31 13:07:08,False,0.4679,0.001474,49.7267,0.0733,0xf3...babe,https://bscscan.com/tx/0x86b94e0f19bf4ae038cbabbfbdcf2b8ae725b016017871a7313dff4b4183fb69
2023-03-31 13:06:23,False,0.4657,0.001475,1206.53,1.77958,0x29...e8d2,https://bscscan.com/tx/0x925de4aea791e8880a6cff7b2b5875afd4ff7d5e787a4b8a73f677d0465f1ee4
2023-03-31 13:00:47,False,0.468,0.001475,122.221,0.1802,0x42...21fd,https://bscscan.com/tx/0xcfe9a041163fdd223e1448cd4ef97af79128cdad258544dc5f1ad0811c2fad53
2023-03-31 13:00:17,False,0.468,0.001475,6.77948,0.01,0x42...21fd,https://bscscan.com/tx/0x32289e396332f5c3305236e90a8e97c090849bc6944f7a2f7e27ba139aad3c26
2023-03-31 12:57:44,True,0.4702,0.001482,8.0,0.0118,0x73...309b,https://bscscan.com/tx/0xe88aaf8d97d8fc603ed76df1f1cb30041cb8c43291ff5ac77d84bcd2380f3006
2023-03-31 12:52:23,True,0.4701,0.001482,1.0,0.0014,0xe0...99f6,https://bscscan.com/tx/0x4d1e68d43f3083b1b31336181c12e6789aa4316c99a65af305e827566df21fc4
2023-03-31 12:50:56,False,0.4675,0.001475,134.879,0.1989,0xb2...1fdd,https://bscscan.com/tx/0x651c188ff3603d9c2abad26dbdb9db3c247a454327930f7a3b675836632bb5b7
2023-03-31 12:42:20,True,0.4704,0.001483,0.0868,1.287e-05,0x45...d0a9,https://bscscan.com/tx/0xf794381e6f61257542ac8e4aede58043859ed4040396c54c6b8f33f4ef85db31
2023-03-31 12:40:16,False,0.4653,0.001475,6.373,0.0094,0x2a...6167,https://bscscan.com/tx/0xc00087c9cc5f95497b1b061f77c3beb0101caee12eb30f601e4c7e399dac65d8
2023-03-31 12:38:31,True,0.4678,0.001482,54.5643,0.0808,0xd6...1394,https://bscscan.com/tx/0x13188892e2ec96ed272b3b7a91413283cd2dfb598332b3ebcaa711d30009f905
2023-03-31 12:31:43,False,0.4674,0.001475,29.2949,0.0432,0x63...57d5,https://bscscan.com/tx/0x5b18d31af0eb5726a4d7812ef5ecde3513d2880d1bbfd6873a792a8c0dee3e9a
2023-03-31 12:31:10,False,0.4674,0.001475,68.597,0.1011,0xfe...c34c,https://bscscan.com/tx/0x2c27de8a876437c59b55295b6d725fd2ba84c8f4c91616a8fa19f8230ec08536
2023-03-31 12:26:43,False,0.4671,0.001475,6.99248,0.0103,0x9c...28a2,https://bscscan.com/tx/0x95976ed03cde4f1444caf41936b171640e4fdcdb5816fcd184dcdf2772f5f2ce
2023-03-31 12:20:28,False,0.4648,0.001475,34.5551,0.0509,0x86...d630,https://bscscan.com/tx/0x903d9b199500a6332f2570cbf46633c4d87584bd265c7cb06c013d01648075b4
2023-03-31 12:18:28,False,0.4649,0.001475,33.4986,0.0494,0xfe...c34c,https://bscscan.com/tx/0xe04df80a2537322e04cf6aa4a56352c6c17b957c11acb5e28eef1fc5991376c2
2023-03-31 12:09:34,False,0.4649,0.001475,2422.4,3.57355,0x00...78d2,https://bscscan.com/tx/0x91d76fbdeb092ce1dc44ae17bb0e8070aec2f1d4400ac06356fffb18e60034be
2023-03-31 12:08:13,False,0.4673,0.001475,3075.45,4.53792,0x00...78d2,https://bscscan.com/tx/0x443ec7256e77571496dc3e61d0035abe7ba960a1b4d95d418a4e11f07ecb39dd
2023-03-31 12:08:10,True,0.4697,0.001483,1252.27,1.85716,0x3c...473a,https://bscscan.com/tx/0x5302ff556592c3b59d4e5d2562338928cbdb35fd1bb9688a90ff7a5e8267f103
2023-03-31 12:06:13,False,0.4649,0.001475,4286.56,6.32617,0x00...78d2,https://bscscan.com/tx/0x343bec1eadb9e38e8311ca37cc7f66977cfda5796559ea73e7be26863dff410f
2023-03-31 12:04:22,False,0.4649,0.001476,226.0,0.3335,0x40...d822,https://bscscan.com/tx/0x2f022c8bde84a109846a807ff011018a619dbc9ce0e767887fae79e85729d20a
2023-03-31 12:03:07,True,0.4696,0.001483,15.8381,0.0235,0xdd...93de,https://bscscan.com/tx/0x5c07435437c50c38e234ad2451b75f0dc88115007cc8215a78c9cc43e5b9d280
2023-03-31 12:02:17,False,0.4672,0.001476,356.0,0.5254,0x7a...c707,https://bscscan.com/tx/0x6683aa790e07a85ec1be289fb73270290f98b4a1c212de4d10274830690419a1
2023-03-31 12:02:14,False,0.4672,0.001476,414.6,0.612,0x00...78d2,https://bscscan.com/tx/0x238f428f2b1ed0ad0db4e72b026d35f5b300cff99b65457ac6241ce8777cb28b
2023-03-31 12:00:34,False,0.467,0.001476,18.0167,0.0266,0x7c...fe46,https://bscscan.com/tx/0xee8a1a7eb3daf52b528505cf125b149fab612092859b311face80b43ffcf91f0
2023-03-31 12:00:22,False,0.4671,0.001476,2788.3,4.11649,0x00...78d2,https://bscscan.com/tx/0xe20bc7b43cc6bdf9fba8bb1ebc27ea78c57048abfd251e7be57b9d6e862699d5
2023-03-31 11:58:01,False,0.4647,0.001476,673.0,0.9937,0x53...6615,https://bscscan.com/tx/0xd2e09ac09ed3d612ed8c29b8be683150ecb05dcbc02748d37db70a49e13f5113
2023-03-31 11:56:31,True,0.467,0.001484,75.4415,0.1119,0x5f...b08e,https://bscscan.com/tx/0xa32d54549bc413c7e39686e5983c7f96420edf39c2c988bd29e292c7c0e88ef8
2023-03-31 11:56:04,False,0.4671,0.001476,4297.13,6.34612,0x00...78d2,https://bscscan.com/tx/0x2613327e7b1a2872ff1cd271aeffce9791d98391a3a58d134e31c8822e43f3a2
2023-03-31 11:55:49,False,0.4672,0.001477,1697.49,2.50749,0xb0...a41e,https://bscscan.com/tx/0x1ce0e21924ae2e7489f3753903ef24e7f0a35abace446a08c4983b774de04928
