datetime,buy_order,price_USD,price_native,amount_token,total_native,maker,etherscan_url
2023-03-30 08:18:59,True,0.4762,0.001516,5.0,0.0075,0x2c...f3c6,https://bscscan.com/tx/0xfea7513655ee79d64fe03d8e1da68a0deb3044ea23d4aee56e9aff572dda7432
2023-03-30 08:17:14,True,0.4762,0.001516,5.0,0.0075,0xa1...f910,https://bscscan.com/tx/0x83e9cdad34acbda44f172185fdc778ed5ead63e25f729d62e0a4b22fda417190
2023-03-30 08:14:53,False,0.4738,0.001508,91.9155,0.1386,0xc0...7b58,https://bscscan.com/tx/0xdfa371ea08942275712a8e77f48746dc1fc3c7b780b82dc43760ece7eaf72868
2023-03-30 08:14:11,False,0.4715,0.001508,6.98887,0.0105,0xc1...4c6d,https://bscscan.com/tx/0x3e664e1e0f952cb4163ef3e3099faa008dd02b2aebba958dbc99f399ca8bec99
2023-03-30 08:13:59,True,0.4762,0.001516,6.5963,0.01,0x38...1596,https://bscscan.com/tx/0x13ae7f0086792826fd6a0c4b5c9f793cd87c7b55c118956a796299cbdcd5232e
2023-03-30 08:13:44,False,0.4738,0.001508,63.0,0.095,0x64...9ae8,https://bscscan.com/tx/0xe845fde106d43d077d804c56826ce4f59a34969038cb1a791558b66b10d8e9a5
2023-03-30 08:11:08,True,0.4761,0.001515,2308.91,3.5,0x62...1f10,https://bscscan.com/tx/0xf6269f7e465a90f946b21a60e7be21778e63ce7b4681b79f4c6defd408d267a2
2023-03-30 08:11:08,True,0.476,0.001515,2309.33,3.5,0x2f...e155,https://bscscan.com/tx/0x8a3ac7f4e0b56d9d89cbd2f1a1b5279bb24fe6bcc5a2a7b443a30457806fba81
2023-03-30 08:10:53,True,0.4736,0.001515,2309.76,3.5,0xed...4f31,https://bscscan.com/tx/0xa35839369e3447f65b0029308ae0c6b63a53f34232b4a9a6123b275886b0b61a
2023-03-30 08:10:53,True,0.4735,0.001515,2310.19,3.5,0x0c...8533,https://bscscan.com/tx/0x94b27a85b7376e018f39eecdd0272530c154c9fcf2f2c4f3c147dd80789bcefc
2023-03-30 08:10:53,True,0.4734,0.001514,2310.62,3.5,0xda...6e1f,https://bscscan.com/tx/0x5adb00d327533022cc0bb78930dc3118d27a8a74750cf4908103531ba30a2546
2023-03-30 08:10:53,True,0.4733,0.001514,3647.32,5.52345,0x00...78d2,https://bscscan.com/tx/0x5226a7c810d26222f09c7fe28ab395ccc208e27fbab3e4a8289758349af03616
2023-03-30 08:10:08,True,0.4756,0.001514,2311.72,3.5,0xda...c952,https://bscscan.com/tx/0x4ca69d747bd95410ab922c8d81430bf1a4863306b2e91d92fb4f3413f372db76
2023-03-30 08:10:08,True,0.4755,0.001513,2312.15,3.5,0x62...1f10,https://bscscan.com/tx/0x140346a7067ebc4b26e438f485665812907ad97cc3c6926f498fa19f30ca8254
2023-03-30 08:09:59,True,0.4754,0.001513,2312.58,3.5,0x52...1c7e,https://bscscan.com/tx/0xece01c9092731cfe1770fe333db8bcee4ba1b3427c966863eb29ec9d50ebe5b2
2023-03-30 08:09:59,True,0.4753,0.001513,2313.0,3.5,0x0c...8533,https://bscscan.com/tx/0x8ac7176e33de78a9281fe8b503258a6ba2186c0a9f6df83bf9f30ffe122610fa
2023-03-30 08:09:59,True,0.4752,0.001512,2313.43,3.5,0x8b...88f6,https://bscscan.com/tx/0x3299585c5dacbe899a5f9cad3822651fed1e2bdb576e1a8cb60621e620f3546a
2023-03-30 08:09:56,True,0.4752,0.001512,6.61042,0.01,0xdc...f454,https://bscscan.com/tx/0xc002fae75b26aa0fd3f9dc6b8eb7a936ea058f722bdf3cd54b1fcdf8ec462ded
2023-03-30 08:09:56,True,0.4751,0.001512,2313.86,3.5,0x0c...8533,https://bscscan.com/tx/0xc14cb1e13a003f1acdc098c9e5647fd0cb4ab241ce87726b9f7a52ad27b8164f
2023-03-30 08:09:56,True,0.475,0.001512,2314.29,3.5,0x8b...88f6,https://bscscan.com/tx/0xb34c2d69fa0c1cdf50b63ad2a11ac59a88cfd809cca5b1a5069d53d1550935e2
2023-03-30 08:08:08,True,0.4726,0.001512,2314.72,3.5,0x8b...88f6,https://bscscan.com/tx/0x680cb8695850f66de8a3b70449a4f9fdbd00dd5124773e19076576f59adfe7d4
2023-03-30 08:08:08,True,0.4725,0.001511,2315.15,3.5,0xda...c952,https://bscscan.com/tx/0x8c3b2973caa41606938e13fc0b5abd298b90d4d3d37ba08dbce9e606fa7f6390
2023-03-30 08:07:05,False,0.4724,0.001504,20.937,0.0314,0xc5...2dee,https://bscscan.com/tx/0xac2e04d6a46211652da8c8680a3c82b9d9d1c99cb17df668b6ce428ffd387f07
2023-03-30 08:06:32,False,0.4724,0.001504,12.08,0.0181,0xf2...52b1,https://bscscan.com/tx/0xe3ae0e7be9b9cbcf8979390ed79eccbcb9e841c357aaedd4499f5d1fc2ab1365
2023-03-30 08:04:17,False,0.4724,0.001504,12.08,0.0181,0xa6...1b9d,https://bscscan.com/tx/0xec6c36fa9eb1758718795d075e42cfc581a96691bad944d8e40d0e30f1ba7782
2023-03-30 08:03:38,True,0.4747,0.001511,8.67525,0.0131,0x86...b8bf,https://bscscan.com/tx/0xb15b36d0daa9ea870273e3d964d3fe49e8f8dcfaa33f3caf8b20cbb7a75e07a4
2023-03-30 08:03:17,False,0.4723,0.001504,24.1749,0.0363,0x09...d902,https://bscscan.com/tx/0xc96ad12f2ab57fa08f4fcf58cda12660c916453e341d54d9575601a6075fe1f9
2023-03-30 08:03:05,True,0.4747,0.001511,13.2306,0.02,0x7a...0a26,https://bscscan.com/tx/0x7ad2e1e1a3590d499cf475f278c4e814a3e0bccbf8fef17da07d46eaea09263a
2023-03-30 08:01:44,False,0.4723,0.001504,42.0387,0.0632,0xe3...bcdc,https://bscscan.com/tx/0xe426b76cfdfa3037800bcc6f31af63ee3b1d8b49db3071c87b43c194ee76f2a4
2023-03-30 07:59:32,True,0.4745,0.001511,4.575,0.0069,0xbd...007e,https://bscscan.com/tx/0x891cc203b142b4ad2572e379cf39570ea071f89c57661944f4c43a2a80c01750
2023-03-30 07:56:35,True,0.4724,0.001512,39.3247,0.0594,0xd5...437d,https://bscscan.com/tx/0xd3b072a567fbd1d03fd2270f558c173ea3fac62b8b3dd14858ec175283aeaf4a
2023-03-30 07:54:35,False,0.4698,0.001504,12.18,0.0183,0x20...ade6,https://bscscan.com/tx/0xac690cf0eb2605ecdd7c95eff0cf4d49c517b4317bbc9ff8f839e76a2637a12f
2023-03-30 07:54:11,False,0.4721,0.001504,12.3262,0.0185,0x8c...7b54,https://bscscan.com/tx/0xc6ecd051c974831e45067a9baeef1be343b4ba2b58ececc706fabb030ec9bdc6
2023-03-30 07:50:29,False,0.4719,0.001503,10.0,0.015,0xd9...3b75,https://bscscan.com/tx/0x4591c4bc0350887b174fe511b0c554467be02c2acb2e1389c65ac917b5b44ae7
2023-03-30 07:47:41,False,0.4698,0.001504,40.0,0.0601,0x2e...f345,https://bscscan.com/tx/0xf33bd73b04e8f4b69e905e2cf1def83d9c6610ba0554038a1c2c85c9c1109dca
2023-03-30 07:43:44,False,0.4724,0.001504,135.491,0.2037,0x64...9ae8,https://bscscan.com/tx/0x8a2de6aa1cf41e25285de73cd07637e8d5e139424490bd2b00850cc87282fdbe
2023-03-30 07:42:38,True,0.4725,0.001511,4.5,0.0068,0x42...4b74,https://bscscan.com/tx/0x129a2fb7be12ac3c2193c40d04edbd2df1df40f5c731b149a0481fc262d08ee3
2023-03-30 07:40:47,True,0.4723,0.001511,1.5,0.0022,0x9d...fe39,https://bscscan.com/tx/0xe3357b8f3a9ea7b56bed481066323318dd11d778b1adb37d20d42cc4a68a88af
2023-03-30 07:39:41,False,0.4701,0.001504,200.0,0.3008,0x66...2b81,https://bscscan.com/tx/0x8429bb3b43e056318206a719776b1823767b009079b76e81b5fa9436bc55070d
2023-03-30 07:38:11,True,0.475,0.001512,163.849,0.2478,0x20...07e8,https://bscscan.com/tx/0xb995a07fbf46e0ed1af5a132898c518d618e7b5cd7a7b4bd73e2e569b9a9f5d5
2023-03-30 07:37:32,False,0.47,0.001504,200.0,0.3008,0x39...0e44,https://bscscan.com/tx/0xcd7da30ac48747ab5efb3a90b8d69966f1f207d09912a2d08f4156304e6bff8d
2023-03-30 07:29:29,False,0.4701,0.001504,93.9016,0.1412,0x42...ada7,https://bscscan.com/tx/0x41533f9c906133a64e6f7bec2635c56fd6f8386c434664ce5197010cd4505425
2023-03-30 07:27:50,True,0.4749,0.001511,18.3987,0.0278,0xc9...8272,https://bscscan.com/tx/0x351bed1742a4e2a37c650424662d21626a0ff76ce61a78d8bf09437de83c65a5
2023-03-30 07:27:23,True,0.4725,0.001511,95.0252,0.1436,0x1f...e079,https://bscscan.com/tx/0x9d53fbcf5c694f3271179528640d86b7492724e813708a705094efca6b295938
2023-03-30 07:26:47,False,0.4702,0.001504,32.0,0.0481,0xa0...7cb8,https://bscscan.com/tx/0x1e43feb43c51a5010fe9e20d50dc6a9cc842022bcbac88ddc696ffeed0299e3f
2023-03-30 07:24:35,False,0.4702,0.001504,24.009,0.0361,0xa0...7cb8,https://bscscan.com/tx/0x0a22812d90321912861ce6d89b1b744f5a2a681f011b88e64574527d6d8abc1b
2023-03-30 07:20:38,False,0.4726,0.001504,263.351,0.3961,0x02...2d77,https://bscscan.com/tx/0x39585dcb3491bd54b4f24a0fab2b7589547137e7631e103788a744ebb50c079d
2023-03-30 07:17:56,False,0.4725,0.001504,376.202,0.5658,0x31...a946,https://bscscan.com/tx/0xcb3f9f3d50bb133fd03bccf2ab1559ef30d14f7f2366fa502d79102f1568038d
2023-03-30 07:17:35,False,0.4723,0.001503,125.798,0.1891,0x99...811d,https://bscscan.com/tx/0x56eb0dd3cdb7d205a936fb6e55a1c57ff1cc29e14f3c8cc3143a735741ecc799
2023-03-30 07:11:26,False,0.4702,0.001504,6.64784,0.01,0x49...b36f,https://bscscan.com/tx/0xfc2be82da81e33b07a6a6fe185703de2abf63e07299f05a10c1fac6ecc9941e8
2023-03-30 07:10:29,False,0.4726,0.001504,10.0,0.015,0xa3...f508,https://bscscan.com/tx/0x0cbfeac27156441a4e71564837ed90b6a5a085d9b93842b2657f6ebc26cc105c
2023-03-30 07:08:02,False,0.4726,0.001504,117.864,0.1773,0x5a...2327,https://bscscan.com/tx/0x77a36bb246f36b7320343ec877a1453c64033ea6a0fb77837bddf472ba0848a9
2023-03-30 07:05:26,False,0.4726,0.001504,36.9055,0.0555,0x96...ada2,https://bscscan.com/tx/0x9198911f3e7d776693fba6a1dd953834a783579e3dd90a70a26f79102dac8107
2023-03-30 07:01:59,False,0.4727,0.001504,163.212,0.2455,0xf2...4cfd,https://bscscan.com/tx/0x8732d26b2de8a39f702b41bb48bd1642ab32c1c8ae4e15f7f7eeb3ba8df2ddd3
2023-03-30 07:01:47,False,0.4727,0.001504,7.20225,0.0108,0xaa...bb33,https://bscscan.com/tx/0x574e82a18323ade21a549ea3e6d82ca5f7b9c06f20c568676c1b518fbfef90f9
2023-03-30 07:01:32,False,0.4727,0.001504,2.12866,0.0032,0xd9...07b3,https://bscscan.com/tx/0xbc14290e99161e9a8cd95ff0197c804e3d47b1c58b3b97b3ece3b2cc76fc5ac0
2023-03-30 07:00:14,False,0.4727,0.001504,97.1614,0.1461,0x97...14c8,https://bscscan.com/tx/0xa0c2a196c4b8d27aa4102605a46e7be999dbdb9ec715ebb777e435cdca8541b8
2023-03-30 06:58:29,False,0.4727,0.001504,16.2827,0.0244,0x91...aaab,https://bscscan.com/tx/0x99a3282407a742ab15a174fb032f4967156ebc3b161b11679e7fcf644eb9b3fa
2023-03-30 06:58:23,False,0.4727,0.001504,13.2807,0.0199,0xfe...4df9,https://bscscan.com/tx/0xc9cf15954b79ec2a876be871a46a8ab4bd3e4e48c4887e6baba999ad1af3d8c2
2023-03-30 06:54:41,False,0.4727,0.001504,7.5068,0.0112,0x4e...6794,https://bscscan.com/tx/0x57c31996a18314028633d84f8d6a643b0c8b0359ae7abcff25c240d051ba3773
2023-03-30 06:52:41,False,0.4727,0.001504,53.2155,0.08,0xd9...07b3,https://bscscan.com/tx/0xd65ef2326b5c398677c2150d06d172dbc8de83e1c7f86629dec413510d0abffa
2023-03-30 06:48:41,False,0.4727,0.001504,8.40405,0.0126,0x2a...4fae,https://bscscan.com/tx/0x846adf4ff5f9e9bd9dc8ae61a899818377c20dcd7823e59ecbce82681bb1b799
2023-03-30 06:47:05,False,0.4703,0.001504,93.1976,0.1402,0x97...14c8,https://bscscan.com/tx/0x555b44536a5f2a5c1e18fdbd4e780ed03349fe70de0fe1acd9e2b0fd4e6283dc
2023-03-30 06:46:38,False,0.4703,0.001504,69.0774,0.1039,0x17...7037,https://bscscan.com/tx/0xa61d2f1a7fe76847cfcd79702e3c08bc6919793fe6f6eb259ff4b1ef1ec3fd04
2023-03-30 06:45:47,False,0.4703,0.001504,20.0,0.03,0x7b...822c,https://bscscan.com/tx/0x3023ea1e2ff75b0cefb21f93f41de19dfa847bc08b2532512ef5fb0cd758f3da
2023-03-30 06:43:59,False,0.4727,0.001504,8.88041,0.0133,0x3a...bd67,https://bscscan.com/tx/0xd367a2336c728214fc7230bbfed8f7c989d19e32e664d5f44e889955d34b9501
2023-03-30 06:40:38,False,0.4725,0.001504,691.526,1.04032,0xfa...c4a9,https://bscscan.com/tx/0xcb4feae012d05140883d7342ac9f499be8d78348ee41d125449d8cf57b4de060
2023-03-30 06:40:29,True,0.4749,0.001512,5.0,0.0075,0x16...1e13,https://bscscan.com/tx/0x9f5fcdaad35bb35f598f3ec743c3fd19178e0ed6b9376bb19e26bdb8d82511c5
2023-03-30 06:36:17,False,0.4704,0.001504,88.941,0.1338,0x97...14c8,https://bscscan.com/tx/0x40ec5850e127d5ce4dcbf7f3914d97a99b17a50f050c35ae8eaf8e23207cc7c4
2023-03-30 06:35:50,False,0.4727,0.001504,16.507,0.0248,0x58...4381,https://bscscan.com/tx/0x116540e6524a927cb0ca892fbc9c2ef248ae9a85e6a19c90510400d24ec95ec2
2023-03-30 06:34:41,False,0.4726,0.001503,130.661,0.1964,0xe9...f85f,https://bscscan.com/tx/0xb9441e43da2238476fd46ddd28d75ac102b5cb7299dd52bf94b2ba864c912373
2023-03-30 06:32:39,False,0.4727,0.001504,141.0,0.2121,0x9e...97fd,https://bscscan.com/tx/0xdb39b3fd7d870cfc44f82b6149692bc277fcd9bf937e7324c63b97fc71ecabc3
2023-03-30 06:30:18,False,0.4703,0.001504,20.0,0.03,0x92...b3b0,https://bscscan.com/tx/0x3f2b4e0b1eb9aac3ab1479670e07dc4a6169af4c2ec4a9bbe5952a5c2dcdfea3
2023-03-30 06:29:38,False,0.4703,0.001504,50.0,0.0752,0xde...d759,https://bscscan.com/tx/0xf60f3e7e126e2f5597a9184ac7009806aabfc31dae20a596112f14ee880b44d3
2023-03-30 06:22:48,False,0.4726,0.001504,27.6728,0.0416,0x3a...bd67,https://bscscan.com/tx/0xcc8d1973f0caa748de62da94f47d1e9f112e06e4be6fe217c9853219d9420530
2023-03-30 06:21:45,False,0.4726,0.001504,10.0,0.015,0x54...a0d5,https://bscscan.com/tx/0xdf828983bc4bbca3bd56b8cf370433b2c11847f7f66c25946c0e04bbbedffe57
2023-03-30 06:20:48,False,0.4724,0.001504,15.2566,0.0229,0x84...5373,https://bscscan.com/tx/0x26bc1ac37ac8c4b8a0af8f5f8eb28a008213ca30695f200f4a274549fe10465e
2023-03-30 06:20:39,False,0.4724,0.001504,70.0,0.1053,0x78...fb53,https://bscscan.com/tx/0x50bf2190c11150791a99f7fc851302b28408a2418199e5b8f3b86be2ff8856a0
2023-03-30 06:19:06,False,0.4723,0.001504,3160.13,4.75497,0xd6...e942,https://bscscan.com/tx/0x9a5f4e8d42b60e75d980846e63581fd151f2ff7a85c3bffe570251387769d353
2023-03-30 06:16:12,False,0.4719,0.001504,13.3069,0.02,0x3a...bd67,https://bscscan.com/tx/0x515be6490cd5d27253ca3a77a3c166d678f5e129423f723a2234c4aac87917ff
2023-03-30 06:15:54,False,0.4719,0.001504,17.7425,0.0267,0x3a...bd67,https://bscscan.com/tx/0xfd5c8405086063c1f17cbd39ef4019759f168f53ec602680a66248e1ff889710
2023-03-30 06:13:30,False,0.4715,0.001504,41.0,0.0616,0x6c...c5cb,https://bscscan.com/tx/0x9020bb6c5f74894026a8f146de4c0d228c1a8937eacb0a9b3b96bc8b3e34430e
2023-03-30 06:12:00,False,0.4718,0.001504,12.0,0.018,0xeb...0d07,https://bscscan.com/tx/0x5da81ea03e3a44d71fba8d18425d52b52cae8af9e51bb5055b0def5a7afbd2ad
2023-03-30 06:11:12,False,0.4716,0.001504,260.0,0.3912,0xa1...4063,https://bscscan.com/tx/0x0d6b00f479bbb29997ee36c79d0741860081a6bc59817446da18c4ae09892e3d
2023-03-30 06:09:36,False,0.4718,0.001504,22.734,0.0342,0x0e...d0df,https://bscscan.com/tx/0xd102519e486605bfaeed838192f483b5bf89710e56212d423f0d9ff84e7a3a56
2023-03-30 06:08:15,False,0.4719,0.001504,19.9347,0.03,0x10...c2c6,https://bscscan.com/tx/0xbdc6af224391ebbb1e41736bfdd31faa0658d47be6d9c0023556778728a2a9db
2023-03-30 06:08:00,False,0.4695,0.001504,86.3953,0.13,0xcf...28f6,https://bscscan.com/tx/0x13f4203c28e00d0e50837d1e61a69607bd87ac27c462c9574555d23f9156ee9d
2023-03-30 06:07:51,False,0.4696,0.001504,95.1938,0.1432,0x2a...dc7e,https://bscscan.com/tx/0x71e3ef65cc626592db09d9a76842b58012c46cd6c07be2b55f441bf4376c02ce
2023-03-30 06:06:54,False,0.4696,0.001504,10.0,0.015,0xf6...58de,https://bscscan.com/tx/0x4ddc05ab1ce3b5a03fc9105531148c6a524208cf656fbfd841bb47fffaacbe85
2023-03-30 06:04:18,False,0.4696,0.001504,1.3262,0.002,0xf6...58de,https://bscscan.com/tx/0x04d8172f526b98b7dd7d7551a3f0845bf5c07efc1f776e94af8b189331ed3c43
2023-03-30 05:55:51,True,0.4744,0.001512,2.64465,0.004,0xf6...58de,https://bscscan.com/tx/0xea6f2e08346a4e6020303632af506c6cf7f3a6442d775b4c0056990d866d1604
2023-03-30 05:55:00,True,0.4746,0.001512,103.774,0.1569,0xd9...e25f,https://bscscan.com/tx/0xd36c31f215514231807d5258d08a94f576da871e037760a1f815e580bcc12c6e
2023-03-30 05:54:48,True,0.4746,0.001512,53.295,0.0806,0xf8...b9d0,https://bscscan.com/tx/0x53861b5bf4e673d4be10f464f74f94f18c8f3e13f479ab82dd12217da514c80a
2023-03-30 05:54:15,False,0.4722,0.001504,300.0,0.4514,0xe9...f85f,https://bscscan.com/tx/0x242196a6154a23b4101e38882f7fb21a3516839692bbe6968cc04573a57a905b
2023-03-30 05:53:51,False,0.4696,0.001504,30.0,0.0451,0x8c...1d8b,https://bscscan.com/tx/0x8613dc5f008b8824f6aa492bf0c471e593cb1a1243d4e083d3bc37be0fce018b
2023-03-30 05:53:15,True,0.4746,0.001512,1158.84,1.75267,0xc0...38a2,https://bscscan.com/tx/0xa37a69802a6997a2f42cf9c6a9fff20f2bf21cb57bae28ce9a21d289c9c81be0
2023-03-30 05:52:39,False,0.4698,0.001504,11.1216,0.0167,0xce...14bd,https://bscscan.com/tx/0xc96489667b6d17fc52ed486972affa6e278d0627057e1349e3622152bee73538
2023-03-30 05:50:48,False,0.4722,0.001504,71.0088,0.1068,0x01...75c7,https://bscscan.com/tx/0x28fb6c09bd45d520e3548d6becddc9e8a389bc7b377a073ee25539bca61b6724
2023-03-30 05:46:54,False,0.4726,0.001506,18997.3,28.6094,0x0c...8533,https://bscscan.com/tx/0x97acba149ad11e850296ef7d9ac2fcfb748450a7324dff16875d0db0778029b6
2023-03-30 05:46:54,False,0.473,0.001507,2307.02,3.47725,0x5a...6651,https://bscscan.com/tx/0x3c317e8a6a6f0cf5f96f6faa32e1def8eee9286ec7a6994a0d5ebb3c188fd075
2023-03-30 05:45:51,False,0.4709,0.001507,8974.26,13.5326,0x8b...88f6,https://bscscan.com/tx/0x1a3b9a35116814974d114b646ddb405b9197c6a79bcb985320f13177ff7959f1
2023-03-30 05:38:18,False,0.4713,0.001508,6460.91,9.74861,0x8b...88f6,https://bscscan.com/tx/0x583ac3a54f31aef4b293c5fc364e998045f9000070e355b62b2038ca2e93ff1f
2023-03-30 05:38:15,False,0.4738,0.001509,1051.43,1.58694,0x91...79fe,https://bscscan.com/tx/0xe35b2f400eef9f36aaab4a4625fa29d6fe4a4b95cd0d97f29a75707608d23601
2023-03-30 05:36:18,False,0.4715,0.001509,56.34,0.085,0x53...b978,https://bscscan.com/tx/0xccabfac0f3cb86e5b17d1b7a74f96c80584e531ead64455273296d37595f31db
2023-03-30 05:35:39,False,0.4717,0.001509,6.0,0.009,0x60...0e20,https://bscscan.com/tx/0x7e0ed7fe8865c80d882a445a2042473e1c209d955adc91487bbb8a7cb4ac74c8
2023-03-30 05:34:27,False,0.4712,0.001509,100.0,0.1509,0x0a...0710,https://bscscan.com/tx/0xe7bc3fa97f0b55c4b3188f381d8f7e665217474e4ed80d4d88c94013ef65ab47
2023-03-30 05:33:18,False,0.4704,0.001509,2.87,0.0043,0x53...b978,https://bscscan.com/tx/0x2df848ea9c95519b52f8221333cca85df2aa90c90e5475196cd2818ebb33797c
2023-03-30 05:33:06,False,0.4704,0.001509,224.438,0.3387,0xdd...e0c9,https://bscscan.com/tx/0x038a086de8697c6567cbfea60377b17fdc0629af2754de10bfb1545fbe8b1867
2023-03-30 05:28:02,False,0.4724,0.001509,6668.77,10.0687,0x62...1f10,https://bscscan.com/tx/0x52005ac3369a8ba7169475589aaae9b529761f4ff742ee71ff634c199e9c3af6
2023-03-30 05:28:02,False,0.4725,0.00151,838.973,1.26708,0x91...79fe,https://bscscan.com/tx/0xc0069f59b823a9344edb94d537c2ce1f8cb0af048b48ea3e8c562059bc37f8a1
2023-03-30 05:24:20,False,0.4713,0.00151,6.0,0.009,0xc1...5687,https://bscscan.com/tx/0xbcb0c47f144dcef40d5eb1f75e8ffd4fcc48295ecbf7a0802ec4dd6ba970f27d
2023-03-30 05:24:02,False,0.4711,0.00151,34.1571,0.0515,0xba...6ee1,https://bscscan.com/tx/0x21eb31ad5c66efbcefc0582bd1d3aa3aee746c0e880bc7d09bd0bc5f551ff514
2023-03-30 05:19:05,True,0.4739,0.001517,45.0,0.0683,0xa8...edad,https://bscscan.com/tx/0x7915cd488ea05e3cb51734116fb25cba2a2ac19801a8f1957319270c9b875fbe
2023-03-30 05:18:47,False,0.4691,0.00151,1137.71,1.71839,0xcc...62e2,https://bscscan.com/tx/0x026a2f30265275447ce070405f23bff466e67cb48f34173a8d41e7274bae6303
2023-03-30 05:18:20,False,0.4691,0.00151,220.0,0.3323,0xfa...f8f9,https://bscscan.com/tx/0x7d2eb8e0f24cd41a18d4f23298936e942723e291123161650cbc7d8ab56f04b9
2023-03-30 05:17:32,True,0.4715,0.001518,6.0,0.0091,0xea...0ffb,https://bscscan.com/tx/0xba4b4aa113f960d424057991d877a230ea1a90a1bdf0eeb7fcb4d49eee65d01d
2023-03-30 05:16:19,True,0.4707,0.001518,45.0,0.0683,0x74...ac15,https://bscscan.com/tx/0xc9fe6d42bf369abf3850833e712786e392e20e19a674529915c506eab3208506
2023-03-30 05:12:16,True,0.4701,0.001518,560.0,0.8501,0x6f...2498,https://bscscan.com/tx/0xbaf07aedab5504b32577bc8f6a813c0932770219746d374a6b9ffa1239a8b920
2023-03-30 05:11:49,True,0.4724,0.001518,244.465,0.371,0xec...9221,https://bscscan.com/tx/0xc787c5b863d33cf1d1a8c20d40c07c90c13fcb2da2572009a4af7a0af6652ef9
2023-03-30 05:11:07,True,0.4705,0.001517,2625.25,3.98464,0x8b...88f6,https://bscscan.com/tx/0x689a066582ed46e6827001a553833b136377e752e72a23da963c7b963eb5f3be
2023-03-30 05:11:04,True,0.4704,0.001517,3295.0,5.0,0xda...6e1f,https://bscscan.com/tx/0x5a28e5f26d60880f4902abba72a7453f24035f7a4550c31e3f1f3dca25a66168
2023-03-30 05:10:52,True,0.4749,0.001517,2307.02,3.5,0x5a...6651,https://bscscan.com/tx/0x06bf324548155768102ec31b655bb7618f3f22007e1d2ea1dd5b65a85b410eb5
2023-03-30 05:10:52,True,0.4748,0.001516,906.653,1.37531,0xda...c952,https://bscscan.com/tx/0x10888cc09574a30d1d397962d85813f901efd659fd741f5db838175a1355b0b7
2023-03-30 05:07:25,False,0.4744,0.001509,2528.38,3.81644,0xda...6e1f,https://bscscan.com/tx/0x6a16b124bd9221ef97941e8937a84e765528b11dbd4141fa8725f0a12c312080
2023-03-30 05:06:58,True,0.4776,0.001517,2307.15,3.5,0xda...6e1f,https://bscscan.com/tx/0x875e5ab42d3688e22451251e5476912c7d3c1e7646319130969b24f3e83a312e
2023-03-30 05:06:55,True,0.4775,0.001516,2307.57,3.5,0x8b...88f6,https://bscscan.com/tx/0x0271964feb582f6e28b2eac1b9735e1fc91f6123636877a897ef1a3ff5540f60
2023-03-30 05:06:34,True,0.4775,0.001516,3218.6,4.88071,0x09...18f7,https://bscscan.com/tx/0xc86f2f86e8c9c7dd7ae087fb27ed130726cac4081aee4c8749b33c8a2aa472d4
2023-03-30 05:06:31,True,0.4801,0.001516,2308.6,3.5,0xed...4f31,https://bscscan.com/tx/0x0fd6ae183464dc492d9910cfc02376bf47e48c6554dc60f9b10836e95a088a05
2023-03-30 05:06:28,False,0.4776,0.001508,10.0,0.015,0x07...0daa,https://bscscan.com/tx/0x8b8f3e1c6166709dfeed4c1a4879887bbd5ffc875690e785395d1e0ddd585efb
2023-03-30 05:06:25,True,0.48,0.001515,2309.02,3.5,0x8b...88f6,https://bscscan.com/tx/0xee757470f6edf8eca597362e2fd65e790504f3e01a7e67218b5b33111d7dbeb2
2023-03-30 05:06:25,True,0.4799,0.001515,2309.45,3.5,0x0c...8533,https://bscscan.com/tx/0x553e154efbc0d21a3376e48778514016630a2c249fb47dd96a9885b2e3cd03e6
2023-03-30 05:04:34,False,0.4791,0.001507,5.59556,0.0084,0xf6...0734,https://bscscan.com/tx/0xb41e85edbd3a8d9149237ccb1e6d21d83a7857a3c711e3f7ffd4df99ff0688e8
2023-03-30 04:46:28,True,0.48,0.001515,2309.87,3.5,0x0c...8533,https://bscscan.com/tx/0xdfbbff368098da09e7bef7a283efb690a56c252cc559dffe910ce90ffd43f26b
2023-03-30 04:43:46,True,0.4821,0.001515,98.0588,0.1485,0x7e...4913,https://bscscan.com/tx/0xba87b70dda2b76b3d5f2697571080fc7c8ce32f88f4d4e202524b9693efba6cd
2023-03-30 04:42:43,False,0.4796,0.001506,4.4,0.0066,0x65...727d,https://bscscan.com/tx/0x4eb11039ab7fb2f6bf841d02390556f23df00829e68d7d442f57bb223a6e22b3
2023-03-30 04:40:19,False,0.477,0.001507,12.5,0.0188,0x97...14c8,https://bscscan.com/tx/0x35476cfa4883e2cec2db0874a2cca57b69ac34688fec21233809eca8d7b82d6f
2023-03-30 04:29:58,True,0.4784,0.001514,3300.58,5.0,0x0c...8533,https://bscscan.com/tx/0xe09e2d1a18828007607fde1fae56195d6a0d5efe1d20b66b3bd672b700b3a795
2023-03-30 04:29:58,True,0.4783,0.001514,2310.93,3.5,0x62...1f10,https://bscscan.com/tx/0x4f73ff2b29a9447f8bcb5c93dcd7dcc118c35b62b31f404551eefa2728de400e
2023-03-30 04:29:52,False,0.4759,0.001507,1990.76,3.0,0x14...d010,https://bscscan.com/tx/0xe1494329cc2a24c3273809c204477c439aad58fb6875f5f3e848795de6eaa9fa
2023-03-30 04:29:43,True,0.4783,0.001514,3301.54,5.0,0x2f...e155,https://bscscan.com/tx/0xd38bd7ca9b2f9b115b977fc26efd0a1f397be872e1bc5da770277602c675f115
2023-03-30 04:29:43,True,0.4782,0.001514,2311.6,3.5,0x8b...88f6,https://bscscan.com/tx/0x80ca5b2c7c40d2c276c0763d767facca0346a1f1599e8e7bbb9f39c4785311cf
2023-03-30 04:25:25,False,0.4755,0.001506,30.0,0.0451,0x06...6d99,https://bscscan.com/tx/0xad9d24411de19a60da2c10da83aea0f3f2ffed46bee0aee0f65e6ed3c4eb0301
2023-03-30 04:24:58,True,0.4778,0.001513,3303.02,5.0,0x62...1f10,https://bscscan.com/tx/0x9e3ebe9cba5ec2f88c35558ce3a16735998e4f4668211fa0999c791e21ff496b
2023-03-30 04:24:58,True,0.4777,0.001513,2312.63,3.5,0x0c...8533,https://bscscan.com/tx/0xa30270a22e82ee9ee5516a7b9a3686981d464334f026db60cb60649e1733628e
2023-03-30 04:19:34,True,0.4748,0.001513,2313.06,3.5,0xda...c952,https://bscscan.com/tx/0x66422558d7772106fe06b3ec81063b1cf24da4ef9d156e8e6fddf6b222cc67c3
2023-03-30 04:19:34,True,0.4747,0.001512,2313.49,3.5,0x8b...88f6,https://bscscan.com/tx/0x4ecc6c184da46881e820405e1cd0d28ea105da5a42c15a50d7f8719947b77f18
2023-03-30 04:19:16,True,0.4745,0.001512,625.861,0.9467,0xd3...ec6f,https://bscscan.com/tx/0xa6e1dc3b6bdbb9f7855f46f7580188e0499741fc5e4f585847682c28284dd5fd
2023-03-30 04:19:13,True,0.4745,0.001512,2314.03,3.5,0x2f...e155,https://bscscan.com/tx/0x38f24c69510276a67f5adda0bb476b0afe937cd8746fa5d52d1ac1fe7e23a58b
2023-03-30 04:19:13,True,0.4744,0.001512,2314.46,3.5,0xed...4f31,https://bscscan.com/tx/0x29c68b5b26f469287b1a0db5874a7653ba06aea39cfed2d2e9a6c333f8454755
2023-03-30 04:17:04,False,0.4696,0.001504,20.0109,0.0301,0x3a...bd67,https://bscscan.com/tx/0x2e0e82154b6807135c7dbba0deb43cc9461d3e6273a5b54cbd57ae2b966eddcd
2023-03-30 04:15:16,True,0.4742,0.001511,3418.6,5.16853,0xfc...535e,https://bscscan.com/tx/0xe3c8880fcd3712b8d1ef07a83e2aad26cc762bd1a40c171c0285364814de7aad
2023-03-30 04:15:16,True,0.4741,0.001511,2834.5,4.28437,0xd3...ec6f,https://bscscan.com/tx/0x60b21b8533bff0ea39679a6c59685d87fe89cc6b262b87c6ccade3948e1e13b1
2023-03-30 04:12:40,True,0.4717,0.001511,328.3,0.4961,0xb4...6d63,https://bscscan.com/tx/0x78343f1c47c165ed069eaafd276921f10c31ab568423f7592e4e9d8d1f52d785
2023-03-30 04:12:22,False,0.4693,0.001503,120.007,0.1804,0xef...e9e7,https://bscscan.com/tx/0x32441ac8c90bfe898592a832577aec761ebe5af5454aa073c8d0d3587b8cc607
2023-03-30 04:11:10,False,0.4693,0.001503,22.0,0.033,0xcb...ec26,https://bscscan.com/tx/0x6a404617ab3714776b9f9e681ba60b258b552e9c2e5b090811631083b0737af0
2023-03-30 04:10:49,True,0.474,0.001511,43.565,0.0658,0x26...b9bd,https://bscscan.com/tx/0x3c1324b5eeaa64882322e16c717fec49286e1e6448c3240099db9c83399937ad
2023-03-30 04:10:43,True,0.474,0.001511,78.0,0.1178,0x84...9434,https://bscscan.com/tx/0x1a817fb2d577cc7eda81ded1713dc1973ee842f9e961133dccb08879635bdef8
2023-03-30 04:09:58,False,0.4717,0.001503,20.0,0.03,0x17...b044,https://bscscan.com/tx/0x3a538034242194042e50e03bd747060b34d217bf308fa3c751a8413cec4216f5
2023-03-30 04:09:22,True,0.4741,0.001511,940.596,1.42147,0x09...3312,https://bscscan.com/tx/0x5bc8ee2b83e77466f6792882f7deb73c3ebb13101598cbf20021466b46135a09
2023-03-30 04:09:07,False,0.4717,0.001503,4.8387,0.0072,0x7a...0a26,https://bscscan.com/tx/0x429b91d22141a85ff005807ce50409a636cb2ae5f36d545fa9ccc1e0f2609772
2023-03-30 04:08:25,False,0.4717,0.001503,53.5065,0.0804,0x29...d989,https://bscscan.com/tx/0x492cafd5bdfd73954cc06b9c0ad6b9ade23ae0d1b7fb2ee2bb05634b92cca099
2023-03-30 03:47:09,True,0.4739,0.001511,1.6,0.0024,0x1a...1d48,https://bscscan.com/tx/0x4b3dd1af39d2e7266985ba4bed9b4291c2f00969606e2b9694b287c3413a1dca
2023-03-30 03:44:19,False,0.4716,0.001503,95.6407,0.1438,0x97...14c8,https://bscscan.com/tx/0x241f45bbdb5557ff38fb7c428e7b7f673d0444aa634506b0a46bcee5b6990818
2023-03-30 03:40:49,True,0.4739,0.001511,31.6515,0.0478,0xd1...911d,https://bscscan.com/tx/0xe1106fc11c26036d74d1786ecb6eb9b4bd198945837ba255829c306062d3d956
2023-03-30 03:34:10,False,0.4716,0.001503,70.3567,0.1057,0x97...14c8,https://bscscan.com/tx/0x61944a55bc84a5eddcb3ab2235abcaabd838e13430984627491b45553c43c8c4
2023-03-30 03:33:49,False,0.4693,0.001503,15.0,0.0225,0x97...14c8,https://bscscan.com/tx/0xa2d0296e74804cba6ba37a3ff56886755ca0e16eb82acfe76d8e075e043829c4
2023-03-30 03:28:37,False,0.4714,0.001503,51.8281,0.0779,0x97...14c8,https://bscscan.com/tx/0x3cda2f21ef537df5464ef08e17c1c665c71c957156c812b054e0e14399deb9d8
2023-03-30 03:27:25,False,0.4695,0.001505,25493.9,38.3735,0x0c...8533,https://bscscan.com/tx/0x5c4c1feb125e60a7ff8f9a1c6210674af35e260b2eb2b148fdf50b81a5c727dc
2023-03-30 03:27:22,False,0.4701,0.001507,5315.88,8.01133,0xda...6e1f,https://bscscan.com/tx/0x8a5f8f1e8ecc3660c3da6d80a7ce96163ff1da49905a2f19d7c4a61bd4bee9c1
2023-03-30 03:25:04,False,0.4724,0.001507,7980.61,12.0336,0x62...1f10,https://bscscan.com/tx/0xf7c085e9ae9dfd2b74e827f22651577404fd6a7cd96dcbdc59a6b0c82f15fc43
2023-03-30 03:21:13,False,0.4715,0.001508,129.11,0.1947,0x8e...ffb0,https://bscscan.com/tx/0xf15218ae57a3a548d82f9f3bec9b26eef3d0262fe8d5a622733e6c7eac744294
2023-03-30 03:21:13,False,0.4715,0.001508,64.555,0.0973,0x8e...ffb0,https://bscscan.com/tx/0xf15218ae57a3a548d82f9f3bec9b26eef3d0262fe8d5a622733e6c7eac744294
2023-03-30 03:21:13,False,0.4715,0.001508,64.555,0.0973,0x8e...ffb0,https://bscscan.com/tx/0xf15218ae57a3a548d82f9f3bec9b26eef3d0262fe8d5a622733e6c7eac744294
2023-03-30 03:19:10,True,0.4739,0.001515,129.147,0.1957,0x8e...ffb0,https://bscscan.com/tx/0x798b5ec4ed6f6e2764e7b8228005436080847dc5a880549cfd32ddb5f4039743
2023-03-30 03:19:10,True,0.4738,0.001515,129.082,0.1956,0x8e...ffb0,https://bscscan.com/tx/0x798b5ec4ed6f6e2764e7b8228005436080847dc5a880549cfd32ddb5f4039743
2023-03-30 03:17:40,True,0.4718,0.001516,179.733,0.2725,0x7c...014d,https://bscscan.com/tx/0x6203541c461fabc2dda5111e5b876f938fe2d1231bf3fc508db41291f5381d8b
2023-03-30 03:17:28,False,0.4692,0.001508,3467.69,5.2311,0xd3...ec6f,https://bscscan.com/tx/0x0e1f769c9df2a59a1e704d0e588459b036ee5f85f75022dcc4e047a997a38928
2023-03-30 03:17:07,False,0.4718,0.001509,7073.03,10.6743,0x91...79fe,https://bscscan.com/tx/0x48a99c55c4f69feb93523576302d7b0e58aac69d1900898350aa65439af25092
2023-03-30 03:13:34,False,0.4723,0.00151,7961.96,12.0231,0x62...1f10,https://bscscan.com/tx/0xff63d7fb38de8bca5ddbfe62daf4f6daba57aac41bc2eeff99e8f7c948ffec0b
2023-03-30 03:12:43,False,0.4726,0.001511,8053.33,12.1689,0x8b...88f6,https://bscscan.com/tx/0xa9d74dd67047ecd1072fd74c592ed75450e16cb6f1258702763a0a128fb9b15f
2023-03-30 03:12:25,False,0.4706,0.001512,8928.93,13.5011,0x12...dbfd,https://bscscan.com/tx/0x08f5e37206309fd311cb357b92d8d83aedbf22a72ebecde981a589ccabd0d349
2023-03-30 03:12:04,False,0.4732,0.001512,2143.69,3.24283,0xed...4f31,https://bscscan.com/tx/0x8c30f15fadad30e70ac5710b92724fa101ddb6e5bd556a9cfb6846c24fbc59c3
2023-03-30 03:12:04,False,0.4733,0.001513,5344.47,8.08718,0xda...6e1f,https://bscscan.com/tx/0x01003231c124763b01173ca345ce577cf035fdce113e0efd3bf17c77341bdde1
2023-03-30 03:09:52,False,0.4733,0.001512,2.32907,0.0035,0xa3...82bf,https://bscscan.com/tx/0xf950f29e907b5c1f37fd096cbfd6e08120c40753c98463e7c30ab2a3151ea259
2023-03-30 03:03:58,False,0.4734,0.001512,31.8962,0.0482,0x7f...1f66,https://bscscan.com/tx/0x5a8eaadcce9f7312274c1815c330f2c6306a69d6ecd3146715aeedabb48a2529
2023-03-30 03:02:49,False,0.4735,0.001513,2.265,0.0034,0x80...3e8b,https://bscscan.com/tx/0x26df5bb77dd010b2dfd68b41cf8729e6d5bca0e679ae1f74cc0b10213dba000c
2023-03-30 03:02:49,False,0.4733,0.001512,0.0052,7.97e-07,0xa3...82bf,https://bscscan.com/tx/0x01b9bbf4d5a563cab5cb16038c59c6623e932a85ea9d0099c64ef534dcf11232
2023-03-30 03:00:58,True,0.4759,0.001521,1.97224,0.003,0x8f...e6dc,https://bscscan.com/tx/0xca77892f8c959e83f02b1a97db92c271dabd9e26bee1e4932f03c3525a6afc60
2023-03-30 03:00:31,False,0.471,0.001513,6.60714,0.01,0x50...ed09,https://bscscan.com/tx/0x54b64c2e41514400f58ab00df24791ad7ee80c6b0daa50fed39f9eeb263f60ed
2023-03-30 02:59:40,False,0.4735,0.001513,40.0,0.0605,0xac...e22e,https://bscscan.com/tx/0x34c77fb5ae2ec004177f87ce7dd4c5b4dfb7d92f77d39219d9d9fed7a86b9200
2023-03-30 02:54:22,True,0.4769,0.001521,2432.5,3.69975,0x52...1c7e,https://bscscan.com/tx/0x6a653eb62001b253eaf788bb8ff473559317769552b20b48069f898cc7761200
2023-03-30 02:53:22,True,0.4754,0.00152,2301.61,3.5,0xda...6e1f,https://bscscan.com/tx/0xe47f1d0c30c05784865bf130b3e4658c59784d57fe8440b2cb1c2fc13f109b45
2023-03-30 02:48:28,True,0.4784,0.00152,4189.15,6.36868,0x00...78d2,https://bscscan.com/tx/0xd4f2ad2943c429607afcd3e83dee81ea528e62b3bccd9e358cf8ce8c4928d638
2023-03-30 02:37:25,False,0.4735,0.001512,19.2659,0.0291,0x23...55b7,https://bscscan.com/tx/0xe3b155102b336873f8b55c65f74c6264d518355bfe7bdfee325713c9e4a40cbe
2023-03-30 02:35:52,False,0.4734,0.001512,25.4766,0.0385,0xcc...34d6,https://bscscan.com/tx/0x554e16d61c458921d54f539008825f82b6f9f9a68c39ee5e4adcdf557007d9e4
2023-03-30 02:31:28,False,0.4734,0.001512,214.002,0.3236,0x0b...56ac,https://bscscan.com/tx/0x0843d035ef688fa21601252c06beb962c265b3e55a3d5cdcf35e8a367a3cbeef
2023-03-30 02:18:43,True,0.4756,0.00152,856.6,1.30204,0x00...78d2,https://bscscan.com/tx/0x21f4efb3c14f698489be7e078b1ba6b3cb24dd46080ed894f4aadef4c5376543
2023-03-30 02:15:52,False,0.4754,0.001511,25.0,0.0377,0xff...aa11,https://bscscan.com/tx/0x65b7cde1ca979d8d2186fe30d3727bc613a79c3b9331491d5bd42b32efb276cc
2023-03-30 02:02:58,False,0.473,0.001512,11.0,0.0166,0x21...2e51,https://bscscan.com/tx/0x9879ff1e34cc42937ac90e9cd6149586996fd2118effdcbc5e041408822a72a7
2023-03-30 01:58:46,False,0.4733,0.001512,84.0955,0.1271,0x77...861e,https://bscscan.com/tx/0x041b065dff1ddc8b3bb8ce806fde80438c69b189e0f12835acfdc3fe8ec76a4a
2023-03-30 01:38:22,False,0.4731,0.001512,6.6121,0.01,0x22...eabe,https://bscscan.com/tx/0xfd706c006d3409a3a14b8ab9008cbd61d8e5fc9066f1156bc12883b306d36ae8
2023-03-30 01:36:58,True,0.4778,0.00152,9.0,0.0136,0x52...5ae9,https://bscscan.com/tx/0x08336442e74d3d0c0925266f20f3170f686dcbffd952126741d334c87a1e52a1
2023-03-30 01:34:58,True,0.4754,0.00152,75.0,0.114,0x17...7037,https://bscscan.com/tx/0x16f741ed260430235de07d763e1c1450e0af24c27dbe4fdbcdcf72066017769a
2023-03-30 01:29:25,False,0.473,0.001512,30.3833,0.0459,0x91...a97e,https://bscscan.com/tx/0xe94c58b0be536925d44ae568d478722a342da616e39478388b30457a7fd118f5
2023-03-30 01:28:55,False,0.473,0.001512,8.0,0.0121,0x91...a97e,https://bscscan.com/tx/0xce54b67733a34851fbc39539788abe48359d0fa3c38ef39bff1a2d1e8511a8bb
2023-03-30 01:28:34,True,0.4777,0.001519,1426.4,2.16795,0x00...78d2,https://bscscan.com/tx/0x28598de31ec4e3322881200b5b562eceabd5ac0f0e9127eadc58d0d305944e01
2023-03-30 01:27:19,False,0.4729,0.001512,2.11365,0.0032,0x91...a97e,https://bscscan.com/tx/0x7cfc8f38012cc0064322d6e4129e46d8557f533d3ca066daac6db22ae934e847
2023-03-30 01:27:13,True,0.4753,0.001519,1047.27,1.59156,0x8b...88f6,https://bscscan.com/tx/0xe56ec0df4abb4858bd003eae072e3eb431be1d5f39fd0d8e093d40a4b1df402a
2023-03-30 01:27:13,True,0.4752,0.001519,969.4,1.4731,0x00...78d2,https://bscscan.com/tx/0x41ef73812bbc1049cf1beb8ebf4334b4d7f858e711e9933185d95b06b70cb900
2023-03-30 01:23:22,True,0.4776,0.001519,1595.92,2.42492,0xed...4f31,https://bscscan.com/tx/0x38d477a2318b15a0999ae58c4d9cb281506be4be894cf8845d3552e23ef936ad
2023-03-30 01:23:22,True,0.4775,0.001519,2345.5,3.5633,0x00...78d2,https://bscscan.com/tx/0x41ab4dcdb99a015ccc6a079d6739ac74e63117df7ca4ddc4e91ab87a9629ad8a
2023-03-30 01:23:19,True,0.4774,0.001519,831.261,1.2627,0x3f...573a,https://bscscan.com/tx/0xc4640d6d8ccd5c6cf95348fdcaac8d420bc142e0a4de0b2c5910037deb82617e
2023-03-30 01:23:19,True,0.4774,0.001518,215.3,0.327,0x00...78d2,https://bscscan.com/tx/0xd705218320636e7a6b460d6fc20241b40144ffdebac2f001010b50edb8fded46
2023-03-30 01:21:25,True,0.475,0.001518,3192.61,4.84874,0xed...4f31,https://bscscan.com/tx/0xbdf5a956cab6aba6a4172dc77d0ffbe961b352c39893796dee5946a772f6a650
2023-03-30 01:21:25,True,0.475,0.001518,1486.6,2.25734,0x00...78d2,https://bscscan.com/tx/0x03b22392361aa15fa5fbd449cd95b3cd8fd935721fdc9e25ab17b7c6329f794f
2023-03-30 01:20:52,True,0.4773,0.001518,308.805,0.4688,0x52...1c7e,https://bscscan.com/tx/0x6a34f8c34cd38696466caca1330ae61bccdd9e1fd07e2aa5c98440facd71c06d
2023-03-30 01:20:52,True,0.4772,0.001518,2286.1,3.47073,0x8b...88f6,https://bscscan.com/tx/0x6e4f6c81f8f0d6bc3ba33e3e1b337f58f541b204283cf858c2159f168c051411
2023-03-30 01:20:52,True,0.4772,0.001518,651.7,0.9892,0x00...78d2,https://bscscan.com/tx/0xd5a621561140ceac7cb909398f6da2d70cbb646d00af08b09e0568361412af43
2023-03-30 01:20:16,True,0.4747,0.001517,6589.48,10.0,0xed...4f31,https://bscscan.com/tx/0x007a07bd7239e430fc21ee63757a0efab8005270996f8f183fc912364040f987
2023-03-30 01:19:28,True,0.4745,0.001517,963.507,1.46175,0xda...c952,https://bscscan.com/tx/0xca959562c870f7863aa39e63f91c4e0a2ff68e28dc1ffda72c54cd4fac9f3fc9
2023-03-30 01:19:28,True,0.4745,0.001516,2307.32,3.5,0x62...1f10,https://bscscan.com/tx/0xb54c4364f86bb9880df19e81c8d8a766102a1d6a95cf6b4ee9c752cfe6d54aaf
2023-03-30 01:19:22,True,0.4744,0.001516,2307.75,3.5,0x8b...88f6,https://bscscan.com/tx/0x311deaeab194f96b73fec0fdac0c968fb4208552c2401da129d51ea08df9bd69
2023-03-30 01:19:22,True,0.4743,0.001516,2308.17,3.5,0x0c...8533,https://bscscan.com/tx/0x35fb1bda0202690cb3bba798e7a847d5c333a26ad054152d37ed0c45c2a9287b
2023-03-30 01:16:19,False,0.4718,0.001508,38.0,0.0573,0x02...3562,https://bscscan.com/tx/0x6e891fcfc143af9dacd99f0075cf294e4e82d7461645be85e463f73785314ac4
2023-03-30 01:10:07,False,0.4739,0.001507,30.0,0.0452,0xcb...d3ae,https://bscscan.com/tx/0x1876f8571bc6568dec5f91a1d651856e8e1803f915ea5b361f22c265318a3eed
2023-03-30 01:03:13,False,0.474,0.001508,7.7844,0.0117,0x2d...680b,https://bscscan.com/tx/0xb8074c58dacaf75dd08df6371d0fad3c5a9d27b4ff30f4c40d3bea6768005c5d
2023-03-30 00:59:55,False,0.474,0.001508,62.0512,0.0936,0x95...28f3,https://bscscan.com/tx/0xf6b4dcb513c8c39f436a1fe37c0b3a0ec8a0988adce969ed842338ad4b5853ca
2023-03-30 00:38:04,True,0.4741,0.001516,3060.72,4.64018,0xd3...ec6f,https://bscscan.com/tx/0xdace29b9172c36c2a5b84a942e228262981ba569249a13682054f2e86db740ac
2023-03-30 00:36:46,False,0.4717,0.001508,27.8849,0.042,0xde...68d8,https://bscscan.com/tx/0x38975d1c0788307069206e2bf0dfcafbf480fe25399932529032e8bc6083b86e
2023-03-30 00:35:22,False,0.4717,0.001508,4.04056,0.006,0x80...2260,https://bscscan.com/tx/0x16a2f88a8e221c4f8fa888f74203471c0801de1da28562f9c54bd5554ce53da5
2023-03-30 00:28:58,False,0.4718,0.001508,244.529,0.3688,0x95...0903,https://bscscan.com/tx/0xb82d7d7c9a4100b7221a5b6a95ed079d13ed56bb37b1f7c1bc8f1b33259c63fc
2023-03-30 00:22:16,True,0.4763,0.001515,432.419,0.6554,0xf4...a206,https://bscscan.com/tx/0xf78b10b0e13b650d2560e0fcee78fdd31e5df800b17fc681d6c67128e9d39051
2023-03-30 00:21:34,True,0.4763,0.001515,67.7515,0.1027,0xf4...a206,https://bscscan.com/tx/0x441e309a8423596eb3e9e6b5b9e08f839b9eb80b70c75af2aab379aa76981c22
2023-03-30 00:19:37,False,0.4716,0.001508,92.5682,0.1396,0x5e...54c8,https://bscscan.com/tx/0x8119bef581c496ceade5f19a188a695cd06a77ebb9e87abcd8c2224660ce09e8
2023-03-30 00:18:34,False,0.474,0.001508,1445.61,2.18049,0x95...0903,https://bscscan.com/tx/0x67dace11919b3b8323db60d9db8f5902343c65b840ab6bffe19f4f21694c62ce
2023-03-30 00:17:31,False,0.4717,0.001508,183.172,0.2763,0xf7...3f4a,https://bscscan.com/tx/0x1b61af8e0e7044bcce09cf3abc3053d503728b2653b5d975107d37a982d552c7
2023-03-30 00:04:40,False,0.4746,0.001509,19501.4,29.4402,0x8b...88f6,https://bscscan.com/tx/0x3808f72a790ce5337d748eaf6afae9e1d374cd807a1cad014a3d68cc328a9e9b
2023-03-30 00:04:34,False,0.4732,0.001511,3141.99,4.74758,0xd3...ec6f,https://bscscan.com/tx/0x95dca44e94ee2bb0274b0953297ede281f0b64fd5fcf6eeaa45338b32e536fe4
2023-03-29 23:47:43,False,0.4775,0.001511,35.1318,0.053,0x3c...cfd2,https://bscscan.com/tx/0xbf0bb419f5f880a146fb36016c62953384742fa12f6cb547a873422edf55c7f7
2023-03-29 23:43:22,False,0.4778,0.001511,173.874,0.2627,0x0b...80b7,https://bscscan.com/tx/0x89c3f392e131fc6766e89a6b6dc0b0f0873c187af8f1119fa2cde6f6604e557e
2023-03-29 23:37:01,False,0.4756,0.001511,1.66144,0.0025,0xd8...94b7,https://bscscan.com/tx/0xcccbfef7ee9f0583c6e7ce5b8a854e60cfd74f00f98d9e715275863bdb1610f6
2023-03-29 23:37:01,False,0.4756,0.001511,3.52,0.0053,0x2f...3290,https://bscscan.com/tx/0xc7e5dcc08a68db23b10a5b1fed7cdb91efd8db1a45ab7f5ac5f9a4822a35ad05
2023-03-29 23:34:43,False,0.4757,0.001511,10.8521,0.0164,0xc0...3557,https://bscscan.com/tx/0x1a9eb3e25c08d270a3673973d5658de4e2ef09a5f23938a5ae5986e5090b220a
2023-03-29 23:32:28,False,0.4781,0.001511,7.5,0.0113,0xb7...e240,https://bscscan.com/tx/0x3ee0d1803a88f122de00bd9e1ccbea64e6d78474553725ecfe2edeb2c109e581
2023-03-29 23:30:55,False,0.4757,0.001511,5.1,0.0077,0x5c...297e,https://bscscan.com/tx/0xa6d30e62a6964f3b1c31aaa624ecaa40540e65069b3dcb2b7583dea5a3d76fec
2023-03-29 23:22:46,False,0.4781,0.001511,10.0,0.0151,0x57...4fb5,https://bscscan.com/tx/0xc80316c97e25dc988f20a58feb2e0eccd0439f15373c8a074e24285befda2bd2
2023-03-29 23:19:55,True,0.4805,0.001518,1.0,0.0015,0x15...39d5,https://bscscan.com/tx/0x6b134993d4d13fc3ecc1f594fd268a6083598a533e09425efe350d97f4b56acc
2023-03-29 23:10:16,False,0.4762,0.001511,21.899,0.033,0x9d...68fc,https://bscscan.com/tx/0xe7502f2ca66cde0914a0d649ab9c826aa490f9bcf9616360c8e0a015d516bac5
2023-03-29 23:07:52,False,0.4786,0.001511,57.0,0.0861,0xf0...383d,https://bscscan.com/tx/0x460f3232a58bed386d315968ad5c16ee2c2a55aa08ff044ed5aed6ab59db333d
2023-03-29 22:59:28,False,0.4769,0.001511,122.1,0.1845,0x4b...1f22,https://bscscan.com/tx/0x8afc3e2bfdad6d211fa914b8fe65d8bc626ca5e96f8c336a80d5b12631fc5215
2023-03-29 22:53:40,False,0.4773,0.001511,17.8646,0.027,0x52...8d7e,https://bscscan.com/tx/0xe168ca05b499f35c9c40134482aa402dea418368390b71d324fdfb38085e91c5
2023-03-29 22:50:07,False,0.4791,0.00151,17.3429,0.0262,0xe1...3145,https://bscscan.com/tx/0x9d84ab0ef2517c5ff0c40817139af03ee5d0141edd3196160e9c8991d337752d
2023-03-29 22:49:49,False,0.477,0.001511,124.0,0.1874,0xfa...f8f9,https://bscscan.com/tx/0x8b92844a33cb269b173246c565554b106322c30e21f98235cc0b2347885f2dde
2023-03-29 22:49:16,False,0.4794,0.001511,10.0,0.0151,0xfa...f8f9,https://bscscan.com/tx/0xad3a1eb55995c11eae0c4d7164bdf57d6892cd51b8dfd202f477113e281a5c91
2023-03-29 22:45:55,True,0.4794,0.001518,665.381,1.01059,0x30...5667,https://bscscan.com/tx/0x20fe72aaaab72fc3f527e912893f79b110005814a3147c670dfd961e31cb74d4
2023-03-29 22:44:34,True,0.4794,0.001518,90.3729,0.1372,0x2a...6cdd,https://bscscan.com/tx/0x6236abc2b5651dc5a48ccd94772f376e75d190723908f3c8947b75ef58d34673
2023-03-29 22:43:13,False,0.4769,0.001511,4.0,0.006,0x6d...631b,https://bscscan.com/tx/0xc9c0735650a247a104359374469adacecf52df88fbf9e288b4444ad1630fad9b
2023-03-29 22:42:55,False,0.4791,0.00151,67.1633,0.1014,0x3c...1fab,https://bscscan.com/tx/0x5b9a045dc61ffc257e8dd8a6f8799d2872d17f2e704450122d2a78d5bd8a5ce9
2023-03-29 22:40:10,True,0.4794,0.001518,443.879,0.6741,0x30...5667,https://bscscan.com/tx/0xed6a6d8ce488fa364fc64ac8b34ecb9da3719da784145c783cff616b8eaa595d
2023-03-29 22:35:04,False,0.477,0.001511,8.19287,0.0123,0xd2...9584,https://bscscan.com/tx/0x0f03ffc890089cc01409b7c2b6acf6071016719abb8a55cd23abc64ce1464549
2023-03-29 22:32:31,False,0.4766,0.001511,19.5523,0.0295,0xb0...add3,https://bscscan.com/tx/0xfd6f02de9867c1b31d34a41485a087d3b00bc32e9b51e7f0b44da852e191db8b
2023-03-29 22:28:40,False,0.4768,0.001511,19.8525,0.03,0x02...f2c0,https://bscscan.com/tx/0x4c84448bc516ac2337cdfe3ffd71f778fd15e104219256fe3082ed3108e72004
2023-03-29 22:27:16,True,0.4816,0.001518,57.9348,0.0879,0x1d...070a,https://bscscan.com/tx/0xa5a10d4bc5ca509eb8c95b7df711890e7123a1d0325042440cfaaa02f4286821
2023-03-29 22:21:37,True,0.4816,0.001518,1920.12,2.9159,0x0c...8533,https://bscscan.com/tx/0x1c802f5d630e0317a4d7c69a71d728f03d8dc61704668b51eaf7ce4259ca3151
2023-03-29 22:12:51,True,0.4816,0.001518,3.49337,0.0053,0x18...c081,https://bscscan.com/tx/0x5df970fef3537d57c4a43a450aca0244f52e0385772b2d6c69cb66802e0ce158
2023-03-29 22:12:03,False,0.4767,0.00151,24.0272,0.0363,0x0d...f3fd,https://bscscan.com/tx/0xf234117af0a9878eb322c24f076aaab137e695ba3fa00083b3f2f0989ab15e43
2023-03-29 22:11:45,False,0.4768,0.00151,17.0,0.0256,0x02...10db,https://bscscan.com/tx/0xec55abacacff4d9705e64a62e08449b7389c7dff47f275697d171238310ebd61
2023-03-29 22:10:54,True,0.4791,0.001518,80.4709,0.1221,0x2a...d688,https://bscscan.com/tx/0x9b64b3bedba3606cbd8f6e85ffe0386ef09ff6e1f2df79c9be81e8700fe434f7
2023-03-29 22:10:33,False,0.4768,0.00151,75.0,0.1133,0xe2...bc07,https://bscscan.com/tx/0x40f3130e3047c3d103004d51422c96193bb581304a98225c994b11d031a1b765
2023-03-29 22:06:48,False,0.4788,0.00151,25.4533,0.0384,0xc4...30e9,https://bscscan.com/tx/0xb511836fed1b9ea014699bac1aefe8c62b66fb6e7e21b498dcf43ebf2070a919
2023-03-29 22:06:15,False,0.4789,0.00151,6.0,0.009,0xc4...30e9,https://bscscan.com/tx/0x310c3a9d24f175c99df9d216753dd43dca4f27bb494c8c277d8a8259d55e65a7
2023-03-29 22:02:15,True,0.4813,0.001518,245.226,0.3723,0x3f...66aa,https://bscscan.com/tx/0xd9c0bbae18bd8dd5de09f9fec6d96c252674288ee2699ea0e3747c58b4fcd01f
2023-03-29 21:57:48,True,0.4786,0.001518,1310.9,1.99045,0x00...78d2,https://bscscan.com/tx/0x05e883b0a2d01e3d34d462e17b89b0623da67cbdec6e3d70583b4cc82d5c7f22
2023-03-29 21:57:21,True,0.481,0.001518,707.5,1.07417,0x00...78d2,https://bscscan.com/tx/0x18d8dd9fd870a68c01dd95a28bd2d1dafc991d547e7bb12e9e2403c334a5a24b
2023-03-29 21:48:15,False,0.4787,0.00151,53.7201,0.0811,0x6f...7b02,https://bscscan.com/tx/0x93889e95610deda661ff88408f621f637becde4e2b011ff013afbbc753952873
2023-03-29 21:47:19,True,0.4788,0.001518,28.442,0.0431,0x92...a4fe,https://bscscan.com/tx/0x7010eb35959a60857fb1737177cd7854c19ea0d09c9407b235bd0cb10aa99cbb
2023-03-29 21:44:35,False,0.4763,0.00151,228.536,0.3452,0x2a...d688,https://bscscan.com/tx/0x0b3f99b432e3766400ed8a62d7ba2c4acf53ae9b7b008f4c4a13bb8cbea57312
2023-03-29 21:36:02,True,0.4789,0.001518,28.4485,0.0431,0xaf...2f41,https://bscscan.com/tx/0x1f98ea4877268444c8d5fe1e861034bdfb884aecdf66a6806c74e8d7e999439a
2023-03-29 21:35:11,False,0.4789,0.00151,4.02115,0.006,0x04...64f7,https://bscscan.com/tx/0x064b8bc7e9bcfaf43d5f90000df1f4ec70b9dbd1abcefd03982f3078f4f62062
2023-03-29 21:33:38,True,0.4813,0.001518,4.34711,0.0066,0xb7...784f,https://bscscan.com/tx/0xcd4cc2d1ed5be9695efe4f499ccca20a7be798c766090476d3abadebcc71f4a3
2023-03-29 21:33:14,False,0.4765,0.00151,2.16257,0.0032,0x0d...fee8,https://bscscan.com/tx/0xc54c9cb3e194af5bd7215a5e9c896e03ae7d7d753e13b0cc6e17fa4abe0be9de
2023-03-29 21:31:35,True,0.4785,0.001518,2379.6,3.61248,0x00...78d2,https://bscscan.com/tx/0xb1d76263b897e386b3f9f40b07cba21e2a9ec8ec7107c58dcc3faa42769c1948
2023-03-29 21:18:11,False,0.476,0.001509,9.75979,0.0147,0x47...faf2,https://bscscan.com/tx/0xb0ac6b3031d5b9b1fde2f8a3170a27046bd8288e01b25bbd5f4fc908e4785575
2023-03-29 21:11:16,True,0.481,0.001517,2305.94,3.5,0x91...79fe,https://bscscan.com/tx/0x45517da46ddb2bb93eb2389edc1b01e694a78e070652c9541c7f834e4ca8ad68
2023-03-29 21:10:53,True,0.4808,0.001517,4162.99,6.31702,0x00...78d2,https://bscscan.com/tx/0x10dc3932234ddf480713df9e30096ff85470df2d1c06d27a9bf7974ee74be8e2
2023-03-29 21:10:03,False,0.476,0.001509,2017.52,3.04588,0x60...3a14,https://bscscan.com/tx/0xaf96218126091ba3e18d6ec17e9412cc6f12ac589d71f7f2d37f7522438d9fa6
2023-03-29 21:09:14,True,0.4808,0.001517,2231.16,3.3853,0x62...1f10,https://bscscan.com/tx/0xd98c0df952dbfa8f66c0061f924d859b7651a166bd611c9ca88f4f0df148b8b7
2023-03-29 21:09:08,False,0.4784,0.001509,1000.0,1.50963,0x5f...6e06,https://bscscan.com/tx/0x9dc05cd00d5d81d099914960a727b716dcf26793804793be7193e73a13c57831
2023-03-29 21:07:56,False,0.4758,0.001508,41.8754,0.0631,0x6b...f329,https://bscscan.com/tx/0x5f76ac22941fa9f1d85d9be868aafc02e3e42a899b5a4c1576311299fb2b17b3
2023-03-29 21:03:03,True,0.4785,0.001517,2306.99,3.5,0x62...1f10,https://bscscan.com/tx/0xcb493f22cdb9ba9dc4dac00b0d4aae3702d9dd5f906bfb8441a557856e60268d
2023-03-29 21:02:51,True,0.4784,0.001516,2307.41,3.5,0x8b...88f6,https://bscscan.com/tx/0xa89d712cabb4199ab0cb066f54477039c4d170a2c246d36929b2ab2b4085d9cf
2023-03-29 21:02:39,True,0.4783,0.001516,2307.84,3.5,0xed...4f31,https://bscscan.com/tx/0xc8f27c5bf1f948d829ac74866f8f9e343ec8129ec71ed32549f4bfade6092632
2023-03-29 20:59:06,False,0.4758,0.001508,50.0,0.0754,0x27...1d74,https://bscscan.com/tx/0x756c1b8321bded6e15e1defc0324301a2dbb47a10bba5cf23626924e3a2fd9f6
2023-03-29 20:57:03,True,0.4806,0.001516,37.0,0.0561,0xe3...c0bd,https://bscscan.com/tx/0xf89749dacaa4b4c0feada00dcb3ed510ae192b2729df58ae9e1f7511f69eb094
2023-03-29 20:56:21,True,0.4806,0.001516,2308.26,3.5,0x8b...88f6,https://bscscan.com/tx/0x7d2ac2af6627d1570c96611c228d6ee43a96f6860244476505b74b7e4368fbb9
2023-03-29 20:52:42,True,0.4781,0.001516,1.0,0.0015,0x88...b7cf,https://bscscan.com/tx/0x08ff0218f7a5d865cf794849f5424f9d76bf6f5acfdc56f31bcf53730fb94387
2023-03-29 20:51:01,True,0.4781,0.001516,3.0,0.0045,0x69...ea21,https://bscscan.com/tx/0x2ea35e86aa890c9c12e79733895ce5ecc5ba048cf0b9e0bf4e9d1ada44e4830e
2023-03-29 20:49:51,True,0.4781,0.001516,1510.38,2.28982,0xda...c952,https://bscscan.com/tx/0x81fb90007100db52fad429bd50fbafc64f7bb748034d63f5892465a014a41652
2023-03-29 20:49:51,True,0.478,0.001515,2308.97,3.5,0x62...1f10,https://bscscan.com/tx/0xff887f7676ef8364bf5d627d31ac5a1c7cee10e5f55fd3bc34a0848b97445af5
2023-03-29 20:43:46,False,0.4756,0.001508,4.0,0.006,0xc1...f549,https://bscscan.com/tx/0x05c6a8060718ac44fd5a82e6790e580980b157870ae79d505b4fd60dd41dd888
2023-03-29 20:43:19,False,0.478,0.001508,54.3321,0.0819,0xe2...1f65,https://bscscan.com/tx/0xbed4b2a8863ec7cb4e1351975892f249aa5be11cf76f325ae9cc911ead28b3d1
2023-03-29 20:42:31,True,0.4804,0.001515,1.0,0.0015,0x57...d6ca,https://bscscan.com/tx/0xaa9f9167e5fe5cb9d49938bf6aa4da6dd0057e0d563398909b368a58a872acee
2023-03-29 20:41:58,False,0.478,0.001508,21.8313,0.0329,0x94...1dea,https://bscscan.com/tx/0x219b11d453fad2e731ad43ccd8e49033bf8b09e49b595b5c46ee44ed5805e37d
2023-03-29 20:30:25,False,0.4772,0.001508,0.73,0.0011,0xc9...07cb,https://bscscan.com/tx/0x10fc75d60b91e5f6e0d90143a39746e0eb6cc0d15c2f514e50b75e4a020a0362
2023-03-29 20:23:37,True,0.4774,0.001515,823.583,1.24826,0x8c...ae2a,https://bscscan.com/tx/0xd8d26f58092e4e6baee1fcb82d96e7c6c4114a9aae87ee1b5274cfcff0c7b43d
2023-03-29 20:23:28,True,0.4774,0.001515,14.6301,0.0221,0x38...28dc,https://bscscan.com/tx/0x6abb4602a1d78caf0efea486293a5d9093e86e45b8f27e0b1962c817cee17251
2023-03-29 20:16:43,False,0.4773,0.001508,10.0,0.015,0x17...4721,https://bscscan.com/tx/0x5fdeb5250638f75b6145e4cae1273c0f6faa512d71946d6016a75bfb7ce80af7
2023-03-29 19:53:30,True,0.4776,0.001515,40.0,0.0606,0x02...ec79,https://bscscan.com/tx/0x0b4d931f693465b3d4f02b2fb49e87c82b54c28bed6ed32230245462a19e2ecd
2023-03-29 19:45:18,False,0.4775,0.001508,9.71224,0.0146,0x7c...d579,https://bscscan.com/tx/0x639705391532703f1e925e04cb62a1500a8df9dd543810b232b765a4d051da60
2023-03-29 19:43:05,True,0.4798,0.001515,2309.54,3.5,0xed...4f31,https://bscscan.com/tx/0x857c8a453640f5a6a977c07073c929794217ead7feefeeae82744da466063e80
2023-03-29 19:42:23,True,0.4773,0.001515,1002.62,1.51922,0x0c...8533,https://bscscan.com/tx/0x74429c33f9d9b6cb947b6052c33a0d50b7b0e2751300c278c3d1229ab64b609c
2023-03-29 19:42:23,True,0.4773,0.001515,3300.36,5.0,0x62...1f10,https://bscscan.com/tx/0xcf7737bb346620c1b5bfa541d12f61c7ac041533989225804707ca85f69c92a0
2023-03-29 19:41:32,True,0.4772,0.001514,2310.77,3.5,0x8b...88f6,https://bscscan.com/tx/0x068d8b2d604f4a545470f828830ba36a9c7d1f0e839d498d2b08e62618979d60
2023-03-29 19:37:02,True,0.4771,0.001514,15.0,0.0227,0x49...b0fa,https://bscscan.com/tx/0x7e437b05d1881e7ba5faa429808753c974cc2e89a14da3d3700b3bdb83cd2fc1
2023-03-29 19:35:26,False,0.4748,0.001507,143.982,0.2169,0xc4...de76,https://bscscan.com/tx/0x71e1f9f7d80e457e78b9d9289c762fe25a6cf8a50dc1b0db7940a0862f97681a
2023-03-29 19:34:20,True,0.4796,0.001514,78.3151,0.1186,0x2c...c9c5,https://bscscan.com/tx/0xef40d5341fd5d721e93515634158af13a336f67f4839d8854d8cb5e8909f0a8c
2023-03-29 19:33:14,True,0.477,0.001514,45.0,0.0681,0x94...4557,https://bscscan.com/tx/0x32f3f20dc5aa7c0f0d973a65732db8fe4abb613ba1a8b8bc773a6a2d9119dbd6
2023-03-29 19:33:05,True,0.4794,0.001514,45.0,0.0681,0x73...9a19,https://bscscan.com/tx/0x01358f403194bbf5f2f82ff8991806e8da31111ff521d63d64c5e8f43d32e157
2023-03-29 19:32:50,True,0.4794,0.001514,45.0,0.0681,0x60...2fa2,https://bscscan.com/tx/0x0411fc61fe23720dcbf74cc9e55108f921b7a80a1f292ba53d18ed3cd33fb539
2023-03-29 19:32:29,True,0.4769,0.001514,45.0,0.0681,0xfc...dce1,https://bscscan.com/tx/0x640d879de7f8cd335ecfa4ff3dcddbad281fa7d8f6886f9cc83d415625c4202b
2023-03-29 19:31:59,True,0.4769,0.001514,45.0,0.0681,0x59...2f49,https://bscscan.com/tx/0x9476ab2cbe96b3b826906968ed777d3fef795206e9d064746291eca2d6578557
2023-03-29 19:30:23,True,0.4793,0.001514,45.0,0.0681,0x13...33ae,https://bscscan.com/tx/0x26331465dc16d6e9eabb8fe5fc7e4d20c517e714259c8be1127028f787a60f67
2023-03-29 19:29:26,False,0.4745,0.001506,17.1999,0.0259,0xa8...d4db,https://bscscan.com/tx/0x618c1b8de8599c120180fb8ee135a5ff3e93d846061a1ff5e9a5ef1adfa8a5ad
2023-03-29 19:17:32,True,0.4769,0.001514,9.92455,0.015,0xf1...5e1f,https://bscscan.com/tx/0xccacc2a20b05e435f04e8b6e5c2f906f8016596ca552344393ec9c840c3995ae
2023-03-29 19:10:23,False,0.4769,0.001506,5.0,0.0075,0x11...7789,https://bscscan.com/tx/0xc78ea2c3a73da8168dd47be666529f8789f3194419535c291e69a6a17856f20f
2023-03-29 19:07:17,False,0.4745,0.001506,429.517,0.6472,0x9c...c360,https://bscscan.com/tx/0xe142006a28c111e149b707b5b14cb4944e4844d1f1024389eb1204c246412cc0
2023-03-29 19:06:08,False,0.4769,0.001507,56.6795,0.0854,0x97...14c8,https://bscscan.com/tx/0xa1c133f6b877b4dec3241c9ef9f633d15c379dbcf629c9d0f156593a2239bafc
2023-03-29 19:05:50,False,0.4769,0.001507,10.0,0.015,0x97...14c8,https://bscscan.com/tx/0xec8d962b9ff7dbd348461fedf3939a2e463ccce2ed6ccd2d840f8c9364600684
2023-03-29 19:02:11,True,0.4793,0.001514,18.0,0.0272,0xb1...8d7b,https://bscscan.com/tx/0xe11281f33a1187bd975fe9e8436a303aaca07f774ffeaea62ee9d1a8d3fb0bb0
2023-03-29 19:00:17,True,0.4792,0.001514,0.0281,4.258e-06,0x8b...6566,https://bscscan.com/tx/0x76f9e2ddaadd989bf107f60fdb9bc140965c448185bdc3830e850ed4b5a18be7
2023-03-29 19:00:14,False,0.4766,0.001506,46.6942,0.0703,0xae...8535,https://bscscan.com/tx/0x217b4964aaceaca4a29a0967bb801bbd61187394ad0944931cbddd662acd77fd
2023-03-29 19:00:08,False,0.4768,0.001507,57.5056,0.0866,0x97...14c8,https://bscscan.com/tx/0xfb59769ff87dcfcf3456a7f54f61224e8ac74438726990cb41ede8270796a0d7
2023-03-29 18:53:02,False,0.4745,0.001507,55.7508,0.084,0x97...14c8,https://bscscan.com/tx/0x923031fb7f26ba2bcaa53519a7ded3061011f8c3627ded9cfcf661c1296c9798
2023-03-29 18:52:20,True,0.4792,0.001514,24.6851,0.0373,0x78...fb53,https://bscscan.com/tx/0xc013fed083b523fe162787056ac2728958d18171cc6c5730a8325821684ab41c
2023-03-29 18:49:35,False,0.4745,0.001507,17.2762,0.026,0x9b...13dc,https://bscscan.com/tx/0xb46f7c06b61225bd6e99b2e69a2445623eeecc9bcb7b281a275ce60ccdb94627
2023-03-29 18:36:20,False,0.4748,0.001507,53.8483,0.0811,0x97...14c8,https://bscscan.com/tx/0x8bd798649eded32285d972f585ed8266479872de4a724475a7ec3eef17ca414e
2023-03-29 18:32:59,False,0.4747,0.001506,72.4337,0.1091,0x67...2902,https://bscscan.com/tx/0x98a98b4fe5b458b60327ec43c6944ea305016eba1f2d4f53bbe8939e8b3b49a0
2023-03-29 18:31:53,False,0.4773,0.001507,37.5197,0.0565,0x00...619b,https://bscscan.com/tx/0xb67f72fc7e580863d25d3c66bc92275bbaa089efe284645b3767f1d8be0ab159
2023-03-29 18:29:14,False,0.4748,0.001507,54.4976,0.0821,0x97...14c8,https://bscscan.com/tx/0x8b272cb814e5d836442a9cae95ecdaad753e068bb77f6daa0aaf19c52b849615
2023-03-29 18:24:40,False,0.4774,0.001507,57.544,0.0867,0x97...14c8,https://bscscan.com/tx/0x918b470692f0b41647fe2da635392875767280d1f7db443fe4584d0caec2d5a1
2023-03-29 18:23:21,False,0.4774,0.001507,213.577,0.3218,0xb8...99d9,https://bscscan.com/tx/0xbd8f5f07cba123a4eb1d3531ab633450a0d80b78a0356e059a3607104a227d6d
2023-03-29 18:14:56,True,0.4798,0.001514,0.6602,0.001,0x63...477a,https://bscscan.com/tx/0x74b8ebccf78e03ff64046836eb090f17721d2a5bfc35aad49e0ed849cccdef49
2023-03-29 18:13:35,True,0.4798,0.001514,1.32047,0.002,0x63...477a,https://bscscan.com/tx/0x016be503497996f90087165a83c7e8a47ef45cef7363994de79224d3a4d9410d
2023-03-29 18:10:59,False,0.4751,0.001507,189.047,0.2849,0x6a...170f,https://bscscan.com/tx/0x8ae8bd47b34ef73420740e1db6ffab481a724147b46be66cffd441664690fc84
2023-03-29 18:09:53,False,0.4752,0.001507,6.11972,0.0092,0x67...4898,https://bscscan.com/tx/0xc6cfeda2092bab5d0fa51fbb3411a0026d9faecc2a90675fab5293e41eddbd37
2023-03-29 18:04:59,True,0.4776,0.001514,210.398,0.3186,0x15...a42e,https://bscscan.com/tx/0x02cf59432cc55b1506aa9cad54b446e515b2b4ad1b7733d356030f4589648ece
2023-03-29 18:04:56,False,0.4752,0.001507,127.979,0.1928,0xaa...e299,https://bscscan.com/tx/0x095311d742b498b4df2c2d91e8a0163d5d6cb53f9970d7cb8c55d51380069621
2023-03-29 18:03:29,True,0.4777,0.001514,2311.01,3.5,0xed...4f31,https://bscscan.com/tx/0x52721a36980ae454a6d85cd3e53d65d006810e9a698764ff154f18639d47d65e
2023-03-29 18:03:29,True,0.4776,0.001514,2053.01,3.10872,0xda...c952,https://bscscan.com/tx/0x339495cb76185c72d75c95fed92fd7cfd4202ed613ad3dfee3121bb47e159596
2023-03-29 18:02:37,True,0.4775,0.001514,2311.82,3.5,0xda...c952,https://bscscan.com/tx/0x5073de70dabb26d5a8fd0994f60e88058a9be23508be34434772d9c4126080f0
2023-03-29 18:02:37,True,0.4774,0.001513,2312.25,3.5,0x8b...88f6,https://bscscan.com/tx/0xb84a7cd75c618192573e6e1d9a5ebf6b2c4b2976ba68ab0a7fa59c9068bc08a6
2023-03-29 18:01:13,False,0.4774,0.001506,44.0,0.0662,0xaa...e299,https://bscscan.com/tx/0xbe3f12788c116f5e939244cdbf501c67237ed9c74ce8c0a862290cc1123778e8
2023-03-29 17:59:07,False,0.4774,0.001506,45.0,0.0677,0xda...4639,https://bscscan.com/tx/0x4ff0d897d6e2e84269c4038f7a63b7d9e66bfb7082ab8f14b5888ce121cbeb02
2023-03-29 17:47:28,False,0.475,0.001506,1500.0,2.25912,0x01...5dc2,https://bscscan.com/tx/0xf5bd0d623dca9cab280189b2638f3cf4d94d5ae41254d31e543e71adb14ccd3a
2023-03-29 17:43:58,False,0.4766,0.001506,6.56622,0.0098,0x3d...3d57,https://bscscan.com/tx/0x753567c7efcfc9eb2456009f45a752b00c1ceec09b6494f1a47ee85994f59225
2023-03-29 17:40:37,False,0.4743,0.001506,5746.82,8.6577,0x52...1c7e,https://bscscan.com/tx/0x025fc4cb20e8b497f32d9b29620d914afc832b94afc7a7d3126da89db25734e8
2023-03-29 17:38:19,False,0.4743,0.001506,8.06608,0.0121,0xcc...510e,https://bscscan.com/tx/0xb525d731c8a39f993eefb93aad0bbf6f4c68c4e21ae24d752728c32f46ec5794
2023-03-29 17:36:26,False,0.4744,0.001507,2144.15,3.23123,0xda...6e1f,https://bscscan.com/tx/0x122900fcf2ef60823533415e5c82fb098b5e2df4fd6a2eff181e1cedf0c1769f
2023-03-29 17:35:58,False,0.4744,0.001507,8.01059,0.012,0xd6...8e83,https://bscscan.com/tx/0x5735df367d81a0e7b53de9c67fd669acc9d08ef7aaf8bfcc48dcc20152f804a9
2023-03-29 17:32:45,True,0.4766,0.001514,24.8554,0.0376,0xd6...8e83,https://bscscan.com/tx/0xe225ac5aac9996dfc2449d8213bf660e2f671fb569152baa74f8d8fa5ce0099a
2023-03-29 17:31:21,True,0.4789,0.001514,33.0102,0.05,0xd1...cbe1,https://bscscan.com/tx/0x6a9404a0e4b9cf3b4f5407f96af2afc854371d48cab30bb97b2de59d42da6ac2
2023-03-29 17:27:57,False,0.476,0.001507,16.7655,0.0252,0x5d...d98a,https://bscscan.com/tx/0xf373dc4cc4df514981bb9b1d3bc981b0448482de185968d3bf18f5d34412c642
2023-03-29 17:18:32,False,0.4731,0.001507,34.0,0.0512,0xa5...a44b,https://bscscan.com/tx/0x6c8e1221741ff39a8aca0a97b4fefc2021cc8fc96697a5c0c4d7122df9b32a55
2023-03-29 17:10:45,True,0.4755,0.001514,118.837,0.18,0x9c...0577,https://bscscan.com/tx/0x48a8745631ca8507ea33904f552f4d9572392216bfa83d30df1536195996765b
2023-03-29 17:07:21,False,0.4758,0.001507,4263.27,6.42632,0x2f...e155,https://bscscan.com/tx/0x17d65ce8737d0c21c6baf005986550f99d81015f05a9039aa3cdcf71c6dac069
2023-03-29 17:07:21,False,0.4761,0.001508,13980.9,21.0897,0x62...1f10,https://bscscan.com/tx/0x9a074aa63c63e9ce55b8ca479f5486218e36fb82b4bc5940486b30a9f6ecf071
2023-03-29 17:05:39,False,0.4767,0.00151,12443.8,18.7909,0x62...1f10,https://bscscan.com/tx/0xd14348a254818733c42530100eb1642ebcc4b382f0d7cec881a0e4737ac9958c
2023-03-29 17:04:33,False,0.4748,0.001511,13092.6,19.7909,0x27...b6f2,https://bscscan.com/tx/0x40ba01ad7abf74b5bad09c978cf4a1d9f70f944380736c3f8481549aeda1a8a4
2023-03-29 17:03:09,False,0.4754,0.001512,14.7658,0.0223,0xa1...e53a,https://bscscan.com/tx/0x604e0296b6f08a0e81ae30cc78684e857291297cff62bc156bfb1dc61e99db9d
2023-03-29 16:59:33,False,0.4754,0.001512,130.0,0.1966,0xf0...3e3c,https://bscscan.com/tx/0xc39e01081237bb12382287c2b100e768d85ae3a234c80dbf11f0d738d5c99ea4
2023-03-29 16:53:42,True,0.4776,0.00152,131.579,0.2,0x9c...0577,https://bscscan.com/tx/0xb8f697b2bef0dddee0887cec2e88e16aa1ec5b9f85b9af361fa4354785d32310
2023-03-29 16:51:54,False,0.4776,0.001512,70.0,0.1058,0xdc...e0c8,https://bscscan.com/tx/0x3df765ef501a4c6180438be7b07738fb701e93502790fe58d83aeac7ce9ea0f5
2023-03-29 16:51:33,False,0.4747,0.001511,189.0,0.2857,0xa0...9b0f,https://bscscan.com/tx/0x346f1951e8804242bbee0c643ab31f057e80c29a86ba4304432b482410ab89c5
2023-03-29 16:47:33,True,0.4786,0.00152,28.5718,0.0434,0x90...7588,https://bscscan.com/tx/0xe510e959e1811cd96ff1a1cbb361d3ed401e41ba754043f99482216fed827e41
2023-03-29 16:43:27,False,0.4787,0.001512,98.1806,0.1484,0xcf...cea8,https://bscscan.com/tx/0x9f6cb2201d25c150d809f4507faf8cc829463e6c3fe916da0752be1599572820
2023-03-29 16:42:24,True,0.4813,0.00152,102.898,0.1564,0xae...cc52,https://bscscan.com/tx/0xffc361bc9e55ef5ae817e36fe1b89282c26047819848e7fa9d211527b05a5305
2023-03-29 16:42:24,False,0.4787,0.001512,936.766,1.41685,0x11...a5bc,https://bscscan.com/tx/0xdc7b4adb4c56dff02ab77f4ed9989cacc257f48c99d92d2be9c8b63640952860
2023-03-29 16:41:33,False,0.4763,0.001512,496.092,0.7503,0xfe...1827,https://bscscan.com/tx/0x74dcec5a78f92c7d73d52cfb95a94d6adbefcbf5586542e119ec6b745a746268
2023-03-29 16:41:12,False,0.4788,0.001512,3943.07,5.96525,0x11...a5bc,https://bscscan.com/tx/0xee2876c4b70919d7537ed5282f4a429f43bcad7ea023aca5d62da2f29ebdae4f
2023-03-29 16:40:48,False,0.4792,0.001514,15984.9,24.2021,0x11...a5bc,https://bscscan.com/tx/0x22bf79361ab8909993342d056c3295e6e03c01cf3cb8aafeb89858e7cd669c00
2023-03-29 16:40:45,False,0.4795,0.001515,5.0,0.0075,0xcf...cea8,https://bscscan.com/tx/0xd5130ad26ca86ffa476b5268b2748286cd54edaf25d09e27328536e0735ba496
2023-03-29 16:35:27,False,0.4801,0.001515,263.056,0.3985,0x4d...69df,https://bscscan.com/tx/0x35c4edfc73a2a5828549277a32947be9e1ce52baa3484aa4cad95e08096fa7da
2023-03-29 16:30:15,False,0.4773,0.001515,5.0,0.0075,0xe2...bc07,https://bscscan.com/tx/0xc41e0005508ca278ca4a46f5cbe9e118db77d34f511cc6ab5ec66eda877aa293
2023-03-29 16:29:27,False,0.4797,0.001515,30.0,0.0454,0x02...2d77,https://bscscan.com/tx/0x9350b58a9e91a17548a51f77f0fe01808fc5a44c44c053561346d81a0906c562
2023-03-29 16:28:24,True,0.4805,0.001522,4154.34,6.3246,0x16...4027,https://bscscan.com/tx/0x2cd32afdb1f352a2d7e3a3865e94e9466cc46b5979a731a0bd89e794a764c257
2023-03-29 16:24:30,True,0.4829,0.001522,639.4,0.9732,0x00...78d2,https://bscscan.com/tx/0x1337fc6526c647aabac148c4c166b278480f4dc427e66e535e9c2d6cbe455cf3
2023-03-29 16:22:42,False,0.4807,0.001514,150.0,0.2271,0x17...84e5,https://bscscan.com/tx/0x70cdac64bcd2f137261f49cd51b35c178ffd034be8142dc2135a3dd33604bdfa
2023-03-29 16:21:42,False,0.4805,0.001514,20.0,0.0302,0xe2...bc07,https://bscscan.com/tx/0x631715e568e0a310cceda0807ae089073b8889b4d2c248c47d0bb20cfdfe7366
2023-03-29 16:21:39,False,0.4781,0.001514,141.0,0.2135,0xfb...7cb2,https://bscscan.com/tx/0xf36c3623d78c38b120f0f9375142d5a5fed6911f9e7c1213b575c5aaa958ddf2
2023-03-29 16:21:21,True,0.4808,0.001522,214.801,0.3271,0xde...367a,https://bscscan.com/tx/0x90d01809006ba520ac813559da6d12b0862b537d1a91719ea9cabe4c15cd5d1b
2023-03-29 16:20:42,True,0.4831,0.001522,2066.99,3.14588,0x35...8fce,https://bscscan.com/tx/0x8289b1b18ddd8e79a0540e3ffb8a85ef7f71203b8c97fb06cb330c144f391188
2023-03-29 16:20:39,True,0.4828,0.001521,269.795,0.4105,0x12...55e7,https://bscscan.com/tx/0x15641eea16155e12a338a049f708ac66020c515aa44b81285a136ac91796517b
2023-03-29 16:19:00,True,0.4827,0.001521,6180.58,9.40328,0xd8...bcda,https://bscscan.com/tx/0xb1e85bbfeb13ee6f0b0ceaf2d36ad47bbf464f1ec5da93a5123e90299dd3f3f1
2023-03-29 16:18:57,True,0.4825,0.00152,4135.85,6.28977,0x00...78d2,https://bscscan.com/tx/0xdc8853b494268b361237c5de4f3c9b828bc15e7956026e76161ffd0e43e81f95
2023-03-29 16:18:33,False,0.4799,0.001513,66.0,0.0998,0xe2...bc07,https://bscscan.com/tx/0x03c2e440a77fbae17e30652fc0f62108f0c8b1ce06a840805390adfd7e859f9b
2023-03-29 16:18:06,True,0.4796,0.00152,135.601,0.2061,0x41...c353,https://bscscan.com/tx/0x0e05eeca35e09ced6dc0bf793a5af1b8e63902b9192f27809572f6c79da4ee96
2023-03-29 16:17:15,True,0.482,0.00152,458.2,0.6967,0x00...78d2,https://bscscan.com/tx/0xb3c12c5451a44c422af85f6f7c310457859895fcca5dbb0c6a60027f20ebdad1
2023-03-29 16:16:00,True,0.4819,0.00152,538.1,0.8181,0x00...78d2,https://bscscan.com/tx/0x48b5f496b6d87d962b0fb2fd87d46e5e5280ae895f28808a283be47b3123393c
2023-03-29 16:14:00,True,0.4794,0.00152,359.6,0.5467,0x00...78d2,https://bscscan.com/tx/0x630317faf74bd072aa333f0b6cd21409332f6f29204cf97b0c722697dc747f3d
2023-03-29 16:13:57,True,0.4794,0.00152,966.665,1.46963,0xda...c952,https://bscscan.com/tx/0x3851199488dd504c2c3602117ad42f563617b4f41192ab831daa1485dd673dfe
2023-03-29 16:13:57,True,0.4793,0.00152,2658.0,4.04039,0x00...78d2,https://bscscan.com/tx/0xa8abbf8c12a8982306f0b5558f730db7ba2fe9d243b8e2f6cd19cd8480b8897e
2023-03-29 16:13:21,True,0.4795,0.00152,9.41998,0.0143,0xde...367a,https://bscscan.com/tx/0xbe856476a89ceef99ba6fe7db5c2d04b5cf4c45581f7a4ed86a425824c75b5da
2023-03-29 16:10:54,True,0.4816,0.001519,270.0,0.4103,0x15...ebab,https://bscscan.com/tx/0xa3b0b989919342809963c5b22b7a5346190d63544b80cbce776c5e9d3d2612a1
2023-03-29 16:10:12,False,0.4766,0.001511,98.7838,0.1493,0xf4...870f,https://bscscan.com/tx/0x2b6099c5dfeae6bb680ac88d85aef36a8efd190ad1d4d86ad8ed3138f87d7082
2023-03-29 16:06:30,True,0.4805,0.001519,71.3914,0.1085,0x2c...c9c5,https://bscscan.com/tx/0x8d75bd8d836fff6eb83c2a9c4bd0fe601b84ba84cea077fbe8de4cd9075d3118
2023-03-29 16:04:33,False,0.4806,0.001512,10.9045,0.0164,0x84...9434,https://bscscan.com/tx/0x0cb58332e9fcdc3df690fe8cd1cc167f12da04975c1362c203f39e84c46e33ec
2023-03-29 15:57:45,False,0.4805,0.001512,12.0,0.0181,0xda...7899,https://bscscan.com/tx/0xaf2e963e305d127e8e9b21a42a618748d81757fc072a39aca6ef1a06f8f0819c
2023-03-29 15:50:06,False,0.4772,0.001512,4.92308,0.0074,0x8c...7b54,https://bscscan.com/tx/0x2373077cf7f225b44834687bf079d021560c536a401169fa4c9b085c4b0eea14
2023-03-29 15:46:30,False,0.479,0.001512,56.6224,0.0856,0x1b...5c50,https://bscscan.com/tx/0xe646a5d8cdab6c9518df890d5836ea65a59b537586b06e4208f946ed568ef59f
2023-03-29 15:44:12,False,0.4788,0.001511,106.785,0.1614,0x8e...40cd,https://bscscan.com/tx/0xabf5c13be2b1d8e0642ad0dd5a7c867a1bb1f05b80ada9255526e3e3af359c4a
2023-03-29 15:42:27,False,0.4763,0.001511,20.0,0.0302,0x8e...40cd,https://bscscan.com/tx/0x55af279da23ffabd1c331e82ba262e512bbfaede5028ea91563f56173b5b50a3
2023-03-29 15:42:18,False,0.4789,0.001512,41.9334,0.0634,0x1b...5c50,https://bscscan.com/tx/0xe36e390d9be3d34294072de46056b0562a130dd14361b5b717ff775171ff3a41
2023-03-29 15:40:45,False,0.4789,0.001512,10.9541,0.0165,0xe6...d03f,https://bscscan.com/tx/0x0661d86117cf162b2e76824586790a7abc0fe41a13a65c5a565386f2610788e4
2023-03-29 15:39:54,True,0.4787,0.001519,2730.7,4.15,0xd4...65ec,https://bscscan.com/tx/0x6b3374b8f8c64dffb677c85298c8af7c8b1233b71187d6d4ba10f710d5ce5f91
2023-03-29 15:38:03,False,0.4787,0.001512,1743.01,2.63562,0x45...5b6e,https://bscscan.com/tx/0x327e0d7cce795a3cb5f87e1d9b403752b959f33d2a56f82a1812c594fb2490a0
2023-03-29 15:37:27,False,0.4788,0.001512,23.5842,0.0356,0xef...a440,https://bscscan.com/tx/0xd76e8d462999d4375ac9b84e5d8358ab7d978f39bf9c655f7389ecbaafb4c498
2023-03-29 15:33:54,False,0.4791,0.001512,6.75438,0.0102,0xef...a440,https://bscscan.com/tx/0x3bf18d4bf318d4eee06a49a6253c094f2cfbc1c586ed412a88eaa3b8f8bc14a4
2023-03-29 15:31:45,False,0.4791,0.001512,10.482,0.0158,0x43...6085,https://bscscan.com/tx/0x937353cc7cfdc56a16e067e14ea4902210ec95106b6993d442912c7e564df546
2023-03-29 15:27:42,True,0.4792,0.001519,835.3,1.26945,0x00...78d2,https://bscscan.com/tx/0x71d7a9e70c897688b12130759a40b5a361e2b3156f33aa1a7f1646e78b4c8cd0
2023-03-29 15:22:15,False,0.479,0.001512,5.86664,0.0088,0xfb...10aa,https://bscscan.com/tx/0x0a0c19ad4fde76046480aa06687d3bb88a806451213e8d0ace7d60033dc9b1d1
2023-03-29 15:21:15,False,0.479,0.001512,30.605,0.0462,0x34...8793,https://bscscan.com/tx/0x666603903a0bb5f2bd08b6fc9e48e6c7875ae88bdeeb5ce81ea8f9a91ea95f44
2023-03-29 15:18:12,False,0.4767,0.001511,8.05304,0.0121,0x9b...283c,https://bscscan.com/tx/0x0f551a2e7bbf49bd22334ab8f38562c2ff021cd9a00e02ec875f6c96d70df0c1
2023-03-29 15:12:44,False,0.4793,0.001512,120.0,0.1814,0x6b...f5cb,https://bscscan.com/tx/0x620f88d7f43569546729b84d63301087ee1b5297d861fb9913cd284da03dd34b
2023-03-29 15:10:22,False,0.4769,0.001512,209.689,0.317,0xcb...345f,https://bscscan.com/tx/0x9399c5c7a56735dc2e02feb7753d0be73fd03ecdb67c6c54e01944f2ddaf1063
2023-03-29 15:06:22,False,0.4768,0.001512,16.6262,0.0251,0xb9...9fd3,https://bscscan.com/tx/0x3ca0ed13cfc20061ac5a6787b522d8fce4a87e62dd935288b5d9a284e0e7b9dc
2023-03-29 15:05:04,False,0.4792,0.001512,11.8026,0.0178,0x50...3c0c,https://bscscan.com/tx/0x9c2daa0a4011ec5b86cf07e58a7a2f1dca826dcb7f28e882943b472005be8ff4
2023-03-29 15:04:37,False,0.4792,0.001512,18.4708,0.0279,0x12...1ebf,https://bscscan.com/tx/0x7249cc7442ff8ac7128624fd2a4a9018f6c346fa98836699c72ff46e56f530b6
2023-03-29 15:02:16,True,0.4792,0.001519,1974.15,3.0,0xb0...ff7c,https://bscscan.com/tx/0x46150f87d990605fe3fdd595ab653ed736127131f63df9e8e2a8facc03ea1360
2023-03-29 15:02:13,True,0.4791,0.001519,2632.69,4.0,0xb0...a41e,https://bscscan.com/tx/0x77dac6ac4371e27c349bc2f903b8ae18c5c0612a267fb8d6fe759403d00383c0
2023-03-29 15:02:07,False,0.4767,0.001511,183.242,0.2769,0x7f...3696,https://bscscan.com/tx/0xbce5957adc538b94459a670da78a2a2c449380a95968f74b9e4f6590ef745037
2023-03-29 15:02:04,True,0.479,0.001519,1856.07,2.81957,0x03...9fa1,https://bscscan.com/tx/0x75d92b20d7f40f2b71e1d1371dd7514198eb1b547599052e5751994af4b3427c
2023-03-29 15:02:04,True,0.4789,0.001518,8001.7,12.1506,0x83...6678,https://bscscan.com/tx/0x24ca3b2cbcb62f47f487bd8340d71b7142786e66ad888262bf8f93e8d8055523
2023-03-29 15:02:04,True,0.4787,0.001518,856.41,1.3,0xa9...664e,https://bscscan.com/tx/0x8e9e6fb5f7b71b06bb57f7cf618236caa14e71449546d6907e3ffd907a4cb7fe
2023-03-29 15:02:04,True,0.4785,0.001517,6243.62,9.4749,0xd8...bcda,https://bscscan.com/tx/0xfcf1aa30eed890454b4057e4cffe3ba3faf0745b3a2eba35fb01756e00a0f6a0
2023-03-29 15:02:04,True,0.4784,0.001517,1783.9,2.70625,0x3b...290a,https://bscscan.com/tx/0x89c06161de788fcc9b72fb60adc441486730e63158e361b4e6fc4cb2c9886a51
2023-03-29 15:02:01,True,0.4806,0.001516,6593.99,10.0,0xf2...bfcf,https://bscscan.com/tx/0x78b63880a2513feab2748cc783b2f3388cb54f16e9c971308f45abde82e44b80
2023-03-29 15:02:01,True,0.4804,0.001515,6597.48,10.0,0x03...9fa1,https://bscscan.com/tx/0x8deb07b7a960446fb4be99de9b9912682d51fbd076f9510cbf456f6063610f0a
2023-03-29 15:02:01,True,0.4799,0.001514,20864.8,31.5906,0x11...a5bc,https://bscscan.com/tx/0x5b3ca2762c7e50c55b5b3f7d692076f5d11c792dbd50c63edcc486e8b0bf62dc
2023-03-29 15:01:58,True,0.4794,0.001512,1226.6,1.85551,0x00...78d2,https://bscscan.com/tx/0x584182d4f7004d71c2485f6481db3ea81a27ba1bad2e7e3f069fc0ea92709e23
2023-03-29 15:01:55,True,0.4794,0.001512,529.9,0.8015,0x00...78d2,https://bscscan.com/tx/0x430afbf2ed93153f006efc33020d4defa128ad57e62ea0fb8e0c28e4bbf7f419
2023-03-29 15:01:52,True,0.4794,0.001512,452.6,0.6845,0x00...78d2,https://bscscan.com/tx/0x96fece327e0c2e1c47117c2e0b3946501df8931e4d9a9a4d9e01d9087f3c34b9
2023-03-29 15:01:49,True,0.4794,0.001512,326.6,0.4939,0x00...78d2,https://bscscan.com/tx/0x819583469983fb9e8b3de5594ca9a7695c324aa49a9ce89a6b3121b6ca70be1f
2023-03-29 15:01:40,True,0.4792,0.001512,6613.36,10.0,0x8d...1b76,https://bscscan.com/tx/0xa0f35ff0d63526209658973560286070274820941983cfcdc7a07fe57e1adac4
2023-03-29 15:01:31,True,0.4766,0.001511,2315.51,3.5,0x3f...573a,https://bscscan.com/tx/0x7c25e657a23cafcdcb78338beef76de46e22eab084847e3d64515082c350e4d4
2023-03-29 15:01:22,True,0.4765,0.001511,2315.93,3.5,0xf2...bfcf,https://bscscan.com/tx/0x92c4fccb672422e0762bd3505af90aade83b9b9fb874b593df99e34884dad8fc
2023-03-29 15:01:19,True,0.4788,0.00151,4161.67,6.28777,0x00...78d2,https://bscscan.com/tx/0xa1f8394b1f89eda62935ef23cb4c5ca0e5d58d5468faafd17239e1197a9cacc6
2023-03-29 15:01:16,True,0.4787,0.00151,2317.14,3.5,0x8d...1b76,https://bscscan.com/tx/0xbcddb3aa120dd050f3e96c1b39c9e4c1610cf27f7838d049b41126ef9a27c799
2023-03-29 15:01:16,True,0.4785,0.00151,4183.43,6.31737,0x00...78d2,https://bscscan.com/tx/0x726dfb1b924986efb3ec7dd80fbe14a4b4f1962ce2a5eafca20a87993e09983d
2023-03-29 14:56:07,True,0.4781,0.001509,20.8785,0.0315,0x0e...96cc,https://bscscan.com/tx/0x3c1be768e2ea55ffdb156af64427be7f89f73dd10b49f4be76926e762701eb83
2023-03-29 14:53:43,False,0.4757,0.001502,10.0,0.015,0xe1...d5fd,https://bscscan.com/tx/0x74ef36bb06492920dd7f3be2f12c86964eed33aa9cfc894399f41a6ba3dc260c
2023-03-29 14:52:49,True,0.4756,0.001509,2318.34,3.5,0x52...1c7e,https://bscscan.com/tx/0xd9a29b8824c232bbdc4c88099640ab0bb50e503c4f70e67d96da7a9c309fded1
2023-03-29 14:52:49,True,0.4755,0.001509,1535.07,2.31714,0x62...1f10,https://bscscan.com/tx/0xce9b1589730ea0d910e452ef9693c0a86cc3d4bb176b55f3b00da9675f33c0d2
2023-03-29 14:52:43,True,0.4778,0.001509,2319.06,3.5,0xda...6e1f,https://bscscan.com/tx/0x5838b562985b057ffb5634d4a7c9f7f547a926906c30c9321407da47ac3ff2e0
2023-03-29 14:52:43,True,0.4777,0.001509,2319.49,3.5,0x8b...88f6,https://bscscan.com/tx/0xdf6a7dfba1ec427df4181ed958a4ac533fa88de0d30a59afb8138979504c5bfe
2023-03-29 14:52:40,True,0.4777,0.001508,2478.4,3.73907,0x00...78d2,https://bscscan.com/tx/0xc1fb539f89ada22a77fe86e5d11a8c0c86fbaaa373038487e2fd92ef127bd2f9
2023-03-29 14:52:37,True,0.4776,0.001508,2320.38,3.5,0x62...1f10,https://bscscan.com/tx/0x72d36bf0342120b542d9948f4bea04c86dbe056cc4420bfb632f573c553b2657
2023-03-29 14:52:37,True,0.4775,0.001508,2320.81,3.5,0x52...1c7e,https://bscscan.com/tx/0x378ec5947d210c38bee222c1b42464e7932fa4799b9db7eb109a2d85847a520f
2023-03-29 14:52:19,True,0.4774,0.001507,2321.24,3.5,0x8b...88f6,https://bscscan.com/tx/0xc469b38c0eabdd595b8a205f3258888a7c235a89cfcd8d3f9b66046338fdcf1f
2023-03-29 14:52:13,True,0.4773,0.001507,2321.67,3.5,0xed...4f31,https://bscscan.com/tx/0xfb341831213831a36ebf1496aa4f8b4fca09622e2471e0c8a5cef776fa3e73e7
2023-03-29 14:52:07,False,0.4749,0.001499,64.7445,0.0971,0xcc...2a4c,https://bscscan.com/tx/0x03205bd63fa7b80e7d9d24f8a87ec4659cd42abe9f1617f4f10af0dae845a82b
2023-03-29 14:48:07,True,0.4775,0.001507,3317.41,5.0,0x62...1f10,https://bscscan.com/tx/0x1fe8626927090b3c160bb7971f95ffb7fa62955a91b9c99c4eda1f1e04eebbe0
2023-03-29 14:48:01,True,0.475,0.001506,3318.29,5.0,0x91...79fe,https://bscscan.com/tx/0x0a32f4f97503962715afbcc677ec38ad18b450dc392b75179bdfc4ca4152208d
2023-03-29 14:48:01,True,0.4749,0.001506,3319.17,5.0,0x8b...88f6,https://bscscan.com/tx/0x9271fc8e064a022786f61990fd3a2bbfce1cc0280a4932e556e203f33d58b962
2023-03-29 14:47:52,True,0.4747,0.001506,3320.05,5.0,0x91...79fe,https://bscscan.com/tx/0x3a52c9af881f671d88344d37fb7180c2b15621e29c605604c9ee3da082b3ff77
2023-03-29 14:47:52,True,0.4746,0.001505,3320.93,5.0,0xed...4f31,https://bscscan.com/tx/0xf64496f707c2d15e56838181e44e40008f2214a343f0239af9cfae1a6b9058ed
2023-03-29 14:47:40,True,0.4745,0.001505,3321.82,5.0,0xda...6e1f,https://bscscan.com/tx/0x3f4d04d4b632032138067a7a6de28748ad1741350b6a23500f2a30090ddb9f55
2023-03-29 14:47:40,True,0.4744,0.001504,3322.7,5.0,0x8b...88f6,https://bscscan.com/tx/0xccc2e17391089559b5dbde16712a0dfbfe60fbd62c1c393782576bd2d306d1b4
2023-03-29 14:47:40,True,0.4743,0.001504,937.837,1.41102,0x0c...8533,https://bscscan.com/tx/0xa43f9228f6d03fa209753ec792d2a61d1c20655431405a1c6f6fc5eca7de9058
2023-03-29 14:47:13,True,0.4742,0.001504,2326.59,3.5,0xed...4f31,https://bscscan.com/tx/0xe8d5582210c8e6f46e458c3058dffbbca0539150ee3da41f3469b4de56a6ccc0
2023-03-29 14:45:28,False,0.4742,0.001496,14.508,0.0217,0xe1...d5fd,https://bscscan.com/tx/0x8a789f9eefa1f241295e16141476b8ce80d3b56e1323295a5a8909db561610cb
2023-03-29 14:41:46,False,0.4728,0.001497,6196.5,9.27659,0xd8...bcda,https://bscscan.com/tx/0xb2f641a373f56422a240deb2ca2fb4ce329a992b461bf55c946f53847a845fca
2023-03-29 14:33:07,False,0.4728,0.001496,300.0,0.449,0x2b...0c3c,https://bscscan.com/tx/0x13d307d89749d71ae4b6a505a57290378b9590be4e5f9d8a3a6fc4ac442523f0
2023-03-29 14:28:10,True,0.4779,0.001505,148.961,0.2241,0x6f...c9af,https://bscscan.com/tx/0xaa0c6e5cf743a85e0d3df9c42a4aef6f7ac55f934c91e2cd401993fe976eb143
2023-03-29 14:27:31,True,0.4778,0.001505,200.093,0.3011,0x48...8f66,https://bscscan.com/tx/0xed5ee964c4fd75164151d4431a416e81c53e9213aa39413a672a0f9ed8ab871b
2023-03-29 14:27:16,False,0.4728,0.001497,172.097,0.2577,0xa9...ad8b,https://bscscan.com/tx/0x40a6637fae0d23c217e62016fd1af67c1ee27d0d8fb1799946a52a49c02f48df
2023-03-29 14:26:58,True,0.4754,0.001505,59.9149,0.0901,0x13...5d16,https://bscscan.com/tx/0xfeef6f34933240c592f651035a048eaadd0013626b7734615cc986613723633c
2023-03-29 14:26:13,True,0.4777,0.001505,104.907,0.1578,0xbc...b6f6,https://bscscan.com/tx/0x91d6f0df769d0555d4395f45ad42ee02dc2bd64004e552f371c51b0af90d832d
2023-03-29 14:25:33,True,0.4776,0.001504,74.6781,0.1123,0xac...6e38,https://bscscan.com/tx/0x8b5475b0be458e996d252c920ac5089b25e94d3dd04e36787c747fdfb9ab435b
2023-03-29 14:25:27,False,0.4729,0.001497,1395.32,2.08951,0xda...6e1f,https://bscscan.com/tx/0x5a31c523a8f2f9f06b07b604db7e43b79f87a5ae3803ab1ad8c76838ba78bac7
2023-03-29 14:25:18,False,0.4729,0.001497,1855.87,2.77954,0x62...1f10,https://bscscan.com/tx/0x7918e48dbb18ce774aa329a36575f149112a84b0ebfae82f2e769e49c9b2c343
2023-03-29 14:24:47,True,0.4777,0.001505,104.463,0.1572,0x7f...5c9f,https://bscscan.com/tx/0xeed4e6d6c80f6ec97ebf82ada513023ccba5c853b2ad2161a7b8cf8bcfe768fe
2023-03-29 14:24:05,False,0.473,0.001498,3439.56,5.15248,0xed...4f31,https://bscscan.com/tx/0x448d4704e9f856fb89843863aa36a98a2acc90b7e4b71b2893552cfeb0333422
2023-03-29 14:24:05,False,0.4731,0.001498,4077.89,6.11054,0x91...79fe,https://bscscan.com/tx/0x7ec247c2cf97004bdd1cd82400ee763b29d359a908ba0fcfcbfb6fbe8113f84b
2023-03-29 14:23:13,False,0.4757,0.001498,1351.86,2.02615,0x3f...573a,https://bscscan.com/tx/0x4915b105fb0e00ae09e201eb80e63e327ce10764a4c9e3eb87179fbb0f663535
2023-03-29 14:23:13,False,0.4761,0.0015,20068.2,30.1036,0xed...4f31,https://bscscan.com/tx/0x6947a918386ec59c9584590bf1f092ce47931c420346a8cae9a68a60a058d7f9
2023-03-29 14:22:04,False,0.4769,0.001502,16823.5,25.2735,0x11...a5bc,https://bscscan.com/tx/0xe126116b0ba6c386783a94a7033a9efcdba6bee83b74e0be50d92a74a1715c8d
2023-03-29 14:20:39,True,0.4775,0.00151,2316.83,3.5,0x03...9fa1,https://bscscan.com/tx/0x881768696880cfa87ea850c737717750f2540c3da0e405be4c42c7dd61909b87
2023-03-29 14:20:39,True,0.4773,0.00151,8001.7,12.0831,0x83...6678,https://bscscan.com/tx/0xdb2c9a18e0f41ebc58fe182185752ac2894c8bd096f2b1c678f6c50b13fcb6d7
2023-03-29 14:20:39,True,0.4771,0.001509,3975.25,6.0,0xb0...ff7c,https://bscscan.com/tx/0x666a21bf9e773071bc1f9a99095aa9fe801ba642f99f01e2c13b00c68fe0b140
2023-03-29 14:20:36,True,0.4769,0.001508,4183.8,6.31271,0xef...51dd,https://bscscan.com/tx/0xc223d67093cdb24a0cc608e332e97e599c3be2ffc7d4aea87a6e16c4de5fe28d
2023-03-29 14:20:36,True,0.4768,0.001508,2320.26,3.5,0x91...79fe,https://bscscan.com/tx/0x0a65f0dbfa4a1ec918352ef38cd0ffdd8e9d0ec3c28dd3f9ab1bfe14de5c7c0b
2023-03-29 14:20:36,True,0.4766,0.001508,5790.38,8.73168,0xd8...bcda,https://bscscan.com/tx/0x8ce4aa5e455ee30b7a80d7506d0bdffc7baae19c12208d6bcbaf94fcfcabc5a2
2023-03-29 14:20:36,True,0.4765,0.001507,2321.77,3.5,0x3f...573a,https://bscscan.com/tx/0x46f4cf7428f1467a648e9738bf4fb99390fda5050dc26c75586b3946017d8493
2023-03-29 14:20:36,True,0.4764,0.001507,2322.2,3.5,0x03...9fa1,https://bscscan.com/tx/0x55c1db0835d807d50e42d2fa57fea51cf8a6ec8c0d27ca8fe4afa8b7908fa099
2023-03-29 14:20:36,True,0.476,0.001506,16823.5,25.3368,0x11...a5bc,https://bscscan.com/tx/0xb26de3038c532dd599dc3ed6ee9b3415dd564734d1f0aaf9d230cd34694c8c4f
2023-03-29 14:20:36,True,0.4759,0.001505,3933.81,5.92254,0x10...0000,https://bscscan.com/tx/0x6db7b768d927a2c7a913a3a0a5e3576fbad6d149fa6ae574e9e39e7dafdd2697
2023-03-29 14:20:36,True,0.4755,0.001504,1801.1,2.70966,0x3b...290a,https://bscscan.com/tx/0xaea56c1d86e4433cbbfcd700748ac52a8a5c58c8a0806ee170c4d78deb128d05
2023-03-29 14:20:36,True,0.4753,0.001503,9309.88,14.0,0xb0...a41e,https://bscscan.com/tx/0x79ae6604fe7b64f297998f96d6854aaa9b3c132216e06dbfdd3d7228aab17fc0
2023-03-29 14:18:54,False,0.4756,0.001495,60.0,0.0897,0xa9...ad8b,https://bscscan.com/tx/0x790216d353399a9087c2044f931f8db06f46024f4123cde22b9820fbf31343a4
2023-03-29 14:06:47,False,0.4762,0.001495,8.6493,0.0129,0xa9...2c25,https://bscscan.com/tx/0xed6aa4e6529b40aad3898e5b529e0c17edd2a1e207e461eddc783bd77391ed73
2023-03-29 14:02:37,True,0.4763,0.001503,3195.9,4.80355,0x00...78d2,https://bscscan.com/tx/0xe27d14485b9c4e88d30ec35f518eecb95578758c09756c044e3a581b78d14ab0
2023-03-29 14:01:42,False,0.4762,0.001495,15.5,0.0231,0x2f...fec4,https://bscscan.com/tx/0x894713d456a28c2c616debba3063651f99530d58902bdb9a79d476e6a62bbc16
2023-03-29 14:00:14,True,0.4786,0.001502,1074.8,1.61519,0x05...7eea,https://bscscan.com/tx/0x6c6a24d9dbcd3032997959072a6fe564ee9e9710977f3e1574b227fff4b2eff6
2023-03-29 13:59:56,False,0.4762,0.001495,92.4117,0.1381,0xfc...4334,https://bscscan.com/tx/0x56ec0621dca4ca2cce53c65d12e25d77107c282d5e4f934a64ac1665e2723cb0
2023-03-29 13:56:50,True,0.4785,0.001502,506.8,0.7615,0x00...78d2,https://bscscan.com/tx/0x7bf11d56fc7e71daa0ca609f4f7fb9fe2ae229f12c69f13e8fa8884e8001cf7f
2023-03-29 13:56:47,True,0.4785,0.001502,543.3,0.8163,0x00...78d2,https://bscscan.com/tx/0x864a366b8d336fe2b6e880053440a15d2632f49e12aed7431395c1a3602fe8a0
2023-03-29 13:56:38,True,0.4785,0.001502,45.0,0.0676,0xdb...3059,https://bscscan.com/tx/0x4aeffa44347fbcfdef49e57aec97705a1c3efbf45ee0199b67f4d633a841f5f0
2023-03-29 13:56:38,True,0.4785,0.001502,455.0,0.6836,0x00...78d2,https://bscscan.com/tx/0xed7b97a2d8f12cf170ceab83cf501715d05e4492947d176423be891c0f79c00a
2023-03-29 13:56:14,False,0.4761,0.001495,56.7,0.0847,0xa1...55c3,https://bscscan.com/tx/0x833f56da523e98841ebf130de1fb964d891047e406d75f309e02c9fbec09b26e
2023-03-29 13:55:56,True,0.4785,0.001502,2329.59,3.5,0x8b...88f6,https://bscscan.com/tx/0xf339d8215b64471692d50f3e66d5a02cb7efe2be393e236ee2323f3c86304f08
2023-03-29 13:55:47,True,0.476,0.001502,2330.03,3.5,0xed...4f31,https://bscscan.com/tx/0xffe8fe293eb5c105ef16a3c1126b420956b2cefd87482335a3488671d749fe99
2023-03-29 13:55:38,True,0.4783,0.001501,2330.46,3.5,0x8b...88f6,https://bscscan.com/tx/0x2013a3d389ba87ea00db800949790dbae3a8e9d3c9aaf34c297d75561aa1bb2c
2023-03-29 13:55:38,True,0.4783,0.001501,738.8,1.10943,0x00...78d2,https://bscscan.com/tx/0xe6c9c7c0cea2f4d39e08b3a8a3fe2343b676a3db0172f988c2434102cb0c9c76
2023-03-29 13:53:35,True,0.4783,0.001501,2331.03,3.5,0x8b...88f6,https://bscscan.com/tx/0x723ccaf8c315c2214b6bde57e00a706480f3689f747bb3243bc50eaf87c5f02f
2023-03-29 13:53:14,True,0.4783,0.001501,15.0,0.0225,0x6e...3797,https://bscscan.com/tx/0x4cf69e019a604e7c11674cc1bd38a586db30cebff99afa76b138af203b13ebbf
2023-03-29 13:48:59,False,0.4756,0.001493,7.07905,0.0105,0x9b...f3fd,https://bscscan.com/tx/0x777feb749ea93f5f9d7c8be3ecd1dadc1d70e7042d693fc00a0f22fdf87f5519
2023-03-29 13:48:08,False,0.4759,0.001493,1689.25,2.52365,0x77...b1a8,https://bscscan.com/tx/0x29e515898968e6b3a5510e2fc7e1c810518460677c60300be6d48caf241d52c8
2023-03-29 13:47:02,True,0.476,0.001501,558.6,0.8387,0x00...78d2,https://bscscan.com/tx/0xcaab08dd2c545e7525b535e03ae1647910f843014516a8e7308f749a42f2b524
2023-03-29 13:44:35,True,0.4782,0.001501,2331.26,3.5,0x8b...88f6,https://bscscan.com/tx/0xf5fda1b3e61f8c8d23f6e8b2d9d38e1957417770abc6f9491721a6f5a58d69c9
2023-03-29 13:44:35,True,0.4781,0.001501,2262.16,3.39565,0xda...c952,https://bscscan.com/tx/0x6123dba1c3bf70d3dda40af9336ab04601799dce476ecd7ebe2d3b0fbdb37775
2023-03-29 13:44:35,True,0.4781,0.0015,872.6,1.30966,0x00...78d2,https://bscscan.com/tx/0xfd494fb1d824e2f9c873c5a0f48c0b6f728ee52c42a30b2ef290caaee2550e06
2023-03-29 13:41:08,False,0.4755,0.001493,6.0,0.0089,0xec...def9,https://bscscan.com/tx/0xb2c3ec8fded690598723071d124b1e41ce147340dd074e867880c3f5c028daba
2023-03-29 13:40:56,True,0.4779,0.0015,1181.0,1.77239,0x00...78d2,https://bscscan.com/tx/0xc57aaec6cb21f760c20807314dc5cc2f4717b74a9a0ad0536756c35a05059f81
2023-03-29 13:40:44,False,0.4755,0.001493,3.72,0.0055,0xec...def9,https://bscscan.com/tx/0x93325e790132edd371d3a7180419acade761ec49c1e43c04dd0fd061bebc5a41
2023-03-29 13:40:26,True,0.4778,0.0015,34.3769,0.0515,0x57...a83e,https://bscscan.com/tx/0x1acece191303c600c6390cc1a52193e750bef5ff9c03f4133f6fbe4f1d15f384
2023-03-29 13:40:23,True,0.4778,0.0015,2332.5,3.5,0x8b...88f6,https://bscscan.com/tx/0x0555b67599367c5c75ff6be11c94a600759d7b64d03d38610280cdff7434792a
2023-03-29 13:40:23,True,0.4777,0.0015,2332.93,3.5,0xda...c952,https://bscscan.com/tx/0x327f89caa5b55980cff02032372eaa8be09dfc140103e8d5650046eaded21c17
2023-03-29 13:40:23,True,0.4776,0.0015,1497.7,2.24659,0x00...78d2,https://bscscan.com/tx/0xb8654a31a8aea2a09f88471589eb621715dd1776436bb6341f855f458ad3cb10
2023-03-29 13:32:26,True,0.4773,0.001499,3333.91,5.0,0x91...79fe,https://bscscan.com/tx/0xdbee24ebfb487d287c97c0e2f3ee3fec5146f375264ed8d8841a74d4fd2d64c7
2023-03-29 13:32:26,True,0.4772,0.001499,2334.27,3.5,0x8d...1b76,https://bscscan.com/tx/0x695b0026d08bdcf4d8b77ddad06a4fc93d00a098f66d75664d1bb464a2d3196b
2023-03-29 13:32:26,True,0.477,0.001498,6201.88,9.29593,0xd8...bcda,https://bscscan.com/tx/0x775f41b5f6c90764744f32c1a1066b79e5e1c60c47c07fc4c7feb01a5fdc5d2f
2023-03-29 13:32:26,True,0.4768,0.001498,4187.58,6.27411,0x00...78d2,https://bscscan.com/tx/0xcdde7441254346313c556d28c15ecfe898b4edb0947740fafbe02dff5f03c171
2023-03-29 13:32:26,True,0.4767,0.001497,2336.64,3.5,0x0c...8533,https://bscscan.com/tx/0xe9c8887e24b7b3407bce1d194d39ebd9e7006a5219d2819ebdbd4f71aae8c0d1
2023-03-29 13:32:26,True,0.4766,0.001497,2337.07,3.5,0x62...1f10,https://bscscan.com/tx/0xa8faafba522040b26f10ba905fb3aa1a5d4c4498d8dd800e9d541bf8087e6892
2023-03-29 13:13:53,False,0.4739,0.00149,301.445,0.4491,0x13...1236,https://bscscan.com/tx/0x327711bcc10cea8e8c2de6536b5b790a7dbb14e17cf69d293f4ceddcb6f10a33
2023-03-29 13:09:26,False,0.4739,0.00149,1138.94,1.69712,0xec...c760,https://bscscan.com/tx/0x9391fb78b261c4b9eaa8bc176eca40dcf9ba67b67af6ddec05915fb660362075
2023-03-29 13:09:08,False,0.4716,0.00149,50.5775,0.0753,0xb4...6d63,https://bscscan.com/tx/0xc75ca1685db31c118046e4b8ffd4cf8a52ed40ca3e8d9d36f98e9e360524eeb4
2023-03-29 13:08:44,False,0.474,0.00149,14.8575,0.0221,0x52...8d7e,https://bscscan.com/tx/0x74acb65837322519871648d6566c5eebd22a0b3cfe4c1fd5645fca674c4aaebb
2023-03-29 13:01:16,False,0.4745,0.001489,6.56772,0.0097,0x09...7761,https://bscscan.com/tx/0xfa6d55afaed941c2ff2a6b03470151c625c4ac04597fc3fda0c84732839ede58
2023-03-29 13:01:07,False,0.4748,0.00149,31.7584,0.0473,0x42...21fd,https://bscscan.com/tx/0x921e9f8271ef301833bb5aeae9e760a1c7166c87cdcde048755175187271472c
2023-03-29 12:51:48,True,0.4769,0.001497,1918.4,2.87286,0x00...78d2,https://bscscan.com/tx/0x128ab03f4582ebb33a1ef0a2c913b1d5c56773e840b27b7f01eff14b689e9f30
2023-03-29 12:49:51,True,0.4767,0.001497,790.785,1.1841,0x35...aca7,https://bscscan.com/tx/0x199f48678bd4e8c24af7da578f7cb193de7f59a595619bd082592658478ba0ff
2023-03-29 12:46:21,False,0.4743,0.001489,390.808,0.5822,0x23...1546,https://bscscan.com/tx/0x4adf630dbd77547a928476d86b09a11b7d72b43df2147f62b82567616e1b9634
2023-03-29 12:40:03,True,0.4766,0.001497,1052.2,1.57546,0x00...78d2,https://bscscan.com/tx/0xb111d7baf90af594887e14866d8d63ebc5c2905c26f38e44de764dce5646c9e4
2023-03-29 12:37:06,True,0.4745,0.001497,1422.5,2.12971,0x00...78d2,https://bscscan.com/tx/0x732ea9942f3213f0a9227cb23158f530f3f6c9c632f712d7a5573ed54a9ca2d4
2023-03-29 12:37:03,True,0.4744,0.001497,1950.4,2.91966,0x00...78d2,https://bscscan.com/tx/0x85964ac51d59629c6b4435b92d2846246b5f301bb750d717b9bbf1f5ffe337f8
2023-03-29 12:36:45,True,0.4743,0.001496,590.2,0.8834,0x2c...015a,https://bscscan.com/tx/0xdbca10af1d3515ff82c12a057cfa1fea306aa31858bcca44afed96469fb47e9e
2023-03-29 12:36:06,False,0.4719,0.001489,20.0,0.0297,0xe5...8073,https://bscscan.com/tx/0x5deeb355052a70c77fb19cb88628678f93ccf262414df260d13d6ce4480b797e
2023-03-29 12:35:54,True,0.4766,0.001496,327.8,0.4906,0xaf...847e,https://bscscan.com/tx/0xc799c62bed705600afd9565c765a43f8f16455edd3e105b876b71e1fbc52ace9
2023-03-29 12:35:51,True,0.4766,0.001496,2338.65,3.5,0xda...6e1f,https://bscscan.com/tx/0x34b964d3a43c880147a80f703b5ff62a0c0420643e9fbef6c7b76cda70cf89f1
2023-03-29 12:35:51,True,0.4765,0.001496,2339.08,3.5,0xda...c952,https://bscscan.com/tx/0xdc89eebda5ab919d2bd11bf443cfbf3319bfcac19fa5877d9b1935f0c01546a9
2023-03-29 12:35:51,True,0.4764,0.001496,2339.52,3.5,0x3f...573a,https://bscscan.com/tx/0x00cf593c52ca2962b6984dc7f74fa8c28fcf59c0d5831799e8f543e721158aca
2023-03-29 12:35:51,True,0.4763,0.001495,2339.95,3.5,0x8b...88f6,https://bscscan.com/tx/0xb313da8950078da2df14bb5d3df3caf90f01258f9867ed5f65383df6a9e4943f
2023-03-29 12:35:51,True,0.4762,0.001495,4187.82,6.26233,0x00...78d2,https://bscscan.com/tx/0xaa5a91bf15f469cd83339b011b847d07f21659576da953467784fef50d1c5616
2023-03-29 12:33:00,False,0.4711,0.001486,10.0,0.0148,0x09...f3c6,https://bscscan.com/tx/0x6175f27919c087795c700e1eb45bc55468960c25085d2ae0bb03bbcd50134306
2023-03-29 12:30:39,False,0.4738,0.001487,452.311,0.6728,0xe5...6f0c,https://bscscan.com/tx/0x6d54d67a45cfa07788211393799340b9f6ceb746b5073b0fd9ad4db749f126f6
2023-03-29 12:26:38,False,0.4716,0.001487,13.3974,0.0199,0x94...1020,https://bscscan.com/tx/0x8297f606bdedf98b892ce4c66fb0b4b3b8b204d46e0d69a625dfaeeabf272e2f
2023-03-29 12:26:14,False,0.4714,0.001487,5.0,0.0074,0x5e...1cfc,https://bscscan.com/tx/0x9e4767852965c2fc74db33ebb260ced718189200364686c67bfc5c1a00c94e79
2023-03-29 12:23:29,False,0.474,0.001487,5.48951,0.0081,0xe3...d785,https://bscscan.com/tx/0x8a1680076a25bad853edcadead751ce76131a70e9de6913740e22a0cbf6a42b1
2023-03-29 12:20:14,False,0.4716,0.001487,11.6961,0.0174,0xe1...2cc9,https://bscscan.com/tx/0x23ea0e7f87a9e1aa5e527ca3a814114ac4a34a5a42588203a0b1c940b3025f68
2023-03-29 12:10:26,False,0.4739,0.001487,7.81042,0.0116,0xae...7ec5,https://bscscan.com/tx/0x1c7a76191e9baad0f2d893934a7b79f9318989ea774100dd817557241eecf341
2023-03-29 12:07:23,False,0.4741,0.001487,896.069,1.33314,0xb6...4073,https://bscscan.com/tx/0xc5ea96c546853e86d355ae6a9eaba09e4e3ff410c53a33837c5b9d9a51590f2b
2023-03-29 11:52:56,False,0.4727,0.001487,120.777,0.1796,0xa3...06d4,https://bscscan.com/tx/0x99d65dde8a48ad98a400dbdff80e42286b7056034c5be710cf4d5aa0b040de38
2023-03-29 11:50:36,False,0.4729,0.001487,5.07663,0.0075,0x11...0e25,https://bscscan.com/tx/0xdddc8214281af897c35a153635ef1141bb207fdbd12023e0781c448fd9175ad9
2023-03-29 11:47:39,True,0.4776,0.001495,171.983,0.2571,0x1f...e079,https://bscscan.com/tx/0x7232be5ba06d4843c241b392b25ea6b9d06ff41791ebf975856089867ea07f1f
2023-03-29 11:43:15,False,0.4729,0.001487,224.317,0.3337,0xc4...de76,https://bscscan.com/tx/0xfa7efb8544c5cfe5ccf1b2b72d2bf39d588566e04b85163eb82bc60c299ee0b8
2023-03-29 11:42:36,False,0.4751,0.001487,8.0,0.0119,0x5a...1d9b,https://bscscan.com/tx/0xf56aa72c20069d351d9783c30e7e9384b1e10488e7039718dbdc8e27ecf2f14f
2023-03-29 11:38:51,False,0.475,0.001487,6.0,0.0089,0x94...34d1,https://bscscan.com/tx/0x48bd421c42ec7ceb819e88679fbe6231786cfe8af669f3fd7133b81c539c66c3
2023-03-29 11:34:57,False,0.4727,0.001487,5.33,0.0079,0x94...34d1,https://bscscan.com/tx/0xb51148911fac46b18e7ae8d17bca36d8dbffcfefa5ee9b6baa9f018caa4d3b58
2023-03-29 11:32:02,True,0.4774,0.001495,1.0,0.0015,0xee...8089,https://bscscan.com/tx/0x5f820c6591b01e672ed6be5a631f1f060fb33e5281386ae53432b37924cdd549
2023-03-29 11:22:40,True,0.4772,0.001495,775.4,1.15943,0x3a...231f,https://bscscan.com/tx/0x8aafcdf71e0a0201d7446cceeccffe44f9d2052125f103478d7ae301e74ac03a
2023-03-29 11:22:37,True,0.4771,0.001495,2467.45,3.68901,0xc3...157a,https://bscscan.com/tx/0x96bdd0f397a44d6220d4bdac3cb8afc47da706858640948e543f491caf88e04e
2023-03-29 11:22:37,True,0.4771,0.001494,2268.1,3.39032,0x00...78d2,https://bscscan.com/tx/0xe4754863d5fc2cf0cc4b3b83d942faa1fe37ba87b3321a466955e8e272ced2ad
2023-03-29 11:17:36,True,0.4747,0.001494,68.7686,0.1027,0xc2...0000,https://bscscan.com/tx/0xdeebf7e88715f23ee140a57c756479ab37acbd6643316cb3002a615c0c0f457f
2023-03-29 11:06:36,False,0.4746,0.001487,147.972,0.22,0xf0...b655,https://bscscan.com/tx/0xee86ad9d7de2eed549a95951b5c909373b28ef9df52ebceb5fcb0bbcc16ea8a2
2023-03-29 11:02:09,False,0.4726,0.001487,39.692,0.059,0x98...b446,https://bscscan.com/tx/0x1ff8bc48bd58ef2c3f90da743a405b31974d96b58f1323218319bfcec319ab10
2023-03-29 11:02:09,True,0.4749,0.001494,4189.14,6.26031,0x00...78d2,https://bscscan.com/tx/0xd2d9a5f9bd9d0d88e9f1dd923bb66dccda2a95e266a0379355a715411bb01ef7
2023-03-29 11:01:06,False,0.475,0.001486,49.6528,0.0738,0x20...9850,https://bscscan.com/tx/0xea56903296e706f8b063c96cf545125dcd31d3275f2d302b730ccacd2e25fce3
2023-03-29 10:56:21,False,0.4749,0.001486,22.9799,0.0341,0xef...a440,https://bscscan.com/tx/0x60d6f853d538a18e25f76c6fb03fddc1a307835968a8ce1400c73748af4b3833
2023-03-29 10:51:12,True,0.4753,0.001494,17.0,0.0254,0x3b...305f,https://bscscan.com/tx/0xd4fd4e1af400414023177c4b34e329481344390e3c01a9df9586ff03dedf04c8
2023-03-29 10:40:41,False,0.473,0.001486,1847.91,2.74751,0xaa...6ddd,https://bscscan.com/tx/0xa4e681c934bbad0d6728d4004cf180abf21cc4be6ce3289004ca9f158c1ade4c
2023-03-29 10:37:38,True,0.4777,0.001494,1195.22,1.78605,0xc3...157a,https://bscscan.com/tx/0xd8e236861906b2b66fe5509891406276e8966bb8f764cd1b56b14a2083b7ad90
2023-03-29 10:37:38,True,0.4777,0.001494,792.092,1.18355,0xd3...ec6f,https://bscscan.com/tx/0x2db967694a64ec56968bf3c2465b8917b5981381e5849f286d73f35feb6a49de
2023-03-29 10:37:35,True,0.4777,0.001494,465.074,0.6948,0xd3...ec6f,https://bscscan.com/tx/0x2e1051b5758629a56f9500d9e172517158ebdc9455fe1c857c568e6880064ab1
2023-03-29 10:37:35,True,0.4776,0.001494,1739.2,2.59836,0x9d...6dab,https://bscscan.com/tx/0x95b393e818187570bb228c309751b9d4cf894ca8ded8a5b145d73b13ea54fa52
2023-03-29 10:37:20,True,0.4752,0.001493,2804.69,4.18944,0xd3...ec6f,https://bscscan.com/tx/0x3984dbc8073049160381fed65d070dab39e253d19c7e69dbd9a84e62a3e2f399
2023-03-29 10:36:53,False,0.4725,0.001486,278.604,0.414,0x32...42a3,https://bscscan.com/tx/0x767ea2b30536b5ded6ae7847af3f0353d7eebad26df2e2672d6d543d87e0da47
2023-03-29 10:36:20,True,0.4778,0.001494,278.604,0.4163,0x32...42a3,https://bscscan.com/tx/0x14a818037896b0de8de68419879c0722cb0f93265747990cc5a3a98fb5d0de5b
2023-03-29 10:35:35,False,0.4726,0.001486,185.674,0.2759,0xba...ed05,https://bscscan.com/tx/0x75110e0d6cfba3052bb8e60cbe80d41d5b1f790ad21404874835f6feac53c23f
2023-03-29 10:35:29,True,0.4773,0.001493,1199.0,1.79072,0xd3...ec6f,https://bscscan.com/tx/0xccffd30e2e088071e6cde92a0678feb4893968a8af4c7c1f3aa06f4613d0c76f
2023-03-29 10:32:02,True,0.4745,0.001493,789.611,1.1792,0xd3...ec6f,https://bscscan.com/tx/0xe6b297a7f4dba148eecc56aaae3b433e8ae3ce14740873e1551537eead0e629c
2023-03-29 10:31:56,True,0.4743,0.001492,6698.16,10.0,0xda...6e1f,https://bscscan.com/tx/0xbb32c5181ed3d4921737c80c9aff93d3ebf646bb34d1309b1df4ba74466ae777
2023-03-29 10:31:56,True,0.4741,0.001492,6701.74,10.0,0x62...1f10,https://bscscan.com/tx/0x5edcb26947d0bc0055fe6a93eb2a4d73c6d501f1be733558ea72f5ef453a089b
2023-03-29 10:31:56,True,0.4738,0.001491,6705.32,10.0,0xda...c952,https://bscscan.com/tx/0x662463ceefd3801ab2977a9103f0a81fe04cdc7d1366198a1680af290479fd12
2023-03-29 10:24:13,False,0.4707,0.001483,233.755,0.3467,0x03...534c,https://bscscan.com/tx/0x57cb9ae43bccfac7e0f1d9242742768adfcc6f6e53005f7132319b6d0270656b
2023-03-29 10:22:55,True,0.4746,0.00149,9555.11,14.2411,0xda...5a45,https://bscscan.com/tx/0x091000bd3aca465f509aeacdb6febe8c7be6a68279834ab42d7bc31341578e59
2023-03-29 10:20:55,False,0.4722,0.001482,5804.58,8.60675,0xd3...ec6f,https://bscscan.com/tx/0x652eebb811a51dcccb526c7c01794e4f0ee1716b58ffd74219b5ea6bbd0c980d
2023-03-29 10:18:58,False,0.4699,0.001483,399.612,0.5926,0x8d...1b76,https://bscscan.com/tx/0x74b5941333d6eb60a57fa17b77bae23840f281ec4a9dd58a08ab4c681f3bbce3
2023-03-29 10:17:40,False,0.4723,0.001483,5191.72,7.70165,0x8b...88f6,https://bscscan.com/tx/0x57da7b07fb28faa50b1f790769604a1d80549970d67a9cdb2665a3fbcb209f40
2023-03-29 10:16:46,False,0.4722,0.001484,12875.3,19.1135,0xed...4f31,https://bscscan.com/tx/0xdd4b6522fb93a57d0b8bc16a3c890e499832ec0bd69f70a59699ed60207f56ad
2023-03-29 10:16:22,False,0.4729,0.001486,23795.2,35.3758,0xf2...bfcf,https://bscscan.com/tx/0x3e9314d02c9225a84d79cc10fe4129cbc75174a658b9aa043aa922bc4be2d2b7
2023-03-29 10:14:34,False,0.4709,0.001488,8570.38,12.7578,0xed...4f31,https://bscscan.com/tx/0xb36bd9f769f3ff6afc67bcdff11f14438eba0f18b1c0cb5639f1c3874e81c473
2023-03-29 10:13:04,False,0.4707,0.001488,264.51,0.3936,0xfb...c759,https://bscscan.com/tx/0x4a130066aac6ddfde8b4c92b1b0d28e4a412403474f666c29899441b53573248
2023-03-29 10:12:25,True,0.4753,0.001497,264.515,0.396,0xfb...c759,https://bscscan.com/tx/0x5af99fa53c41fbc75a000afd698300593c30eff834d51d77d968193b92e137c7
2023-03-29 10:08:16,True,0.4746,0.001496,1.0,0.0015,0x8f...c2b9,https://bscscan.com/tx/0x6a4733337b4f0cf7140fd429ebcee7c82b76d48536ccf9bf9b40cf97968ed1ed
2023-03-29 10:07:55,True,0.4746,0.001496,4.0,0.0059,0x8f...c2b9,https://bscscan.com/tx/0xb97aba2ba42de459bffcf2ab121fb0f6525bbd403d104e2cfb9b9332ea15504d
2023-03-29 10:02:31,False,0.4727,0.001489,2.50988,0.0037,0x76...255d,https://bscscan.com/tx/0x4ca8713377a5cceb0a2269453de0d7444f8744409722499039cb8b0b98875b1a
2023-03-29 10:02:28,False,0.4727,0.001489,78.8518,0.1174,0x0f...ad84,https://bscscan.com/tx/0xb32289075b583c32f3fd39770ffb89f76445b8312613db87c18723176dd7e4cd
2023-03-29 10:02:10,True,0.4751,0.001496,249.683,0.3736,0x3f...66aa,https://bscscan.com/tx/0x34bd5afc7e1cda3ce5ce41cae61490e9c2276770ad8d386715ab7e9380f0ede5
2023-03-29 10:01:37,False,0.4728,0.001489,5.0,0.0074,0x2d...ee09,https://bscscan.com/tx/0xd332d114a14bccb2cda2c58521c8ab9d2baf8c94e000bda1fc52cf330296e4cb
2023-03-29 09:57:07,False,0.4731,0.00149,27413.8,40.8659,0x0c...8533,https://bscscan.com/tx/0x415ce66cd1f987bdbd5e982dd34edea283a1e45acd5c68554d25640b82cb9c77
2023-03-29 09:57:07,False,0.4738,0.001492,8303.1,12.3951,0x2c...015a,https://bscscan.com/tx/0x66c8e89f9feff4b24dbe133ab6dfa1a7aea76701fd7952e4ed70c3723d44a599
2023-03-29 09:56:52,False,0.4717,0.001493,4682.83,6.99424,0x03...9fa1,https://bscscan.com/tx/0xdd935a82010e9b53a682ca1d145d49b16a7772b846cd6e22f9b57a4449d6fcbf
2023-03-29 09:56:52,False,0.4723,0.001495,26574.4,39.7409,0xda...6e1f,https://bscscan.com/tx/0xcca01858d66db0c4ad629fb56a84745cdc632f3050803783e0efc22fb46b1646
2023-03-29 09:52:07,False,0.4728,0.001497,71.9264,0.1076,0x02...f2c0,https://bscscan.com/tx/0xf3dde19e79edf510565f9171c50875c3b53788f06176d4983399b32d263c634a
2023-03-29 09:50:28,False,0.4728,0.001496,155.889,0.2332,0x87...2440,https://bscscan.com/tx/0xde753a2c0de5e0adce9d38308d0c62d45ad091d93fee42d6e462ead44fc5c2f8
2023-03-29 09:44:31,False,0.472,0.001497,97.9533,0.1466,0xf0...383d,https://bscscan.com/tx/0xf07d5618b100746e7e2df2d604dc9b6398208482f7a21f06c4e67f154f8b72ca
2023-03-29 09:41:40,True,0.4744,0.001504,646.6,0.9728,0x00...78d2,https://bscscan.com/tx/0x0128dc67bbd431a8529f3714d5ffb864c1e516ad3800ab1f4a90c04f1ff3dfb5
2023-03-29 09:41:37,True,0.4743,0.001504,3772.6,5.67508,0x00...78d2,https://bscscan.com/tx/0x3f8a23bff74c892982cb8d86e4546a1001fd49d451ad9f9fcca8046329054eca
2023-03-29 09:39:19,False,0.4742,0.001496,90.0,0.1346,0x0c...faaf,https://bscscan.com/tx/0x1a3e136d49978272ddf324d3f20e519e842ae554215a43f60b6e4f0f5dea5619
2023-03-29 09:36:28,False,0.4743,0.001495,140.0,0.2094,0xe4...84cf,https://bscscan.com/tx/0xd393495ebdb1f7947584a65600f0e6c0b06b553a67b40921b2a12c61ec56b48c
2023-03-29 09:35:19,True,0.4745,0.001503,4197.93,6.31301,0x00...78d2,https://bscscan.com/tx/0x43329642642fa9127d77bfceeb43a90e4f7ea2c5f9d3646d7ef5ac4bb3d0709a
2023-03-29 09:32:43,False,0.4719,0.001496,14.0,0.0209,0x02...f2c0,https://bscscan.com/tx/0x87420cd2558e71dc7fda5f191817511e7e63a5b2572af90f5a36502798a1ea51
2023-03-29 09:32:10,False,0.472,0.001496,42.339,0.0633,0x02...f2c0,https://bscscan.com/tx/0xe0d5f7a4b8f1ffb9aba863425f41c356d017387b6ab5d6e14be622d54076e90d
2023-03-29 09:25:43,False,0.4721,0.001495,329.4,0.4925,0xb6...b489,https://bscscan.com/tx/0xc927633ea9081946f4de7e083aa39ee4aaef06a038bd6b0712a39990e4d7d1bd
2023-03-29 09:25:25,False,0.4723,0.001496,27.5427,0.0412,0x02...f2c0,https://bscscan.com/tx/0xcf48034e9ae2588f98b7ecf149188edd975dd7e4a66955089442950b44f1aa20
2023-03-29 09:25:04,True,0.4749,0.001504,329.457,0.4956,0xb6...b489,https://bscscan.com/tx/0x6988b1f1bb6887574cf9270a827c683a3adf5ca790b05112b4df73a53eb1f0b4
2023-03-29 09:24:46,False,0.4747,0.001496,383.523,0.5737,0x74...8d74,https://bscscan.com/tx/0x00d8ab9c2e5c15cf1745cea53f9133e4a1de41ab4a109f992e527709e7550f63
2023-03-29 09:22:10,True,0.4765,0.001503,10.0005,0.015,0xb1...ceca,https://bscscan.com/tx/0x3236bed852db772530796387d83539deb2c7d50a0ae2ed380da3c382cee394bd
2023-03-29 09:21:34,False,0.4741,0.001496,129.0,0.193,0x08...f922,https://bscscan.com/tx/0xdf570f8d8d454fb98fef5cae8f817c992f5e12ee46b0614b7d6689c9dec18c5e
2023-03-29 09:19:31,False,0.4741,0.001496,10.0,0.0149,0xa9...9cd4,https://bscscan.com/tx/0xe066875fa3a4ff5d1d2fc3c574c46557ff955686bf7a2b29845b1189ea504a10
2023-03-29 09:19:13,True,0.4766,0.001503,1144.9,1.72146,0x00...78d2,https://bscscan.com/tx/0xb9b0dc5f01a60374d32f3ce05aa426584e250b9d9c2c07059a73a4f00aab6550
2023-03-29 09:17:58,False,0.4741,0.001496,38.2881,0.0572,0x89...3657,https://bscscan.com/tx/0x139dedf0af4f87424c55759e59637eadeee33cd9d64cb9a1acfcf8853032d90b
2023-03-29 09:14:55,True,0.474,0.001503,4205.43,6.3219,0x00...78d2,https://bscscan.com/tx/0x77e93a22d2ffed39fb674f0445454d4f0de26771afaa0f7b85c82a41e63736e2
2023-03-29 09:08:46,True,0.4737,0.001502,4206.76,6.32178,0x00...78d2,https://bscscan.com/tx/0x430f26554a5ed66478d92028de1315ac1edb803f51a223099b4fe634cd5ce20a
