datetime,buy_order,price_USD,price_native,amount_token,total_native,maker,etherscan_url
2023-03-24 22:13:13,True,0.4778,0.001495,623.613,0.9326,0x70...8487,https://bscscan.com/tx/0xc0dfe9ea769b1a94198a7dd213163d5d9f47c8fbdc683cb335083091f4e10a4e
2023-03-24 22:06:52,True,0.4814,0.001496,40.4245,0.0604,0x88...ded2,https://bscscan.com/tx/0x51548cba90239bd2869bc678827c996f705434ed30e6d38af5772172f481e25a
2023-03-24 22:05:04,False,0.4764,0.001488,14.3856,0.0214,0xe1...ce1c,https://bscscan.com/tx/0x47bc2dddacaf758557a6aace663b644d09a58a000f75ed195bf7a0d705aa413a
2023-03-24 22:03:49,True,0.4812,0.001495,8.12247,0.0121,0x04...869c,https://bscscan.com/tx/0x845dde1bc722aa8b513b80360c277e033d06c481808edb5d315bc12976358dd4
2023-03-24 22:02:25,False,0.4788,0.001488,1078.8,1.60544,0x00...78d2,https://bscscan.com/tx/0x15bf98d6bd8f6c7f7cb0364259db334432b8bcde1396f82e28f497794922e938
2023-03-24 21:58:13,True,0.4813,0.001495,622.262,0.9307,0x70...8487,https://bscscan.com/tx/0x3151bb0b0db36295a5e3b04915dd389a572ad8468d48d18512bdb378995fa2a2
2023-03-24 21:52:19,True,0.4813,0.001495,148.106,0.2215,0x6b...31c5,https://bscscan.com/tx/0x6f08fd2bf6b59d0dcb74fe7868e6de4db5df69ddac4f1f7533885e2be2dd8847
2023-03-24 21:52:13,False,0.4789,0.001488,50.0,0.0744,0xd4...eb3f,https://bscscan.com/tx/0x95d3c5bdf7552664ce2eea222136f913f0874b7d15228beb9497e7fb7cc603dd
2023-03-24 21:51:37,False,0.4789,0.001488,2512.7,3.73965,0x00...78d2,https://bscscan.com/tx/0x291547b6b11109e3f754cdf1d297a479c3bab6075d44b3a4f21171bd240e0f23
2023-03-24 21:48:46,False,0.4765,0.001488,94.116,0.14,0x73...6744,https://bscscan.com/tx/0x2c1ec014dfa1535d56f40f1f6d46c908dc181434e642fdc024c70824d5ce5f93
2023-03-24 21:45:55,False,0.4765,0.001488,75.1708,0.1118,0xa0...0f54,https://bscscan.com/tx/0x4128b867635ee950cf6c53e563f4d3de063432580ee23dec268dc8744d9f98d4
2023-03-24 21:42:10,True,0.4802,0.001495,620.887,0.9287,0x70...8487,https://bscscan.com/tx/0xe37131d01e2049a2bbe16c645ae11161b97fb0927a3c50833dcdd9111ad7e28b
2023-03-24 21:37:55,False,0.4781,0.001488,164.051,0.2441,0xab...a224,https://bscscan.com/tx/0x50bd6874b38487671bda712b9fd6879f4bd645d04826f2287bbc0d94e66836ca
2023-03-24 21:37:28,False,0.4805,0.001488,3.12085,0.0046,0xaf...b966,https://bscscan.com/tx/0xfc337402da6880f3eda01f0b6df313f99395168e2d2dcd369f9e4c5e5cd70554
2023-03-24 21:28:10,False,0.4781,0.001488,1688.7,2.51366,0x00...78d2,https://bscscan.com/tx/0x42b7e6208367fa77f12f52a27b56894988ef362e2eed54b99fe4c660f6308881
2023-03-24 21:27:37,False,0.4806,0.001488,433.1,0.6447,0x3e...a7c8,https://bscscan.com/tx/0xf728d9c8fdab1bf675192a2ecf8e839477bc3128e9003debfadf41bf7b897133
2023-03-24 21:26:40,False,0.4782,0.001488,2502.22,3.72534,0x00...78d2,https://bscscan.com/tx/0xc19897bc3cbfcd06124ebaba30d0e0d8e3344109e4f7bfc0c610addb2587dd51
2023-03-24 21:26:10,True,0.4833,0.001496,620.428,0.9284,0x70...8487,https://bscscan.com/tx/0xd2e4c33b1ba85f0379990e432ed177ac3ca503e011bfda6812a954d06d73d62a
2023-03-24 21:21:22,False,0.4804,0.001489,2502.22,3.7259,0x00...78d2,https://bscscan.com/tx/0xc4e7843a597599c661b9a7b3ed9f8432b711eab8055b8595bbf650d55db55da2
2023-03-24 21:20:04,False,0.4803,0.001489,2502.22,3.72664,0x00...78d2,https://bscscan.com/tx/0x1ec409eebc5ff1234dbf363b3ab542b1628aae02152474d8a60baba6af3e5e04
2023-03-24 21:20:01,False,0.4804,0.001489,2502.22,3.72738,0x00...78d2,https://bscscan.com/tx/0x1546dae271aa135012c8d88c24d34587a45e240355155357f50766fa3e21f3ac
2023-03-24 21:19:22,False,0.478,0.001489,444.37,0.662,0x3f...c1c8,https://bscscan.com/tx/0x265efa8010c0eab23a0227592872532a8638983eb1c9644e9a13f03ca128ae0b
2023-03-24 21:16:37,True,0.4806,0.001498,2.77909,0.0041,0x61...b78b,https://bscscan.com/tx/0x93dfc18a6a0b19c16a02b827ee574630f2484783027df59347bd68405c28d96f
2023-03-24 21:12:49,False,0.4803,0.001489,10.6959,0.0159,0x25...7adb,https://bscscan.com/tx/0xdd67e2a55c5ecb99bbcf536b052187c0ce968c5f5938d22e870fc726177783d9
2023-03-24 21:10:12,True,0.4803,0.001497,620.89,0.9296,0x70...8487,https://bscscan.com/tx/0xfadc8340d89be57dbdc319d38447e2f8cbf3bdd6fe9c44bf9bc774b5dac5d568
2023-03-24 21:06:33,False,0.4804,0.001489,979.9,1.45987,0xf9...5ebf,https://bscscan.com/tx/0x392850b931ceda25df34a60c461e0f916c168cb5590b4e34e74f318900ca0fbd
2023-03-24 21:02:15,True,0.4802,0.001497,245.621,0.3677,0x3f...66aa,https://bscscan.com/tx/0xfbc302a44ba6232a73fb70ea4293bc827384776a8fa915f827b9f65baf765e7d
2023-03-24 20:54:12,True,0.4805,0.001497,621.19,0.9301,0x70...8487,https://bscscan.com/tx/0xc0e5ac8411487b16dd1fac5bdfa2cf28622b2f23cf7028bb28690c936579f679
2023-03-24 20:53:45,False,0.4805,0.001489,14.6404,0.0218,0x70...c142,https://bscscan.com/tx/0xc2a6db593b5c4a3210ef6df846f7cda006a89d60f7f5f1fe1b972e4baaff3766
2023-03-24 20:52:18,False,0.4804,0.001489,261.604,0.3897,0x89...3c6f,https://bscscan.com/tx/0xab6b3eb82866b0e8592e7b330fc19fffc6d05e84bb52621199b79ce393ce1fd5
2023-03-24 20:50:27,False,0.4804,0.001489,856.7,1.27636,0xa0...cc8d,https://bscscan.com/tx/0x7290d191b3601b0630823eada4ae77c9b4d645fe6c4cd6062d559b3841a2296c
2023-03-24 20:50:21,False,0.4804,0.00149,752.1,1.12059,0x82...2196,https://bscscan.com/tx/0xf82c8744b57a78b9dbf39af99683682b8c0edef886bb9743e7d956c2663aa56d
2023-03-24 20:49:45,False,0.4804,0.00149,789.8,1.17684,0xc1...b919,https://bscscan.com/tx/0xa6a13ad9a7d8a59491a5a0e294803cd0ff227296b822e08ab9894393c6b5014f
2023-03-24 20:49:03,False,0.4805,0.00149,2507.45,3.73669,0x00...78d2,https://bscscan.com/tx/0xe804f17c0ae71565cac2e17e72a042cf02d8cea2a62cc94d4f1c4de79b23c602
2023-03-24 20:49:00,False,0.4806,0.00149,1309.3,1.95146,0x00...78d2,https://bscscan.com/tx/0xa3fd55a4840c19b5b70295e4b551b155e49ab346aedf0449d2a3b0260b6476f8
2023-03-24 20:46:45,False,0.4807,0.00149,2507.45,3.73783,0x00...78d2,https://bscscan.com/tx/0x1f781a9b86113969c460d4a4da4cd6a976d05a7c5aceecb49942a46d81afd0ee
2023-03-24 20:46:42,False,0.4808,0.001491,2507.45,3.73858,0x00...78d2,https://bscscan.com/tx/0x16fafea7ae2570b842e3627f13a2f83bbda429f06f91dc3862e8fa809b60e8c5
2023-03-24 20:45:33,False,0.4782,0.001491,108.002,0.161,0xcb...e668,https://bscscan.com/tx/0xc9a578ebf85b7699783ae88150109ef1ed0ebaf74d1b8a155e7dd5e81c850bd4
2023-03-24 20:45:12,False,0.4809,0.001491,2507.45,3.73936,0x00...78d2,https://bscscan.com/tx/0x4aec9ee86c0bcbd5533842843ab675b7f9f70a3cb849f9e526ad1133f00227ac
2023-03-24 20:43:18,False,0.4784,0.001491,51.8546,0.0773,0x6e...8fe4,https://bscscan.com/tx/0xcaacfd381fb949f366ea6fb94e46f593629ac6b50fa3415acb3c8b9775a613a9
2023-03-24 20:43:00,False,0.4784,0.001491,800.0,1.1932,0x9d...6dab,https://bscscan.com/tx/0x92da9037b581573adbad5ed1617586af3da32159494e4172c71fc1dcd92a0caa
2023-03-24 20:39:09,False,0.4786,0.001491,44.406,0.0662,0x63...57d5,https://bscscan.com/tx/0xac39ab902b319df9c212206b762e587cc670f1aaf572a0badd49695cab92b835
2023-03-24 20:39:09,True,0.481,0.001499,620.457,0.93,0x70...8487,https://bscscan.com/tx/0xa802fe308f0be22b80332b833225b5e28d9742e5a4ce2d3447c9c1d07a2c8bf3
2023-03-24 20:37:03,False,0.4785,0.001491,89.0,0.1327,0xe2...1f65,https://bscscan.com/tx/0xe8cc23006f32452a159d8861c07d1debb22fdf36083945ecc0289f8804934b09
2023-03-24 20:37:00,True,0.4812,0.001499,56.842,0.0852,0x6c...e0e6,https://bscscan.com/tx/0x215c9d7f706d4bde602b3a39f0ac92af1e14c57b684a946658740e57685686f1
2023-03-24 20:35:15,False,0.4812,0.001491,10.0,0.0149,0xe2...1f65,https://bscscan.com/tx/0xdb3e8272b742454ad6fa6e51b30af8c751abde643de173c02f952fbd659a68e7
2023-03-24 20:34:57,False,0.4809,0.001491,120.0,0.1789,0xff...a96e,https://bscscan.com/tx/0xa6a3e0be01004cbc6139d811355000f18d41b0072554d70fd5ddf4c92f37c8d0
2023-03-24 20:34:30,False,0.4786,0.001491,3103.1,4.62885,0xca...34d7,https://bscscan.com/tx/0x607ea3b43fcffeae73e81d3dbc2940396c0714d4161cd8de6c3de557634e0cb5
2023-03-24 20:34:00,False,0.4787,0.001491,20.0,0.0298,0xff...a96e,https://bscscan.com/tx/0xbff9223afd415be876fd552ee7e02b9e70a60015f466fdcb4112d5301d92ce0f
2023-03-24 20:26:58,True,0.4812,0.001499,167.008,0.2504,0x1a...0c99,https://bscscan.com/tx/0x36092a5f82609336dba5a176b2340b6158636015840510c4ad43dc676e406113
2023-03-24 20:24:26,False,0.4779,0.001492,1962.95,2.92867,0x51...1e95,https://bscscan.com/tx/0x48444d789f6c067957ab4151c9d5f3076916d1d13b696a42a7b7afe3e964b679
2023-03-24 20:23:12,True,0.4806,0.001499,620.447,0.9303,0x70...8487,https://bscscan.com/tx/0x40e077c637d78a0e9066faa38d0e7c7fae55432791ac75eac9afc3d1959a0d8d
2023-03-24 20:17:58,True,0.4803,0.001499,60.0649,0.09,0xdb...7a06,https://bscscan.com/tx/0xab4ff0875e8dcbd9654a62cccb14c378f8c54603a3803a2c8665600734233552
2023-03-24 20:16:40,True,0.4826,0.001499,3578.5,5.36517,0x0e...7558,https://bscscan.com/tx/0x32d98815fccacdfe842b25ba11c9fa11e3f6bfd5cd625021f73908db93966833
2023-03-24 20:16:37,True,0.4825,0.001498,4619.4,6.9235,0xf9...5ebf,https://bscscan.com/tx/0xd7ceaa94e73082ab618aafca428d3887013bf74ce3e14ae98ecba42f8fe6c485
2023-03-24 20:15:10,True,0.482,0.001498,57.0481,0.0854,0x0e...2f4c,https://bscscan.com/tx/0x9afe1ae2d4fd9c3f2d6690f89d43328001d74924739a47fb4346945423fc2793
2023-03-24 20:14:52,True,0.4822,0.001498,99.3997,0.1489,0x0e...2f4c,https://bscscan.com/tx/0xc1512178508348d4170ab08a46c4ecb87ad89ca4040f3234762ba18355fcd6be
2023-03-24 20:14:46,False,0.4807,0.001493,42596.0,63.6192,0x89...7d4a,https://bscscan.com/tx/0xebc25d3de2fa83544a2864dce0708e50e81842ffaf683143b24aa0650d5679c5
2023-03-24 20:08:13,False,0.4791,0.001496,9.82785,0.0147,0x36...9f00,https://bscscan.com/tx/0xb9244bb990e583a0565860daacd3744c5c70961e6bda5dc86eb4c5f03dd1bf8a
2023-03-24 20:07:16,True,0.4815,0.001503,619.34,0.9312,0x70...8487,https://bscscan.com/tx/0x3b102d510b2df078fd4cf658d95a97ec8159741eb85a5daee5745b8cf1db657f
2023-03-24 20:02:55,False,0.4808,0.001496,9.47082,0.0141,0xc4...8e90,https://bscscan.com/tx/0xbd8bb6d5c9a8adee53ecad4159f49b4e8c3a8c26dae2d64e6be2819c8ef1bc3a
2023-03-24 19:57:37,False,0.4807,0.001496,13.8564,0.0207,0xb4...e760,https://bscscan.com/tx/0x3cfccff1424e4021334fb3c9d13720efc3cf622229907f07ff73b1462e7ae5e3
2023-03-24 19:52:19,True,0.4794,0.001503,621.81,0.9348,0x70...8487,https://bscscan.com/tx/0x03e344fddd6e344dca549a8ab5b7323d28d584408156ce8beef189246a176fc8
2023-03-24 19:40:55,False,0.4793,0.001495,19.7499,0.0295,0x63...477a,https://bscscan.com/tx/0xa52766cb1de0f141f9525b533e96bc79da9b3f4ed6ade9e7331bcb91eedaa270
2023-03-24 19:39:37,True,0.4793,0.001503,29.8278,0.0448,0x36...9f00,https://bscscan.com/tx/0x62df346baabf8f2be87dff50095cf0fe2b753aad2b1700a1cdf16e1d8d5e937c
2023-03-24 19:37:25,True,0.4817,0.001503,15.2982,0.023,0x63...477a,https://bscscan.com/tx/0x05b53ecf6c3ad12e20d692406db4ca14602d58a1755354f2fa800492df9f4bce
2023-03-24 19:37:10,True,0.4792,0.001503,623.361,0.9371,0x70...8487,https://bscscan.com/tx/0x9ce844401438b06c9fa3dc25f0ae0b8057f4eab3925747052cfa6b02f86b1b82
2023-03-24 19:32:40,True,0.4815,0.001503,1651.0,2.48189,0x41...c353,https://bscscan.com/tx/0x7733fda89fe815155098a9d3d53132d88cab0b255f452aeab864dc3abfedeef8
2023-03-24 19:22:10,True,0.4793,0.001503,624.163,0.9382,0x70...8487,https://bscscan.com/tx/0xc717c21e428bbfa10d156d320036296eb0ccbc2c544d9c8f4e01a6ec94ac7335
2023-03-24 19:13:44,True,0.4791,0.001503,324.611,0.4879,0x1f...e079,https://bscscan.com/tx/0x0fd1c5102e6365585e35ad8a0c9dbfe09c4db901e47863ae93f715e3ed15a9c7
2023-03-24 19:12:11,True,0.4787,0.001503,48.0496,0.0722,0x2c...c9c5,https://bscscan.com/tx/0x326067192899d968154e759ceec5b7e7c811f6b4820352fa980ad42c5d5f55c9
2023-03-24 19:10:00,True,0.4779,0.001503,105.0,0.1578,0x3d...3d57,https://bscscan.com/tx/0x8dd8ff17c97070d67c44c09ba6effc1824c60efc1c2b48b4fab8575b48d98d46
2023-03-24 19:06:12,True,0.4763,0.001503,625.496,0.9401,0x70...8487,https://bscscan.com/tx/0xd5fab8d1725d0e36d7052588e3b1add3509407ecf166235009bd4c015ca2aeb8
2023-03-24 19:00:48,False,0.4763,0.001495,32.85,0.0491,0x67...3305,https://bscscan.com/tx/0x0224931c608e2711897441847d5d1e2fc79ece181e324bf53961c4de158998d7
2023-03-24 19:00:39,True,0.4762,0.001503,110.0,0.1653,0x3d...3d57,https://bscscan.com/tx/0xad577469694aba3ca0219c305daa421e3b4c11772982dc1b3ea7ab4d9c758569
2023-03-24 18:59:30,False,0.4774,0.001497,30465.0,45.6142,0xbe...089a,https://bscscan.com/tx/0x4b60dd912305cb90e16f23cb45bcf5a2522f15a1ea980f69cb6bcb30ce0fd3e8
2023-03-24 18:58:57,False,0.4783,0.0015,20375.2,30.569,0x26...711b,https://bscscan.com/tx/0xce58ba2cc00ed013fc8ddb95c847bfee6436075831b0b27fd5d86a0f8bbae3ee
2023-03-24 18:55:59,False,0.4762,0.001501,60.0,0.09,0xec...8620,https://bscscan.com/tx/0xe6a204e73db4be2f18b873b4b96bb542a63492ba96f5267a9b98b4c5fbe49837
2023-03-24 18:53:47,False,0.4759,0.001501,1176.5,1.76664,0x00...78d2,https://bscscan.com/tx/0xde3c060d898f0f76832b26af4d78c8d9ab9e971c7a4b355bb6d012bfc55ce6bc
2023-03-24 18:52:41,False,0.4785,0.001501,3040.0,4.56565,0x83...6678,https://bscscan.com/tx/0x946499203dfd3ba849dcef4eba5572ca621d0dd588852936dd9ea83c63a6024a
2023-03-24 18:52:41,False,0.4786,0.001502,1001.13,1.50379,0xb0...a41e,https://bscscan.com/tx/0x53ba3ca934aa1f1e0eb105ed29fc14f14622c5ddd206c24bb27fe0468e2ed679
2023-03-24 18:52:35,False,0.4786,0.001502,1076.7,1.61745,0x00...78d2,https://bscscan.com/tx/0xf7cad98cc6f95d8645d44e9b4cd5bea20fb66ad2adc6ff032577d70b1df91c5b
2023-03-24 18:52:29,False,0.4787,0.001502,2523.26,3.79105,0x00...78d2,https://bscscan.com/tx/0xe84fb0a042ae09e4485abf570a18d141865f9aa5a85b737b50e6e91a428efdab
2023-03-24 18:51:53,True,0.4787,0.00151,124.5,0.188,0x1a...0c99,https://bscscan.com/tx/0x4d9d0d622e8db6435a1ab0498de5356dbe373e96f9d0b410a5207ea434427ef5
2023-03-24 18:51:38,False,0.4764,0.001502,2129.3,3.19971,0x00...78d2,https://bscscan.com/tx/0x62bd9592183068d4b4beb2d1fba118b9879093bb2ee2aa10503efd7eabc75efe
2023-03-24 18:51:17,True,0.4816,0.00151,621.989,0.9394,0x70...8487,https://bscscan.com/tx/0x97d6fd348b1582b9864b5c00cdcd822c711db58a7def221520bc9e91ea06513a
2023-03-24 18:48:17,False,0.4783,0.001503,6184.0,9.29536,0xd8...bcda,https://bscscan.com/tx/0x579682c970944272281156954361aef407f96fc18148ad76755ef5dca67c6ba4
2023-03-24 18:48:17,False,0.4785,0.001503,2479.6,3.72845,0x83...6678,https://bscscan.com/tx/0xc63719840ee079b46a749d3448c511f913b761cfd1d902abb8f9ac2780ddc6e2
2023-03-24 18:48:17,False,0.4786,0.001503,2503.0,3.76438,0x00...78d2,https://bscscan.com/tx/0x2bfc7c0396a411f5c2dac0082f39d73fe8c5df97a5a0e4d6dc07c1708f1a1509
2023-03-24 18:48:14,False,0.4789,0.001505,14650.8,22.0492,0xb0...a41e,https://bscscan.com/tx/0x59164333d000bba3b84496669772a2912df0376baf4736eb6794e8737f17042d
2023-03-24 18:43:53,False,0.4793,0.001506,4172.8,6.28472,0xef...51dd,https://bscscan.com/tx/0x28106d9b4fa67222f47e0de0f36efb0855e4c103d3e79c09437a05839cba9da8
2023-03-24 18:43:50,False,0.4796,0.001507,14649.1,22.0799,0xb0...a41e,https://bscscan.com/tx/0x55430f9dda72acb7b6397404d65cc6b624536608ef2a42eac1d1d571535515e7
2023-03-24 18:43:50,False,0.48,0.001508,2446.6,3.69016,0x00...78d2,https://bscscan.com/tx/0x68169c2ff2ec475d169f0561acfc5752e02e8e2f5203780d03266c97b0391db9
2023-03-24 18:41:35,False,0.4811,0.001508,1010.9,1.52493,0x00...78d2,https://bscscan.com/tx/0xa0c97810acd2558119c355f49d4dd6896fb1c22a25b660e2a4b1efa8202b0472
2023-03-24 18:38:02,False,0.4837,0.001508,636.8,0.9606,0xa0...cc8d,https://bscscan.com/tx/0x1c8ca2d26c94d61ee848fc0db2a51b9f0cb30ffe41368513f4631b128660f436
2023-03-24 18:36:11,True,0.4833,0.001516,617.007,0.9354,0x70...8487,https://bscscan.com/tx/0xf9cc5d0a134784b1c58f82103304aac73d0b46e1bca114c7615a23f2b0bb42b6
2023-03-24 18:36:05,False,0.4808,0.001508,362.1,0.5462,0x3e...a7c8,https://bscscan.com/tx/0x3d8f323f650257a5378b05f95be2c8ec7162c3c493bc2483e2712f14553ecdb4
2023-03-24 18:36:02,False,0.4833,0.001508,817.7,1.23362,0xef...cab1,https://bscscan.com/tx/0x3f1a24da55132c1129ceb9f38deae37a97687d9766766341979b67ffa0b77eb7
2023-03-24 18:35:59,False,0.4833,0.001508,629.822,0.9502,0xaf...847e,https://bscscan.com/tx/0x762f06f998323669174cdf00c406bdd7db5d00ff6873175ce55c8288880ab118
2023-03-24 18:35:59,False,0.4833,0.001508,914.5,1.37982,0x00...78d2,https://bscscan.com/tx/0x038393e61670271592dc9c0a9715a8210f98f3aedd8d6da2c49ade184ac9cfe7
2023-03-24 18:33:02,False,0.4835,0.001509,1468.3,2.21562,0x4d...74b8,https://bscscan.com/tx/0xc252679fa6180ccb83b4fa6317a3d20588e797b96dfd0bdc72219561f503da67
2023-03-24 18:29:19,True,0.4857,0.001516,328.824,0.4987,0xf2...23de,https://bscscan.com/tx/0xa23de78159f0c44432df76b7da7263d8fec47e6a460cdfdbdd726fcb7e5ea9a0
2023-03-24 18:28:42,False,0.4808,0.001509,490.8,0.7406,0x34...7c76,https://bscscan.com/tx/0x48e546f052cc4ba04baf58c2852c217b566ecba313d885f1124ae2a47101bc5f
2023-03-24 18:28:39,False,0.4809,0.001509,1147.3,1.73145,0x43...fe22,https://bscscan.com/tx/0x76ddd6855dd3487edcc0c06574a8bf242115ec98bd1c5e8a18280b69f4b6f815
2023-03-24 18:28:39,False,0.4809,0.001509,1126.0,1.69946,0x00...78d2,https://bscscan.com/tx/0xa6efce90a49e22b822d1e78a8286023f711761c48bb882afd3db856eaba60f84
2023-03-24 18:28:35,False,0.481,0.001509,1750.4,2.64216,0x82...2196,https://bscscan.com/tx/0xb1fc31964c9a5f74a87b4c3ebedbe013d638d4f2e55cd5b3d418f5b64f0cc002
2023-03-24 18:28:32,False,0.481,0.001509,760.9,1.14866,0x4d...74b8,https://bscscan.com/tx/0xe6b378ceab1da281801c332eb7e4c0dbd6b934eaf777828ee5225b05e57c0543
2023-03-24 18:28:32,False,0.481,0.001509,1125.2,1.69874,0x00...78d2,https://bscscan.com/tx/0x3be9096cf65e873b5715a7c06f0f3dd8dff1cee49a46ae0ec42331636d6ee909
2023-03-24 18:28:26,True,0.4835,0.001517,8.22573,0.0124,0x5d...3f72,https://bscscan.com/tx/0xa5f6353092d27324012dad8f76f56ca6cb3ecaf93e3f94da5dfaa97ed23468a1
2023-03-24 18:26:03,False,0.4811,0.00151,9440.0,14.2579,0x83...6678,https://bscscan.com/tx/0x4edf884091450fb56933587b1665ca0048590ae263eb1b95a32efd199ef88f04
2023-03-24 18:26:03,False,0.4813,0.001511,2491.82,3.76536,0x00...78d2,https://bscscan.com/tx/0x28c8eb170fe6be8b3334258bade23f2aa6b7d2bf0183b9733b3aec0cc66c6b93
2023-03-24 18:26:03,False,0.4815,0.001511,6626.23,10.0165,0xb0...a41e,https://bscscan.com/tx/0x31e11d1af4678fab9dba859596ccbf0babd30c49ec04904b684dd9d6eabc2e8c
2023-03-24 18:25:42,False,0.484,0.001512,2679.8,4.0524,0x4d...74b8,https://bscscan.com/tx/0x0057671bf070e02481ed6396ca7c906488c8221bfaf9b1b99a304f1e69b8da86
2023-03-24 18:25:12,False,0.4817,0.001512,2429.9,3.67526,0x3a...231f,https://bscscan.com/tx/0x31d6a07ebb3df63c22573379bfd86889b9dd773af323bef6eaa1d999798313cc
2023-03-24 18:24:33,False,0.4823,0.001512,170.0,0.2571,0x39...2746,https://bscscan.com/tx/0x094ce7dba0aebced41ef83c1724306dfa430fc9b8b2abb5508e05963fdd17b3f
2023-03-24 18:24:24,False,0.4823,0.001512,1406.6,2.12786,0xef...cab1,https://bscscan.com/tx/0x5087f3daa4fb26f49e4f1a42120366a953a8b90fd3d13e437510e27237c1103d
2023-03-24 18:24:21,False,0.4824,0.001513,2041.9,3.08935,0x56...0086,https://bscscan.com/tx/0x6fe380d61b85077e11d3496fac41ac81692e2c69b1b8eff987494acc94ee4beb
2023-03-24 18:24:15,False,0.4858,0.001513,3205.6,4.85102,0x3e...a7c8,https://bscscan.com/tx/0xcb7f786fa448953b620f5a717b97020d1ee4f5bc018305e061f4d9d2e4f31911
2023-03-24 18:24:09,False,0.4859,0.001513,1082.35,1.6382,0x05...7eea,https://bscscan.com/tx/0xd85491413c9e302f28f76c9b6f2f70f94d261c2f6d73a7b0ed22af78e229b92e
2023-03-24 18:24:09,False,0.486,0.001513,1756.88,2.65944,0xb3...55e7,https://bscscan.com/tx/0xfb6dbb9611e6ea058f61f32b525383f7cd4b71a7dbe6cb520718cb67fce36aee
2023-03-24 18:22:27,False,0.4862,0.001514,9440.0,14.296,0x83...6678,https://bscscan.com/tx/0x464116ae8e0c098ce035cf5ca13ba6cfd537196fbd7e112809678cdaa720b202
2023-03-24 18:22:27,False,0.4865,0.001515,6184.1,9.37112,0xd8...bcda,https://bscscan.com/tx/0x9d5a67de399bd454742c3323a9bc6a06ef61e0c73044240a0e5aa040f2c72470
2023-03-24 18:22:27,False,0.4869,0.001516,14556.6,22.0769,0xb0...a41e,https://bscscan.com/tx/0xe88d4dc95e8c15753585b8495204878ff2d137faaf720c8433ec5145a93e3a61
2023-03-24 18:22:27,False,0.4873,0.001517,2471.29,3.75057,0x00...78d2,https://bscscan.com/tx/0x8b967919afde733d19128220bb4540ac6954a709ef4a19c7619a6d12fda26d4e
2023-03-24 18:21:45,False,0.4849,0.001517,123.628,0.1876,0x5f...7328,https://bscscan.com/tx/0x25fd77f3d385e35500106be45c87bac75de41959ee1ca8311ee4fe7449e139e4
2023-03-24 18:21:39,True,0.4873,0.001525,253.435,0.3866,0x35...aca7,https://bscscan.com/tx/0x052cdf574916aa093d6481d7d8411563503839a63aa9e0b50e76e96f711fdf77
2023-03-24 18:20:51,False,0.4873,0.001517,668.817,1.01515,0xc3...157a,https://bscscan.com/tx/0xbde857fcb036abac0a5ab18f0aef6215f05508a49c53781ce64af1f5991f6583
2023-03-24 18:20:39,False,0.4874,0.001518,2125.4,3.22636,0xa0...cc8d,https://bscscan.com/tx/0x00c8523b7596d645f9e7729de81ce755298f9fd60a09c4f95bf8f9b7dcbc8ffb
2023-03-24 18:20:12,True,0.49,0.001525,611.472,0.9329,0x70...8487,https://bscscan.com/tx/0x75857aed4c24ef83b73b12347cbedddafe56fa5f1134e80b7d33ab537db460f7
2023-03-24 18:15:24,False,0.4856,0.001518,206.503,0.3134,0x5a...a2b1,https://bscscan.com/tx/0x696193a210559706c836ed2f73ee1c75aa7939ae9f3b03b7b9638444db83baad
2023-03-24 18:09:09,False,0.4881,0.001518,776.6,1.17898,0x3a...231f,https://bscscan.com/tx/0x5bc6aec9c0f438d358f164bab35e6290319eaa56383ae0812ed881e4ca8b67b5
2023-03-24 18:09:06,False,0.4881,0.001518,775.1,1.17678,0x3e...a7c8,https://bscscan.com/tx/0x4d5449a49bca6f13d36dd7995f00c1e28ca6c29a3f0bf0a18a05fe8676144301
2023-03-24 18:09:06,False,0.4882,0.001518,935.7,1.4207,0x00...78d2,https://bscscan.com/tx/0x13e13a3a7d152a2dd40a1d93d5cdf123ecbc92a34e508593023bfad7b305746a
2023-03-24 18:05:12,True,0.4882,0.001526,610.422,0.9314,0x70...8487,https://bscscan.com/tx/0xeaf215cf72825e6923d312dea348e25f0d51a345697ab668a52eb2efbcb4bd44
2023-03-24 18:00:21,True,0.4909,0.001525,0.0276,4.221e-06,0x8b...6566,https://bscscan.com/tx/0xebedd8272b17faa41510e62069e6b13bceeb9bfb343d51085e82a373f62bbf42
2023-03-24 17:56:27,True,0.4909,0.001525,2305.48,3.51768,0xcf...28f6,https://bscscan.com/tx/0xfaab213992eefb78111280e6f5de4208b7b587c0e7e3495f30d35647e3ce0109
2023-03-24 17:55:09,False,0.4883,0.001518,7.99352,0.0121,0x5b...72bf,https://bscscan.com/tx/0x2ae16e9d8fe19c56120502cb578a62c9cb8a9e7004a8b451ea531d9012acb4d0
2023-03-24 17:50:18,False,0.4883,0.001518,4.11425,0.0062,0x02...f2c0,https://bscscan.com/tx/0x07c8976a8fa17f4bbbe378320fed92c726aa04bbd0bac6ac45783bdc23c487b8
2023-03-24 17:49:57,False,0.4882,0.001518,20.0,0.0303,0x02...f2c0,https://bscscan.com/tx/0x974419c8c5435796c095fd2180ea8d3b70a7a10c28f0815ad0c6514d527f60a9
2023-03-24 17:49:12,True,0.4906,0.001525,610.988,0.9321,0x70...8487,https://bscscan.com/tx/0x890094f61d41e07b64f632b1de6e3fab0140209a70728f0b57174a4aeed723b6
2023-03-24 17:47:06,False,0.4893,0.001518,49.0873,0.0745,0x78...795e,https://bscscan.com/tx/0x8e11e87c4581a87376c9501d4d24d3b5817e5c609fd24d870c15261e0943e465
2023-03-24 17:46:03,False,0.4857,0.001518,1627.3,2.47035,0xa0...cc8d,https://bscscan.com/tx/0xebe0607db0fbc856b220a1646cb5822994b65e6e7fe5a3aa6c8db16b6cbf40e8
2023-03-24 17:45:33,False,0.4882,0.001518,1415.0,2.14832,0xc3...157a,https://bscscan.com/tx/0x83416c1e9742206e062a1e00039cd3d216c782766abd48178aedbaf8e3797a05
2023-03-24 17:45:30,False,0.4882,0.001518,450.0,0.6832,0xdb...3a26,https://bscscan.com/tx/0xa233214f4109abb8cd93347dd117f259e2a318ea0268d69157610983330a4eb0
2023-03-24 17:45:30,False,0.4883,0.001518,2152.5,3.26862,0x3a...231f,https://bscscan.com/tx/0x2882c3a635a5d49fbb7a900b3177efbbdaa29a5ba07f546479f8ebc5f2810311
2023-03-24 17:43:27,False,0.4884,0.001518,1444.82,2.19431,0x62...1f10,https://bscscan.com/tx/0x7d13ccee85c12b0bd1e4ed4338bb746533fca8ef577b733eaa21b59e0f56f19c
2023-03-24 17:34:24,True,0.4887,0.001526,40.6171,0.062,0x38...cbbd,https://bscscan.com/tx/0xb1622acdbf2bf7e9226abd7519af9cad342d2736e0f70a65b6b8f9eec500a601
2023-03-24 17:33:42,False,0.4863,0.001518,17.5489,0.0266,0x88...ffde,https://bscscan.com/tx/0x7835caf6167fda73274858320d707835173900616ba3b4a9e54ad873e7ca1c49
2023-03-24 17:33:12,True,0.4911,0.001526,610.185,0.9313,0x70...8487,https://bscscan.com/tx/0x8c9542ce14908a20a652625e08200ad92bf225b52f1f91ce14f87295f880a85e
2023-03-24 17:27:36,True,0.4914,0.001526,77.5922,0.1184,0x27...8af0,https://bscscan.com/tx/0xc4e71bd6444dc85774b58fa9791e51e3bf4422622233db8fc22e3d296559f17a
2023-03-24 17:25:42,False,0.4889,0.001518,24.1666,0.0367,0x77...319a,https://bscscan.com/tx/0xfed057c0267761188b74942a8c8c8a99f2aa9651f5ef14a2a528420b33f1a1e9
2023-03-24 17:24:42,False,0.4889,0.001518,1746.0,2.65192,0xac...bf93,https://bscscan.com/tx/0x8da91c55d38a56c336497c99899f82229576167ca101bbd26d763146671de36d
2023-03-24 17:24:12,False,0.4865,0.001519,20.0,0.0303,0xff...1c5b,https://bscscan.com/tx/0xf834426d48e9235c1538a838a27b005d888edb1038bfb83d58af9e11bf394b73
2023-03-24 17:23:00,True,0.4914,0.001526,200.0,0.3053,0x1f...a40f,https://bscscan.com/tx/0xee0b98454f81e509ad8c358c9575788c70424320e0c98a3218ca4dd6fec953c7
2023-03-24 17:20:39,False,0.4888,0.001518,4.0,0.006,0xff...1c5b,https://bscscan.com/tx/0xf4cbc1e97541ca8cba0e564daeba0ba9522df5f0b28645a7c050a471b0d06e90
2023-03-24 17:18:33,True,0.4911,0.001526,3898.26,5.95,0x05...9ae9,https://bscscan.com/tx/0x136aa1cc1e40f8ed6f776bc8a6c85f9baf7618f001f8a20cfadaf3b3857fcd13
2023-03-24 17:17:13,True,0.491,0.001526,610.001,0.9308,0x70...8487,https://bscscan.com/tx/0x9419fafa79790c81d21bc45a7bbc79aead8881bf4a76bbbc16b6f6867632e7bf
2023-03-24 17:12:22,False,0.4885,0.001518,380.0,0.577,0x41...3fc0,https://bscscan.com/tx/0xd5a41703b7190d1298c5a8226d6a581e586289708dec791add0ccecb175e5d1d
2023-03-24 17:07:28,False,0.4886,0.001518,180.0,0.2733,0xac...bf93,https://bscscan.com/tx/0x8eb58b82b4d392be02411ee7e718b67e93c7ae32f4ac581c5330b0a880e4067b
2023-03-24 17:06:55,True,0.4885,0.001526,500.0,0.763,0xde...d365,https://bscscan.com/tx/0x24de9caf6e863d4ee13ac4af1f4e07d3bc77711956c716140f7b068c05fa73cd
2023-03-24 17:05:19,True,0.4885,0.001525,1310.67,2.0,0x05...9ae9,https://bscscan.com/tx/0x65b5ada61fb61b2983a2941c0d801330e01a40c8e3c02f1f37c4f0ba405d2b14
2023-03-24 17:03:34,True,0.4884,0.001525,12.0567,0.0184,0xaa...63a9,https://bscscan.com/tx/0x8453bbb3c47443ec0f89d817821846d042e0399a4400aca66ffd3f1078d6cb87
2023-03-24 17:01:19,True,0.4878,0.001525,610.83,0.932,0x70...8487,https://bscscan.com/tx/0xa47142cae54b9380ab5cc0f32e3f213edbe60eb5c70fa549c4bb5037c0deca2f
2023-03-24 16:58:04,True,0.4902,0.001525,319.014,0.4867,0xed...4f31,https://bscscan.com/tx/0xfb9750a055ca6c8df6e69130d1e2aa5a41ed75e298216dab3a84479c9e7b2023
2023-03-24 16:57:55,False,0.4878,0.001518,126.827,0.1925,0xfe...07e0,https://bscscan.com/tx/0xf75362bd1b55749a234bd3e61b35ea32efa5a0123cff6476c527ec7d7d3546d1
2023-03-24 16:57:55,True,0.4902,0.001525,549.286,0.838,0x62...1f10,https://bscscan.com/tx/0x8ed50b6c9482c0ee37cbf62fa7bf245d4ee1893497723d164b1960282e458420
2023-03-24 16:54:25,False,0.4854,0.001518,23.5349,0.0357,0x47...9c64,https://bscscan.com/tx/0xa5e796bd4de61ac5cdee0f5ea87da80c920532b767e6628c5842121a51e33b99
2023-03-24 16:54:16,True,0.4878,0.001525,576.52,0.8795,0x62...1f10,https://bscscan.com/tx/0x62f8d456b282656ca6541762e7299c45d58b94a7aded0334a5a9943083096358
2023-03-24 16:53:37,True,0.4905,0.001525,63.3774,0.0966,0x31...5d08,https://bscscan.com/tx/0x244c7cdd0cb7f0015353cfef0650c268b764b9bb6cd5f13ec94ced6f49bf750e
2023-03-24 16:46:12,True,0.4878,0.001525,611.23,0.9324,0x70...8487,https://bscscan.com/tx/0x591734c3ecc25835464678e3979a6e94e19971591e7ff3288eca8ae5ba86d616
2023-03-24 16:42:54,True,0.4905,0.001525,602.34,0.9188,0x47...79dd,https://bscscan.com/tx/0x41a8b1f1058ee65e9f28d750cb312abf993f029eeab2cd0d10d0b871b039ec20
2023-03-24 16:41:24,False,0.4853,0.001517,57.7006,0.0875,0x47...9c64,https://bscscan.com/tx/0x41d78bad5a14105a1ca34f8473a4a386254cdcce0256ac834d616e15d878ee46
2023-03-24 16:39:03,True,0.4902,0.001525,44.3494,0.0676,0x96...e27b,https://bscscan.com/tx/0x7614b0f1107cb5940057c0841200ef339316fd860e7d0614c59bb14afeb0e0f4
2023-03-24 16:36:00,False,0.4877,0.001518,5513.54,8.37055,0x8d...1b76,https://bscscan.com/tx/0x2a48e060f8b2dd6c44c462476b27d04b6db02c7e3114a67b9ee02c0cc4ff848e
2023-03-24 16:35:39,False,0.488,0.001519,15354.7,23.3308,0xf2...bfcf,https://bscscan.com/tx/0xf443cfdbb857b41d122996b2d7756919bad76ba5be50c50f708dab5c8743c3e7
2023-03-24 16:35:30,True,0.4908,0.001528,65.4441,0.1,0x8e...f7a5,https://bscscan.com/tx/0x098d7814a038a644301145c0791c92338332cd05adce960e73b391a27b75bd17
2023-03-24 16:32:03,False,0.4891,0.00152,4849.56,7.37464,0xf2...bfcf,https://bscscan.com/tx/0xa6f921519b06506f5d8860b0ba95106ddc44bd24778108793dcb93a522820886
2023-03-24 16:32:03,False,0.4894,0.001521,10931.2,16.6335,0xda...6e1f,https://bscscan.com/tx/0xa8f93bce7bdb8cfeb5745edc1b81d345d717544203304734e5fd5ad7c057155c
2023-03-24 16:32:03,False,0.4899,0.001523,17934.5,27.3217,0xda...c952,https://bscscan.com/tx/0xb626f63674a2e0945c295653f3afd6b945ad6a4238281b4dd93db74dc1445606
2023-03-24 16:32:03,False,0.4904,0.001524,5353.45,8.1632,0x5a...6651,https://bscscan.com/tx/0x0afb635f0fda5a4c069a204912af474902f1753d8ed7f8daed6d43d6958223a6
2023-03-24 16:31:24,True,0.493,0.001532,113.313,0.1736,0x60...7f32,https://bscscan.com/tx/0x52433e2abdba1754035c8e4ca6f783f5b83d4127d254e8e29177cb1f97c1bb62
2023-03-24 16:31:12,True,0.493,0.001532,608.327,0.9324,0x70...8487,https://bscscan.com/tx/0x5a281839daebdb817b3743c2c5a900c4b61d12acfd1f62a6f3163baae79ac2bd
2023-03-24 16:28:09,False,0.4904,0.001525,6402.05,9.76623,0xed...4f31,https://bscscan.com/tx/0x96a5926327e501640cebfbef0bbf7ddd076423a00617d9e7c97f2cbc0d769ea7
2023-03-24 16:27:39,True,0.493,0.001533,223.99,0.3434,0xce...5a49,https://bscscan.com/tx/0xc25caad21cc242968e4937c2bcc52ecf8164e4af143aa40a3912fa7d0cc86006
2023-03-24 16:24:03,False,0.4904,0.001525,14.639,0.0223,0xc4...4e27,https://bscscan.com/tx/0x0d5548b88bf372ef73e5ed03b56226c9f9bd1bde71aa760d4a322826719ddb64
2023-03-24 16:23:42,True,0.4904,0.001533,489.01,0.7498,0x1e...96b7,https://bscscan.com/tx/0x9b30c18f9785f867be8c90439d2e284dc6941a490bfe991f6e0ada7be5853427
2023-03-24 16:23:33,False,0.4879,0.001525,76.6028,0.1168,0x89...fa67,https://bscscan.com/tx/0x1d9593fad5b0e5d101c31a641231a1eaa059f82aa6e21436031e1a01ee991293
2023-03-24 16:20:09,True,0.4927,0.001533,24.4,0.0374,0x72...0b60,https://bscscan.com/tx/0xe36ad2e0559cae06e4d360818d4fd6c6b12bac00d709736b7da2e2d53e672568
2023-03-24 16:19:12,False,0.488,0.001525,245.677,0.3748,0xfb...d67f,https://bscscan.com/tx/0x17f677f8d38d1e678ef357d66f492abf350f791c73b8ae0372e1b69de582b87e
2023-03-24 16:18:39,False,0.488,0.001525,2.85902,0.0043,0x2a...6bb6,https://bscscan.com/tx/0x4438dffde166cb18a124411cb13f64506c61039fb2c5f670ec58269719b47aa0
2023-03-24 16:18:33,False,0.488,0.001525,39.3229,0.06,0xfb...d67f,https://bscscan.com/tx/0xcaf498774c7c93849a6d0629cc21e12f91ad594717bf6a222e21d8b599bbfd77
2023-03-24 16:16:12,True,0.4932,0.001533,607.824,0.932,0x70...8487,https://bscscan.com/tx/0xb1a5d615abb85c7fef1ac082760ede32a762245e1f8ab714c50a6f005336dbff
2023-03-24 16:15:30,False,0.4904,0.001525,10.0,0.0152,0x4a...ee05,https://bscscan.com/tx/0x7450b06d8538370b474ab05dde6f0e342134b35446132d0e010bb524d313715b
2023-03-24 16:11:00,False,0.4918,0.001526,17615.2,26.8957,0x11...a5bc,https://bscscan.com/tx/0x12b184ff3e6c93b86196c288eaf42c418dcff1e378af46032d195a563b5792f8
2023-03-24 16:09:27,False,0.491,0.001528,3860.45,5.89941,0x11...a5bc,https://bscscan.com/tx/0x41456a4ae528860c6d9da6e8a0ce66a6fab7cc4e6ea862b79325b4647f6f7e41
2023-03-24 16:08:45,False,0.4935,0.001528,847.788,1.29581,0x11...a5bc,https://bscscan.com/tx/0x1c1615157fd157c7a373f71e41b0d2287507fee227b4b8c9ba463b6da410f5d6
2023-03-24 16:05:07,True,0.4966,0.001536,1809.82,2.78,0x5d...8a45,https://bscscan.com/tx/0xbbc3b2b33526c373f99d69432b4d0e7f4d560d5af62f67465637a46ad528da74
2023-03-24 16:00:13,True,0.4948,0.001535,602.623,0.9255,0x70...8487,https://bscscan.com/tx/0x40ca20ad2da668e04fe6965505fe55b140d2d36647482f0158ad702064c501fc
2023-03-24 15:58:46,True,0.4973,0.001535,582.937,0.8953,0x91...79fe,https://bscscan.com/tx/0xfb015e16265f13395973a5a65deebe0c8c035f190b42f1e35974c06beba03a50
2023-03-24 15:56:58,True,0.4974,0.001535,556.027,0.8539,0x62...1f10,https://bscscan.com/tx/0x2bc4c6929018ee74c1514aa3503e1e751b2449160d0b96c9bca62fbd2754f76b
2023-03-24 15:56:46,True,0.4949,0.001535,1108.26,1.70193,0x62...1f10,https://bscscan.com/tx/0x0bde1dbbd072e74f38d5d04c411f4f2e84f8764a390bd33661ba0109420ddf42
2023-03-24 15:56:46,True,0.4948,0.001535,1567.8,2.40736,0x52...1c7e,https://bscscan.com/tx/0x65e88de753b922b1fa1751fe02ffc2e565c9cdf5b5504f49b1560ec66fea2355
2023-03-24 15:52:22,False,0.4923,0.001527,26.6249,0.0406,0x6b...45c9,https://bscscan.com/tx/0x9d9801e2c4578d584f9bea69be27195ca2aa640aca458900e0e2f7140416a4b3
2023-03-24 15:52:22,False,0.4923,0.001527,74.0265,0.113,0xaa...3e7a,https://bscscan.com/tx/0xb3b925ce51bd1cd8ac2252d39a50122e4f9ef51f24397121df2c61136b4ef193
2023-03-24 15:51:49,False,0.4948,0.001527,20.0,0.0305,0x6b...45c9,https://bscscan.com/tx/0x1a4eda0ee48e8a37e19117357df845928317fd09483214898126db7c777d30ba
2023-03-24 15:50:22,True,0.4971,0.001535,2279.71,3.5,0x52...1c7e,https://bscscan.com/tx/0x9f7228603dcbcabc6117ecae9f9636fa707858cc0856349e1b37e146cef969c1
2023-03-24 15:49:16,False,0.4943,0.001526,64.9638,0.0991,0x01...14a3,https://bscscan.com/tx/0x082c8e7d7a60fdac91ba9b7a5d8de9c78f08b9f169d43215ab7eddeaa87e1ad4
2023-03-24 15:49:01,True,0.497,0.001535,1747.74,2.68285,0x27...b6f2,https://bscscan.com/tx/0x2df51775ee03518bc6d39e99ae1c141d9e1b3e206f0b657685c4844791387e7e
2023-03-24 15:48:52,True,0.4969,0.001534,1004.87,1.54234,0x80...a49b,https://bscscan.com/tx/0xc46f9df984d7a4ea7bdd8af83ba929a583257702584039bfc2ce9b82259e027b
2023-03-24 15:48:52,True,0.4969,0.001534,2010.02,3.08474,0x80...a49b,https://bscscan.com/tx/0x8a220050ecb6d180f5228afb1ba4d9cef6e45e649e5669e1c45f71a3d6053b0d
2023-03-24 15:48:52,True,0.4966,0.001533,10000.0,15.3393,0xdc...ad8e,https://bscscan.com/tx/0x98d5a1842cda49e964cad21e5c9353eafb436e6b5fe02c2b9f3acf3d0c38d007
2023-03-24 15:48:52,True,0.4964,0.001533,2282.85,3.5,0x03...9fa1,https://bscscan.com/tx/0xfcbaa121462b6914661b4c733301e76e422b6aa425e8fbaf73a52f8da62d3d0e
2023-03-24 15:48:52,True,0.4963,0.001532,2226.96,3.41369,0xed...4f31,https://bscscan.com/tx/0xb6a2a4fabde2034c7ac0dfe0be7eb4ba23fb90c0c04d5f14cdd8e6e8cba2b072
2023-03-24 15:48:52,True,0.4961,0.001532,10053.0,15.4026,0xb4...71f3,https://bscscan.com/tx/0xdaa502336570551d11606202ab70f15033200e286487351a87e265fefd11e6f9
2023-03-24 15:48:37,True,0.4958,0.001531,2603.3,3.98657,0xef...51dd,https://bscscan.com/tx/0x1991f152f891eacfb335e89bc05ef6215856a276fb2766d1bf8761dd553bc911
2023-03-24 15:48:34,True,0.4958,0.001531,460.374,0.7049,0x62...fadf,https://bscscan.com/tx/0x868fddfb51c87fef640d1ebf9154d38618a6f6be778498734935e3a83e77bfe6
2023-03-24 15:48:34,True,0.4957,0.001531,2604.8,3.98788,0xef...51dd,https://bscscan.com/tx/0xf9bf6386def57f02eb79f0277a3a0b3e049d2d5b36cd51a8401564a68aa0c656
2023-03-24 15:47:52,True,0.4926,0.001529,17371.7,26.5741,0x83...6678,https://bscscan.com/tx/0x0d130ece692f9541bb7853ef82f37f4c51843b0dc6a3c6948da23f80468063c3
2023-03-24 15:47:13,True,0.4947,0.001528,259.598,0.3968,0x91...79fe,https://bscscan.com/tx/0xa2f31ad635ef90714719ee56bbf04c6d6744c41be9f0fa2e3582cfbaf4e8df90
2023-03-24 15:47:04,True,0.4947,0.001528,946.588,1.44693,0xda...6e1f,https://bscscan.com/tx/0xa202c837b4d2f1f47b8338fef9884f168ee05fbd7d12113230d0ea6db275c214
2023-03-24 15:47:04,True,0.4946,0.001528,946.157,1.44616,0x62...1f10,https://bscscan.com/tx/0x9c74c8cc6a3a2b02ef0e4390917e11aaa259c521db1e7fe1e5e87adfe09b671e
2023-03-24 15:47:01,True,0.4945,0.001528,5215.1,7.96909,0x11...a5bc,https://bscscan.com/tx/0xa475946f6611106cda4a354e5684f31e1785a2bc70faee55107e3ed01d772811
2023-03-24 15:46:58,True,0.4944,0.001527,778.174,1.18882,0x62...1f10,https://bscscan.com/tx/0x569e0b5129e23ed30d6b7a39a171b4365ce4b0c533e6457b30ceeade99d8587f
2023-03-24 15:45:28,True,0.4949,0.001527,589.15,0.9,0x7d...3b6b,https://bscscan.com/tx/0x0ed6dde7d2fb6ae93e2675776ab9ac08b302fe6e58d8620c681e7365257a24d2
2023-03-24 15:45:13,True,0.4921,0.001527,605.788,0.9253,0x70...8487,https://bscscan.com/tx/0xdecf0465510c00da27c7d7a4a70656cb4d56170d1a1b9a324f8f915b8c2551f7
2023-03-24 15:45:07,True,0.4944,0.001526,10291.7,15.7142,0x83...6678,https://bscscan.com/tx/0xa21e455adef139b720e07500c1d72d3e243c4473c1aa0df8638aa4edf863a167
2023-03-24 15:45:07,True,0.494,0.001525,10322.2,15.7476,0xad...a9a6,https://bscscan.com/tx/0x0628b73f57fa1137b62aa96a841ea6cc39f56ca911efd06c2254ac3bf2231a70
2023-03-24 15:44:34,True,0.4914,0.001525,9.60789,0.0146,0x6b...45c9,https://bscscan.com/tx/0x10a0f86843916695de7658331eec7b447277e9a653c2ee493711a42f2bb9e02b
2023-03-24 15:44:07,True,0.4938,0.001524,1245.15,1.89873,0x11...a5bc,https://bscscan.com/tx/0x317bfdc372f46a970e9cbfbd6dba4825b92fb6c00467429edf5da0e5abc08f5c
2023-03-24 15:44:01,True,0.4938,0.001524,86.9643,0.1326,0x0e...2f4c,https://bscscan.com/tx/0xe9f3764a8ba933cfc3de2e6b4310c73257a5c6ad7e85bb77c7787f93f7bb79d1
2023-03-24 15:43:55,True,0.4938,0.001524,449.42,0.6852,0xdb...3a26,https://bscscan.com/tx/0x95d01c12fe5ebcfeadda4033196abec0790ebca4c399bcdae332526c1abc92d6
2023-03-24 15:43:55,True,0.4934,0.001523,16018.0,24.4077,0x11...a5bc,https://bscscan.com/tx/0x44cadd168d4b04cb807856965d3c2e134c9c94a98e81be40f8ab8d5857d86eb6
2023-03-24 15:42:58,True,0.4906,0.001522,2298.28,3.49948,0x3f...573a,https://bscscan.com/tx/0x97e86a6c210093b1ae0dd44dd596e2917a6f026cd4b647fcbc11050f8f02db52
2023-03-24 15:42:49,True,0.4906,0.001522,681.204,1.03711,0x91...79fe,https://bscscan.com/tx/0x76b0d85e573bc87d6611e31a03f5d9401a21cada85a6cb7d2c06a12e2af70a7e
2023-03-24 15:42:01,True,0.4905,0.001522,857.5,1.30543,0x67...b7c1,https://bscscan.com/tx/0x9b86bfb40fbc567ecc1f2e90f7b8ab3bdafc05e06972d6464b7e31b097c88e6a
2023-03-24 15:41:55,True,0.4905,0.001522,710.6,1.08173,0x34...7c76,https://bscscan.com/tx/0xa90a22d5ce111ce9d1c4cd3f04a0a6a3ea7f631f1345fa012b0046ed444c6e90
2023-03-24 15:41:52,True,0.4904,0.001522,1769.17,2.69289,0xb3...55e7,https://bscscan.com/tx/0xe42839a322e0e42ed2e3b8f5ff65ab5d7d7085690153ab122d23dae34f17c467
2023-03-24 15:41:22,True,0.4928,0.001521,1649.07,2.50975,0xca...34d7,https://bscscan.com/tx/0xdc7b632a4d38dcb496eaf9b649678d19e3c4d5279f30ee9f1557dbd41060910a
2023-03-24 15:40:55,True,0.4931,0.001521,852.727,1.29765,0xf2...bfcf,https://bscscan.com/tx/0xeee4766142e81ff78dd393c71962e6153e59bf900e46c581868e001803005df7
2023-03-24 15:40:49,True,0.4931,0.001521,2300.26,3.5,0x3f...573a,https://bscscan.com/tx/0xdbf8cfcdaba54831b56c131f09c60c538820e8ee19240e3d13d562cc73f6da8a
2023-03-24 15:40:43,True,0.493,0.001521,2300.69,3.5,0x8d...1b76,https://bscscan.com/tx/0x943690fc615739371cf029d0ee038659fd73b263c5746c2dd3a7f1cc55b926a2
2023-03-24 15:40:31,True,0.4905,0.001521,2301.11,3.5,0xf2...bfcf,https://bscscan.com/tx/0x25c834199837dcee66c3a4ee2e735e7c1a2529c7facfa961b78409c6ea18e712
2023-03-24 15:40:22,True,0.4929,0.00152,2301.54,3.5,0x3f...573a,https://bscscan.com/tx/0x2ae56a57858c5fab8b0500ce51821a20afeb03b111696e819b7e9b9ea451a8ce
2023-03-24 15:40:12,True,0.4928,0.00152,2301.96,3.5,0x8d...1b76,https://bscscan.com/tx/0xcfce0c5108d035d97dec1e15e7f771a2bcc3e423e58cc492065a9cba635b5cfb
2023-03-24 15:40:04,True,0.4902,0.00152,2302.39,3.5,0xf2...bfcf,https://bscscan.com/tx/0x56a9d17d090d100133a08e9568e6818677d1e9c28f4b80d4df240ccfb3d72032
2023-03-24 15:39:55,True,0.4926,0.001519,2302.82,3.5,0x3f...573a,https://bscscan.com/tx/0x73c550051ebdc92a273e15b469970dc8a384bfbc8d123cf7375da05f0e23ac42
2023-03-24 15:39:37,True,0.4928,0.001519,2303.24,3.5,0x8d...1b76,https://bscscan.com/tx/0x7daa70df5829603bb4e114ef29df045b6f469ba2613908bc2f323ee5159e6b15
2023-03-24 15:39:26,True,0.4928,0.001519,1322.86,2.00991,0x27...b6f2,https://bscscan.com/tx/0xdcecfe3d69132f52da5dcc4be0b0dabd952fa26f425318db267ab96d361d6ed1
2023-03-24 15:39:22,True,0.4927,0.001519,2303.92,3.5,0x8d...1b76,https://bscscan.com/tx/0x9d781547f77dbf32b65e75655b46c7e0b4a60325743074fcc20e0290407d2044
2023-03-24 15:39:22,True,0.4926,0.001518,1785.77,2.7124,0xda...c952,https://bscscan.com/tx/0xea9a534e2e3095eea95bf002d6991b4eda44b510efca719399a3481eea2edd3a
2023-03-24 15:39:19,True,0.4925,0.001518,449.75,0.683,0xdb...3a26,https://bscscan.com/tx/0x93e20a06b64c0d45a54d4fa0c8d8c7afc5f7c94f99f2f3e4e84569fe149f7ca1
2023-03-24 15:39:16,True,0.4925,0.001518,2304.76,3.5,0xf2...bfcf,https://bscscan.com/tx/0xe8d8827993bbb12344166dd8d7510b7dde10b04470c3387e5d4c0c406220e233
2023-03-24 15:39:16,True,0.4924,0.001518,2305.19,3.5,0x52...1c7e,https://bscscan.com/tx/0x4e7df465e133e0462b79137b0506fe2f90340c3e658b39cb73e941496dbd047a
2023-03-24 15:39:16,True,0.4923,0.001518,2305.61,3.5,0x0c...8533,https://bscscan.com/tx/0x79a8ae202ab0db112874a5dd435d54fd7c33d2bf5f224bbbf5b783989e57f005
2023-03-24 15:39:01,True,0.4922,0.001517,2306.04,3.5,0x2f...e155,https://bscscan.com/tx/0x24cdfecb848636f359b61a562b312361303acc5be91ace593f24c4b491f088ed
2023-03-24 15:38:51,True,0.4921,0.001517,2306.47,3.5,0xda...c952,https://bscscan.com/tx/0xc1a33d9675e68615a457198bc62849cafd0a6d9409a514ff3d1be89bc5d242ef
2023-03-24 15:38:45,True,0.492,0.001517,2306.9,3.5,0x0c...8533,https://bscscan.com/tx/0x432ca60979c3743df541feea6136a8e5230c67209f5c83ae67df8b5ab77d81e6
2023-03-24 15:38:39,True,0.4919,0.001516,2307.32,3.5,0xda...c952,https://bscscan.com/tx/0x3dfdf0407ef9ffb2b786838b27e752ba40649dd033daaa72ceb4f510fd59c2b7
2023-03-24 15:38:30,True,0.4918,0.001516,2307.75,3.5,0x2f...e155,https://bscscan.com/tx/0xe1327060498f2013c43290fde231ff3442876e59d6fe04a1ad99cbf67aeaa5a4
2023-03-24 15:38:15,True,0.4893,0.001516,2308.18,3.5,0x52...1c7e,https://bscscan.com/tx/0xc8086672c5345ea74684b20ecfcb673719a8b9ea82c3e4fd049b0479770213f8
2023-03-24 15:38:15,True,0.4892,0.001516,2308.61,3.5,0xda...c952,https://bscscan.com/tx/0xee4379bbf26b879ad484e8774ed40ad66b5c8d881203db7c6131685c2dc57fc1
2023-03-24 15:38:15,True,0.4891,0.001515,2446.1,3.70774,0x00...78d2,https://bscscan.com/tx/0x91d5b42da74d57a7cb61157ae328932133f2dc869e609e23e8b75af505c52fe5
2023-03-24 15:37:38,True,0.4889,0.001515,3948.19,5.98303,0x34...7c76,https://bscscan.com/tx/0xbd3c40bd56e446bea81bcaf32b59321b78cbec9773f441ee86c029931d33bdfc
2023-03-24 15:37:17,False,0.4889,0.001507,100.268,0.1511,0x1a...33f0,https://bscscan.com/tx/0xffda758c3c1dfccbbfc6cb0765013f5bef6523a296d5f30f4cdd156671256f3c
2023-03-24 15:35:47,True,0.4888,0.001514,5243.87,7.94361,0xf9...5ebf,https://bscscan.com/tx/0xfdff7c977c86b6117b9364ab12f4b1131eaf0b54eed25e2561e49264632c8778
2023-03-24 15:35:14,True,0.4908,0.001513,13636.6,20.6415,0x71...69e3,https://bscscan.com/tx/0x1fdb7ce1e29c770a07f178fc4cfc9e7ecd35fa1e0bdffb2fcd162ed691f32e5e
2023-03-24 15:35:14,True,0.4905,0.001512,2446.1,3.70025,0x00...78d2,https://bscscan.com/tx/0x40ec7ccfc94c30e8adfed9914857f40f547099d6935e7044e9d0f774679fa81c
2023-03-24 15:35:11,True,0.4904,0.001512,2446.1,3.69952,0x00...78d2,https://bscscan.com/tx/0xf0f33c5b2c3f3fc6c42ea3f38ab8d8a8556a7452734c2517c098f47e38768c60
2023-03-24 15:35:08,True,0.4903,0.001512,2451.1,3.70635,0x05...7eea,https://bscscan.com/tx/0x9e46cb8a260ca577b9b0c88ca33c2290229856f5b9817547648ab76bd7e5207a
2023-03-24 15:31:29,True,0.4877,0.001511,1032.23,1.56064,0x3e...a7c8,https://bscscan.com/tx/0x16be333d75d8449f24984ed8408a318213fceae834c96981126bcfc97a67817c
2023-03-24 15:31:29,True,0.4877,0.001511,786.475,1.18899,0x62...1f10,https://bscscan.com/tx/0x874c51251f5d861ee978bd3e0778665ffb57fa7b8b71622cce26c3f7adada7fc
2023-03-24 15:29:11,True,0.4901,0.001511,611.711,0.9247,0x70...8487,https://bscscan.com/tx/0x54b7f91669f312d2d163c60ae61dddf2cd74394ad1d2002e52a55b97361ad5fd
2023-03-24 15:27:23,True,0.4876,0.001511,1157.2,1.74923,0x56...0086,https://bscscan.com/tx/0x4ef29ac6a75b21fd7270ec22502cf54283451145202ecc587790d45aef94dec9
2023-03-24 15:26:35,False,0.4857,0.001505,26836.1,40.4045,0xcf...f8b8,https://bscscan.com/tx/0xc2ca1540ac13b99b9c25adfdc768d9f758c81eb24d98620d39d3b9420f0cc166
2023-03-24 15:26:35,False,0.4865,0.001508,13348.4,20.1297,0xb4...71f3,https://bscscan.com/tx/0x4f7dea6b074db278fffc8adbefbb8d6d8341ab8a8870ef91b250a595ad21ff55
2023-03-24 15:26:17,False,0.4892,0.001508,26.2765,0.0396,0x4d...69df,https://bscscan.com/tx/0x18c0a0f5843facdae834a4e11749d51662e56509537f1dd70609a9c9ebff4192
2023-03-24 15:21:05,True,0.4892,0.001516,854.751,1.29611,0x91...a456,https://bscscan.com/tx/0x3ee6e78e96e273f4028122a0440f86dd7180a7212484183591035de9c89ee91b
2023-03-24 15:19:17,False,0.4867,0.001508,350.0,0.528,0x07...05f3,https://bscscan.com/tx/0xb0b3b43e2bb7985253985963698018022504d83fa3d188788307c29b48967ef4
2023-03-24 15:17:56,False,0.4893,0.001508,2461.92,3.71485,0x00...78d2,https://bscscan.com/tx/0x56477d2d0c03da58b6957098f5d2337d58b99b7e41afc8b4ea2fcc50cfbb7b1f
2023-03-24 15:14:26,False,0.4861,0.001509,100.0,0.1509,0x84...746e,https://bscscan.com/tx/0xeac59c5c9bf47b7cd846ec1c16086efc4317bb61a260eb510a436019c9277138
2023-03-24 15:14:11,True,0.4903,0.001516,611.142,0.9268,0x70...8487,https://bscscan.com/tx/0xcbb604965f5be013670df80a9aec03cd4f660b3fb983e87cdf01be8fd905fed8
2023-03-24 15:13:02,True,0.4894,0.001516,306.098,0.4642,0x90...965c,https://bscscan.com/tx/0xf125350610cc2fb0eef7a281cb561856c488c92748ef56d7db0536c8f0ae3379
2023-03-24 15:09:50,False,0.487,0.001509,200.0,0.3018,0xe3...3a9b,https://bscscan.com/tx/0x037751e5a580b27271ed9fe2c8f8a42fd2b90d451d86ec18966a6725012120fa
2023-03-24 15:07:47,False,0.4846,0.001509,4141.8,6.25102,0xef...51dd,https://bscscan.com/tx/0x6a37054e14bfeaab5b41a500b5a3a8cb22bd54eaff7f5b4cbb751fac265fe495
2023-03-24 15:07:44,False,0.4847,0.001509,1075.2,1.62309,0x8a...a6bc,https://bscscan.com/tx/0x8a3ba85ab9c7e443ea639802642ac4c641e01bc1a8743027fdbc724ced63780e
2023-03-24 15:07:44,False,0.4848,0.001509,4141.0,6.25243,0xef...51dd,https://bscscan.com/tx/0xaedb9435978efa1ba758025f214a33a1f4c13493087fb16c9ecd2e163af44ce3
2023-03-24 15:07:41,False,0.4849,0.00151,4124.14,6.22904,0xef...51dd,https://bscscan.com/tx/0x4043cb7545c7331870cbebcfd90e6b0eb7350745952e260e71529f508946cc0b
2023-03-24 15:07:20,False,0.4875,0.00151,4122.59,6.22876,0xef...51dd,https://bscscan.com/tx/0x737456166cd50f20e802ab6e89c34c206838a1527b599ff47c430346d99d0188
2023-03-24 15:07:17,False,0.4876,0.001511,4135.3,6.25003,0xef...51dd,https://bscscan.com/tx/0x01d15173e54779ba44159636824102d0d0ff7474fdcc44d283ee53b17e277ac1
2023-03-24 15:07:14,False,0.4878,0.001511,2900.0,4.38425,0x83...6678,https://bscscan.com/tx/0x199831709393ab7d0a5de723dd909fffc1de3d1cd57088aee4d561c3e8adc4fd
2023-03-24 15:07:14,False,0.4879,0.001512,4142.0,6.26369,0xef...51dd,https://bscscan.com/tx/0x95fbd607ec7656ddbd8ef8bb00ea68aa44c2743c3ae04f22adf28aa5229cc9f5
2023-03-24 15:06:53,False,0.4856,0.001512,450.0,0.6806,0xdb...3a26,https://bscscan.com/tx/0x4bc6ba3dd7feea66de51758a5201392e042e863775dfd44665f6030e3e729824
2023-03-24 15:06:47,True,0.4904,0.00152,40.7169,0.0619,0xa9...86d9,https://bscscan.com/tx/0xa59104a87c0dd052f3e160d8983267a1e93c2149ee182e14596c2a4f08984f6a
2023-03-24 15:06:08,True,0.488,0.00152,59.6097,0.0906,0x0e...2f4c,https://bscscan.com/tx/0x0f994266fdbc4ebfb7e1c92f4c347bda77a70a6088ccfaec1c162b978cd25919
2023-03-24 15:05:53,False,0.4859,0.001513,22944.7,34.7366,0xf2...bfcf,https://bscscan.com/tx/0xee6d587411cf9e60d18802b96e2167d50c906399cdc79bcf9239bba505a88354
2023-03-24 15:05:47,False,0.4866,0.001516,11490.2,17.4194,0x91...79fe,https://bscscan.com/tx/0x490ce8651c3afe9e0317c5ea1a88f2d97d1bc15aa0e76671fb833bef75299778
2023-03-24 15:05:38,False,0.4895,0.001517,14984.9,22.7417,0x2f...e155,https://bscscan.com/tx/0x212feef0f3ae74f050e0f32deefa8f6bd409cacebcf4a285b1e9048d27c0229b
2023-03-24 15:05:38,False,0.4898,0.001518,450.0,0.6833,0xdb...3a26,https://bscscan.com/tx/0x1a65815bd6d3db4b6f6ba7bb29aeb0f9008d1f764f6c71a2fbc4545354bb032e
2023-03-24 15:03:29,False,0.4903,0.001518,450.0,0.6833,0xdb...3a26,https://bscscan.com/tx/0x470e1cc1ba93481cbcb3c01de2f8c7c188d56797d39a91cf87008173841b1706
2023-03-24 15:03:26,False,0.4903,0.001518,2912.15,4.42309,0x0c...8533,https://bscscan.com/tx/0xc0d689e8feff563979dd87a4ecce3883e6aad2649c07340fe604e3a53fb9a9f3
2023-03-24 15:03:26,False,0.4905,0.001519,6900.75,10.4853,0x62...1f10,https://bscscan.com/tx/0x972a5e0e4348ed14fa1b18899244b3d3fc0300707e1be789623ef8336cf3f74e
2023-03-24 15:03:26,False,0.4908,0.00152,8228.23,12.5099,0x27...b6f2,https://bscscan.com/tx/0x75885e3804ab720de6f21f56252f9c08b8844b1cdf424c81c530203249f40e7d
2023-03-24 15:03:17,False,0.491,0.00152,906.109,1.37812,0x11...a5bc,https://bscscan.com/tx/0x6d61303ad20f64d8740f8155c313326db43b1c0d32fbb8e7cd10ced4eae549b4
2023-03-24 15:02:59,True,0.4934,0.001528,2289.87,3.5,0x8d...1b76,https://bscscan.com/tx/0x22e0134c989182495ef7565e4a0905a7f290a68c4b22137c22983a305d2516b0
2023-03-24 15:02:53,True,0.4908,0.001528,2290.29,3.5,0xf2...bfcf,https://bscscan.com/tx/0x2903e1802cb59747dc7249c095c21bf57ee35744fdf52cfdcb93976d3963c4d3
2023-03-24 15:02:47,True,0.4908,0.001528,449.896,0.6874,0xdb...3a26,https://bscscan.com/tx/0x2c1baf95c6b698e676404528a507c07f6c4c4d590cdce9a88c5b9bc104714f9b
2023-03-24 15:02:44,True,0.4908,0.001528,568.346,0.8684,0x03...9fa1,https://bscscan.com/tx/0x4c96b038ea75ba463b433d756241fa43daacbd462ed6213dfc567ccfd3c3fd35
2023-03-24 15:02:44,True,0.4907,0.001527,2290.9,3.5,0x3f...573a,https://bscscan.com/tx/0x3c2004c2631896c5f16a8d3bfe7c17c72964781ff63f0d2b186b7bedd4e35c3e
2023-03-24 15:02:41,True,0.4906,0.001527,2291.33,3.5,0x8d...1b76,https://bscscan.com/tx/0xdd43f928e0ea1890b502b886934d7d30408b2dc86c11ab518d5478a087683656
2023-03-24 15:02:41,True,0.4905,0.001527,1818.89,2.7779,0x2f...e155,https://bscscan.com/tx/0xa9ade7e1036ff9989f90a0cb3eb9874005870d55b6d5979488aefbb5c964628d
2023-03-24 15:02:35,False,0.4904,0.001519,48.7,0.074,0xe5...4cf7,https://bscscan.com/tx/0x8b9b5e91c7dcfa026cf2c4e0c18c12c62cbc9802e7b5ad381fc758256c5d1437
2023-03-24 15:02:35,True,0.4928,0.001527,2292.08,3.5,0x0c...8533,https://bscscan.com/tx/0x97d2919c8dead5ffc958737e8bec488093d68a3f3930812b817ca0ba6d5a36e8
2023-03-24 15:02:32,True,0.4927,0.001526,2292.5,3.5,0xf2...bfcf,https://bscscan.com/tx/0x8b6603086d9b0c510b0f54dac772383c42435a6630b9ec696aeb511ef4b878a7
2023-03-24 15:02:29,True,0.4926,0.001526,2292.93,3.5,0xda...c952,https://bscscan.com/tx/0x1cf742146d6ed8f6ef5b188540abc48661ab9dcf5270e2fcc4cd94b595cc3bd1
2023-03-24 15:02:26,True,0.4925,0.001526,4043.8,6.17101,0xef...51dd,https://bscscan.com/tx/0x90bf9c1e11d4d611eae0b6646d5c8e03b273a961e623537c9c1a502efdb631e8
2023-03-24 15:02:26,True,0.4923,0.001525,2294.1,3.5,0x03...9fa1,https://bscscan.com/tx/0x9b59d097656fe89df14d7b0aa1862a1cd367dacb44088bc5441ca91988ef6953
2023-03-24 15:02:26,True,0.4922,0.001525,2294.52,3.5,0x0c...8533,https://bscscan.com/tx/0x6b732bf6c2e76564c9425362f7774f073a1a0a01952d60ede1e21cb427ae61d0
2023-03-24 15:02:26,True,0.4922,0.001525,2294.95,3.5,0x3f...573a,https://bscscan.com/tx/0x46658db12647d0c53cd1ef28ebcbbb559dbc8511293567159c23d2613c1379ef
2023-03-24 15:02:26,True,0.4921,0.001524,2295.37,3.5,0xda...6e1f,https://bscscan.com/tx/0x70c229e7ba0485c47f7db4e64fc2297b9e8d865de5c789f645a5a6ad15a6667d
2023-03-24 15:02:23,True,0.4923,0.001524,2295.8,3.5,0x5a...6651,https://bscscan.com/tx/0x176fa20309a802aa46196345abeb7e12765900c292cea3cc4ea379818a82c804
2023-03-24 15:02:23,True,0.4922,0.001524,2296.22,3.5,0x8d...1b76,https://bscscan.com/tx/0xb3492582d33db9fd7a59174539151002f716b0be2b80307c9cdea1027563eda0
2023-03-24 15:02:23,True,0.4921,0.001524,2296.65,3.5,0x91...79fe,https://bscscan.com/tx/0x501bd2ea789850bc87f0df4e189dc2d49248747e0cb309e85339f238d325f57e
2023-03-24 15:02:23,True,0.4921,0.001523,2297.07,3.5,0x2f...e155,https://bscscan.com/tx/0xa9d487a693577266c39955a1aa6bafc54350132dc002aff99ef8c13e28bc8566
2023-03-24 15:02:17,True,0.492,0.001523,2297.5,3.5,0xf2...bfcf,https://bscscan.com/tx/0xeb3b69265c1de3b690d7c7a760713e09de34b2360989aacd309b12579ab4ac49
2023-03-24 15:02:17,True,0.4919,0.001523,2297.92,3.5,0x52...1c7e,https://bscscan.com/tx/0x289fc53f37bae8ee79e258c5a55a89d08ef62238b4db44d49c31c97f126d268a
2023-03-24 15:02:17,True,0.4918,0.001522,2298.35,3.5,0xed...4f31,https://bscscan.com/tx/0xbedc90a6b328118ec1b6581884812eae0987a58196ce32c915e3856e9ab826d2
2023-03-24 15:02:17,True,0.4917,0.001522,2298.77,3.5,0xda...c952,https://bscscan.com/tx/0x209b3a186684649b927d15ce11e1d1c53a6d1d8f696fc424a239a6b177145d97
2023-03-24 15:02:11,True,0.4916,0.001522,2299.2,3.5,0xda...6e1f,https://bscscan.com/tx/0x88c8b826191b1dc3994b666897cbc0ab5b012fce68f156f7cd629237554da79c
2023-03-24 15:02:11,True,0.4915,0.001522,2299.63,3.5,0x3f...573a,https://bscscan.com/tx/0xe149c196d9b459ca628b8f96f70a2cc8027cb25af2bbb0b3469f91880b471c89
2023-03-24 15:02:11,True,0.4914,0.001521,2300.05,3.5,0x0c...8533,https://bscscan.com/tx/0xe4d7dba34ff99582bf268fbe2c97b435d7d71a0297942c50776ab01625663b46
2023-03-24 15:02:11,True,0.4913,0.001521,2300.48,3.5,0xed...4f31,https://bscscan.com/tx/0x165a7f15b1ba5e26cb739702661cf04d4ba50394d52a9e937260c7e4593ff2e2
2023-03-24 15:02:08,False,0.4888,0.001513,20.4379,0.0309,0x52...8d7e,https://bscscan.com/tx/0x3402179766996229e0b3ff7bb5a2f758b271b91f66be0d68408a3f2b4cd1185d
2023-03-24 15:02:08,True,0.4913,0.001521,906.109,1.3784,0x11...a5bc,https://bscscan.com/tx/0x64789073fdd5534f69dc35bffdfb78a43e7e2a79aecc7222c770022b9e37d9f8
2023-03-24 15:02:05,True,0.4912,0.001521,2301.07,3.5,0x52...1c7e,https://bscscan.com/tx/0x3f333bb9e48a90f5cbc1aadc45d4dd27d4d14ebaad19973bc4ce51110b9091a5
2023-03-24 15:02:05,True,0.4911,0.00152,2301.49,3.5,0x8d...1b76,https://bscscan.com/tx/0xee5e6ca38d3dd6314e5f7d32dbe157f95eaeca19db8da153c043cf55504463f0
2023-03-24 15:02:05,True,0.491,0.00152,2301.92,3.5,0x62...1f10,https://bscscan.com/tx/0xd0499a8dad6d0d2802bba5681fdc79ebae18be0f7cb561d6e25542cc3118e25d
2023-03-24 15:02:05,True,0.4909,0.00152,2302.35,3.5,0x5a...6651,https://bscscan.com/tx/0xfc23d308804128b7a8c69100874af2c8d3dee67a603c61bf80e68fc1c7c3ceb0
2023-03-24 15:02:05,True,0.4908,0.001519,2302.77,3.5,0xda...c952,https://bscscan.com/tx/0xa67c3ec3925400ccb11f26ed67581c7f66c5d6486ed13dbf9c2fd04214388499
2023-03-24 15:02:05,True,0.4907,0.001519,4075.43,6.19267,0xef...51dd,https://bscscan.com/tx/0x89d5bc5296bf67cc73557ab6c6a173ed36100ad33c6ca004cd16b4a50976bb77
2023-03-24 15:02:05,True,0.4906,0.001519,12792.9,19.4355,0x63...e6f7,https://bscscan.com/tx/0xf199c5b8699198385dc96b395c5ae18c4d140a9e86d23e306fd41d16357aadb8
2023-03-24 15:02:05,True,0.4898,0.001516,14471.7,21.951,0x83...6678,https://bscscan.com/tx/0x3b7c41eeb072389ce64a0411e1d11cd7b87da8089012db6a6df6f61a90243316
2023-03-24 15:01:50,False,0.4871,0.001508,5980.0,9.02221,0x83...6678,https://bscscan.com/tx/0x85ad101145fff5aaaa539c680a5b08442aadf909f42b6af264ed11303ea9c6a8
2023-03-24 15:01:44,False,0.4872,0.001509,220.486,0.3327,0xbe...391b,https://bscscan.com/tx/0x4eaf8464cb89aa84a963c0be3402d4daeed2794bac4a30dca85993dcbf7ce4d7
2023-03-24 15:01:38,False,0.4873,0.001509,500.0,0.7545,0xc5...05bf,https://bscscan.com/tx/0x873811defd2a5e0a05a3106c768cee21e0fdcdec630fa5e8f74197d850eda178
2023-03-24 15:00:14,True,0.4871,0.001516,382.402,0.58,0xc9...5d93,https://bscscan.com/tx/0x392f56889175bae9d3f66f77a27aca00167d430da72cb3901e9d29db99fa3ce7
2023-03-24 15:00:11,False,0.4872,0.001509,2665.0,4.02227,0xef...51dd,https://bscscan.com/tx/0xd8851d6f9b120bb0cd7a73ac1be802e4adbae0359eaa0aa25033e26e9e691da7
2023-03-24 15:00:08,False,0.4873,0.001509,2662.8,4.01981,0xef...51dd,https://bscscan.com/tx/0xe33e4ad17849002575fb8636c55cc37a585e3d0af039e6f3b6938806acffc138
2023-03-24 14:59:53,True,0.4897,0.001517,922.809,1.40018,0x53...a498,https://bscscan.com/tx/0xb8e7fa1c41cf9b6909001558b958c0635b6bc8c5484bcf3bb62d4efd5c22c001
2023-03-24 14:59:47,True,0.4896,0.001517,2062.33,3.12879,0x53...a498,https://bscscan.com/tx/0x781fe681f75cb9a9d92336d62750d37b24178694a6f5e4adc6e4ea5d2f881be4
2023-03-24 14:59:11,True,0.4904,0.001517,610.855,0.9266,0x70...8487,https://bscscan.com/tx/0xb2c080eef869dae02f310a94ccdad6555c59a391aa60960dfa06424850b2233b
2023-03-24 14:57:53,False,0.4856,0.001509,201.394,0.3039,0x1f...6f88,https://bscscan.com/tx/0x66b271492f151a4d0dd4caa9b6f5dcaf69de18f31eac6c4c15d53f103a61229d
2023-03-24 14:55:56,False,0.4878,0.001508,22.0016,0.0331,0x8c...1d8b,https://bscscan.com/tx/0x9c0df7723d8b34d205498ed8a28b6d57ea48e13cacaea0560360da3119efe2a1
2023-03-24 14:55:53,True,0.4905,0.001516,40.9191,0.062,0x5d...d98a,https://bscscan.com/tx/0x4332af675873021206cf463ca5363ea711d40e1b03429e5d816c092a5f987417
2023-03-24 14:53:20,False,0.485,0.001509,139.074,0.2099,0x01...f06d,https://bscscan.com/tx/0x4abb44520e25557ed78fdbf088e8c1aed9177e380b64377304436050c2c0db18
2023-03-24 14:52:58,False,0.4874,0.001509,19.07,0.0287,0xec...def9,https://bscscan.com/tx/0x9208ea4253c04ba5351a8e9238f418ea40a7521288f523d6d3fc1c980569b0be
2023-03-24 14:47:42,False,0.4872,0.001509,69.684,0.1051,0xad...a934,https://bscscan.com/tx/0xf27787be8551f6f0a951badcf90fa3ce45dd3c30394e34d9d47ff99bd6f466da
2023-03-24 14:44:10,True,0.49,0.001516,610.305,0.9257,0x70...8487,https://bscscan.com/tx/0x4be226cf03fa33c00bc1e61f67b1b593b9634c04dc0a4e4d88a2e9142a6de046
2023-03-24 14:43:13,False,0.4873,0.001508,4.0,0.006,0x2e...aee8,https://bscscan.com/tx/0x0e59feb4b747273f71dca6ec9d29a992fb3dc5dd1fe436e80a3f9fb23daf4e54
2023-03-24 14:31:50,False,0.4853,0.001509,2194.09,3.31187,0xf2...0b05,https://bscscan.com/tx/0x72eeb0fc8755e4139d9487fe0bd9ad9ecc2aa6542df730ca5c18aa33478f3c44
2023-03-24 14:30:47,False,0.4878,0.001509,23.2436,0.035,0xbb...c106,https://bscscan.com/tx/0x7d1e1d22e7b677dbef0b0fa4972ad59953d9ae031a593ccc2348d31c6d150b82
2023-03-24 14:28:17,False,0.4882,0.001509,42.593,0.0643,0x34...8793,https://bscscan.com/tx/0x9b9fcf163cc53628bf2fd70b738cfff9468b8501a93f497859096fa155903a2b
2023-03-24 14:28:14,True,0.4906,0.001517,610.627,0.9264,0x70...8487,https://bscscan.com/tx/0xf5c877e35ad640194ae44c15c9f15b445396ee247c970531ed83293ddad01f12
2023-03-24 14:22:41,False,0.4889,0.001509,173.004,0.2611,0xa8...ffc1,https://bscscan.com/tx/0x80f35be6d26f6304041bc36dafadd405c8a2ab283992f595469e05e709b72a5d
2023-03-24 14:22:35,True,0.4912,0.001515,25072.8,38.0,0x0b...a1ff,https://bscscan.com/tx/0x71bc24411a594a3148630d26b8f97e3f27076d039f53eafb4eb4f546a2697e30
2023-03-24 14:19:59,True,0.4883,0.001514,523.092,0.7919,0x85...7600,https://bscscan.com/tx/0x931928a6055e99dce1e22dc81e3b58221d3315a85eb8cf37c9cdf5be0ed7a1be
2023-03-24 14:19:59,True,0.4879,0.001512,20385.7,30.8386,0xeb...8bba,https://bscscan.com/tx/0x587f186047e5765ca9af710a1cfbebf85c6ed723032670e1d76f86811896a8aa
2023-03-24 14:17:53,True,0.488,0.001511,471.72,0.713,0x9f...7a6a,https://bscscan.com/tx/0x1983aacfefa35fd23bfe262e87d55845045b88462a91cbb89324ed600095aad1
2023-03-24 14:16:26,False,0.4882,0.001503,24.0,0.036,0x72...1add,https://bscscan.com/tx/0xc95c660501b7a7b0bb7619d9e104bb9e9b852128a0f75c5b09e456b906b52ab3
2023-03-24 14:12:44,True,0.4904,0.001511,1260.03,1.90439,0x53...a498,https://bscscan.com/tx/0x4c48ea09d90284cfe34f09863469a2649ce4a095ca5c1f427f5f1664dd6d3254
2023-03-24 14:12:11,True,0.4879,0.001511,611.9,0.9247,0x70...8487,https://bscscan.com/tx/0x96d2a02b80a557c7a8fdc47693381b0691468c508b90dae9d83f5d5c9399ea04
2023-03-24 14:10:41,True,0.4877,0.001511,4029.47,6.0885,0x32...069d,https://bscscan.com/tx/0x9c0f5f7669e86f36e9781fcdbc98b380fcfd37efd3d7bced62ba4fb8ebd5a544
2023-03-24 14:09:11,True,0.4901,0.00151,718.092,1.08483,0x35...aca7,https://bscscan.com/tx/0x40016a18149cf096a78f682f171caaba82602219661c4b4d3b9e5196772d7fa4
2023-03-24 14:08:38,True,0.49,0.00151,208.992,0.3157,0xa7...aa71,https://bscscan.com/tx/0x58a26072f37bddb1ed0866962950014ba7636b3df9f4a29ea273d75fcd75b46d
2023-03-24 14:08:29,True,0.49,0.00151,2087.58,3.15331,0x53...a498,https://bscscan.com/tx/0xc3afa8d5d6c471193eb8e9847df16f1a7378cd23cf97a24efb4db81daf4d05e7
2023-03-24 14:06:41,False,0.4876,0.001502,139.054,0.2089,0xb2...1fdd,https://bscscan.com/tx/0xddc433865a6a6a42b6500f0c4f7f3f7c686ea9ecf50c65bbae1f91671af8336c
2023-03-24 14:05:29,True,0.4903,0.00151,216.707,0.3273,0x49...809d,https://bscscan.com/tx/0xee687ca8a96476af4ef87f72be15b63ecfa8fccdc70786a930714f37e75c0fed
2023-03-24 14:03:35,True,0.49,0.00151,1804.42,2.72516,0x05...8005,https://bscscan.com/tx/0x921d447782ce758ee8d6604f0f78c0a317764062f3d6f4af96534a16bae75aa4
2023-03-24 14:01:44,True,0.4905,0.00151,2209.61,3.33657,0x53...a498,https://bscscan.com/tx/0x6805102fc5f6c2e87008d74f183742978d87319f3d41394a0532a8c797c483c3
2023-03-24 14:01:35,True,0.488,0.001509,2034.69,3.07191,0x89...7d4a,https://bscscan.com/tx/0x0d4938a1f7c3d24ad0926cf4564fac4d9c7d23f2f5bfbf395557dbfccf6370c5
2023-03-24 14:01:08,False,0.4857,0.001502,4137.23,6.21558,0x32...069d,https://bscscan.com/tx/0x0c879a3c90dba4de2a03d56f68dac7f5aeb2da12268f9335c82f52fb75620656
2023-03-24 14:00:32,True,0.4881,0.00151,211.902,0.32,0x82...c8d8,https://bscscan.com/tx/0xb500c47964a31e1298624c1351f3547b21f629b1051af666808913eaa93ff431
2023-03-24 14:00:29,True,0.4881,0.00151,1626.61,2.45621,0x53...a498,https://bscscan.com/tx/0x67fec2f7262cdbd5d0da40903838f70a92b58325cc7c2515166c2758902c1db7
2023-03-24 14:00:14,True,0.488,0.001509,2081.5,3.14264,0x53...a498,https://bscscan.com/tx/0x779478c53f6df675474464c2c07837943400053cbc76b2b80cc302c296258f65
2023-03-24 14:00:11,False,0.4856,0.001502,4136.93,6.21523,0x32...069d,https://bscscan.com/tx/0x4fcabdb490c4c5c06c549abef188e25d19ffdb88e1cb0429c9750bc4bd323d31
2023-03-24 14:00:11,True,0.4881,0.00151,1116.28,1.68569,0x6f...5f25,https://bscscan.com/tx/0x57f632a9e87f0fc0e26dceff69e792525abba9fcc4b7e8b63d8231aa4ffe7389
2023-03-24 13:59:23,True,0.4878,0.00151,158.938,0.24,0x9f...7a6a,https://bscscan.com/tx/0x0a59e2aa3d0a4a8ecf9d223a4b9d74fd918a263984e0a8efaac27df321b510e5
2023-03-24 13:57:44,False,0.4857,0.001502,73.737,0.1107,0x73...bd63,https://bscscan.com/tx/0x2953740eb4e2b5f1739e61690a8520999c751667b4c5c28f30ea91e09c48a2be
2023-03-24 13:57:11,True,0.4905,0.00151,612.281,0.9245,0x70...8487,https://bscscan.com/tx/0xf50be5aa2ce47ff57cc4ad753967b21f6f0801f3918650b5c6c9816edc0236aa
2023-03-24 13:57:11,False,0.4882,0.001502,4136.93,6.21638,0x32...069d,https://bscscan.com/tx/0x2beb54ee97f2b8af3baf871a5010ca3e9ade19f7b4367f600b1b7481b1ac6a6d
2023-03-24 13:56:08,False,0.4859,0.001503,3953.98,5.9434,0x32...069d,https://bscscan.com/tx/0xd95484f3c622688f83137be91832a6cab881a69ebe28cd375b67a7d54b7409e8
2023-03-24 13:55:02,False,0.4885,0.001503,4136.94,6.22043,0x32...069d,https://bscscan.com/tx/0x960562019b7baa2029ddc71dfd277b41fadf641a67087ea2900798e78baea568
2023-03-24 13:54:14,False,0.4887,0.001504,2070.0,3.11329,0x80...a49b,https://bscscan.com/tx/0xc4e6456e346ef4f536d162a506489ccb6342519cfef1f487c6b89574919e0226
2023-03-24 13:54:11,False,0.4887,0.001504,113.717,0.171,0x0e...2f4c,https://bscscan.com/tx/0x544f583b47be8961e75eec912c9bf111536186a3307bf59e1fc8b9016c49270e
2023-03-24 13:54:05,False,0.4885,0.001504,2070.0,3.11383,0x80...a49b,https://bscscan.com/tx/0xc08b97b411dcc68282cdf11a2f25c80fa862f8fa329d2efa8510665df60a4d6c
2023-03-24 13:53:59,True,0.4901,0.001509,44871.0,67.7202,0x89...7d4a,https://bscscan.com/tx/0x6009fcdcc2a59c8335517abf5956611bec16334215b596934262c48a14cb35a4
2023-03-24 13:52:20,False,0.4845,0.001499,3386.1,5.07641,0x3b...290a,https://bscscan.com/tx/0x7a68f998534b4e4fa50668707d359fdfacd99f66d64adb26d752ac275789d7ca
2023-03-24 13:51:38,True,0.4862,0.001505,30690.3,46.1909,0x89...7d4a,https://bscscan.com/tx/0xeb7cc6a92497afdac0e9b17ffeca56f74d51c41d3b0b436dfcfef70423fd0020
2023-03-24 13:48:08,True,0.488,0.001503,38.9454,0.0585,0xec...9221,https://bscscan.com/tx/0x9677a6a7e380bf72ec384a5fcb6ecb507ac258c82860c48c14eefa9046fbc715
2023-03-24 13:45:59,True,0.4856,0.001503,252.11,0.3789,0xa7...08aa,https://bscscan.com/tx/0xa83828a5d78375f3436a53e783368dee9f7d13a7f66de0360ac22b8d193147e2
2023-03-24 13:44:29,True,0.4855,0.001503,1962.95,2.95045,0x7c...2431,https://bscscan.com/tx/0xc48eebef9df35313bf3868d0c10fcc047ee1a40ff437f4982745f4e84e2ef5ae
2023-03-24 13:44:11,True,0.488,0.001502,651.653,0.9793,0x53...a498,https://bscscan.com/tx/0x7206d78f6d363a13e1e1199f6dc34de81b0f5601e2d6138f237e3ab3807095ea
2023-03-24 13:43:59,True,0.4879,0.001502,1602.67,2.40845,0x53...a498,https://bscscan.com/tx/0x4f7d23db73e588770e95a874955a467b727be0eb8bfe691553a91ae6f61bce0a
2023-03-24 13:43:50,True,0.4853,0.001502,852.667,1.28124,0x53...a498,https://bscscan.com/tx/0x1c576ef2acc978dd9d873ae5a527f5c7d807d31d3fc3496942b33255668c164d
2023-03-24 13:43:32,True,0.4876,0.001502,680.658,1.02271,0x53...a498,https://bscscan.com/tx/0x98e36a4aa016c2f518513d9ed9cacbf307b58ec0654cdbe7922b84efbe03f578
2023-03-24 13:42:47,True,0.4876,0.001502,760.835,1.14311,0x53...a498,https://bscscan.com/tx/0x3db6477f5e78d428284f78638d410055f48475525317ce422d60b29ef12fec42
2023-03-24 13:42:20,False,0.4827,0.001494,63.4037,0.0947,0x48...6cd1,https://bscscan.com/tx/0x9d25c904935925e12b6cfa8ee72b84a731b1ecbe4293e732142274d5440b9611
2023-03-24 13:42:20,True,0.4851,0.001502,424.672,0.638,0xac...02c7,https://bscscan.com/tx/0xb906ca3fc8b3e8808dd40162773d1eef2aa4aba80633a933c904aad6a74e52b5
2023-03-24 13:42:17,True,0.4851,0.001502,617.33,0.9274,0x53...a498,https://bscscan.com/tx/0xcaf275659fa531f804e54f8f1cdb3575f3bf488ddaeb1b0a3e5280d57d8c301f
2023-03-24 13:41:59,True,0.485,0.001502,2129.08,3.1982,0x53...a498,https://bscscan.com/tx/0xa64f563020f64c7d3a1f24bb901156d175c9e17576a5cdaf8de6ec448fa75974
2023-03-24 13:41:56,True,0.485,0.001502,1167.92,1.75417,0x6f...5f25,https://bscscan.com/tx/0x92d2008081abf3f89051b448bfe0f159a06dc23ff1491a2d7403d5e1501f1f36
2023-03-24 13:41:53,True,0.4849,0.001501,4045.73,6.07524,0x32...069d,https://bscscan.com/tx/0x884a1ac47cebba72a5ab253fff80e2e3f9b2115a891ac9149a0f264f370c555b
2023-03-24 13:41:41,True,0.4848,0.001501,19.9814,0.03,0xbd...a659,https://bscscan.com/tx/0x18b083bbc5eb7190985d000e9b5ff2f037c923d1a633e594b0c8d59cf4cc1d66
2023-03-24 13:41:11,True,0.4848,0.001501,615.858,0.9246,0x70...8487,https://bscscan.com/tx/0x874f4972930eafb1332edb822db825cb8551afe1151eccfdd6ac2cdb6e0cf6b6
2023-03-24 13:37:44,True,0.4867,0.0015,18431.0,27.6504,0x61...9f2b,https://bscscan.com/tx/0xea0dfc8b9d2340f4764d67e1ebca1344ed7eb5580ff5e815e6a742fcc75c57fb
2023-03-24 13:37:02,True,0.4837,0.001498,13348.4,20.0,0x1c...ef40,https://bscscan.com/tx/0xcf60117493a5de80028842fbfd3610633e6000b4205100724eb027bb4379f9fb
2023-03-24 13:33:26,True,0.4852,0.001497,4224.22,6.32476,0x2e...bf13,https://bscscan.com/tx/0x53bfde21c8b3a0e66eb5d381c6b55725a33e9c798dadfc15b0e00bdecc736654
2023-03-24 13:25:14,True,0.4827,0.001497,617.759,0.9247,0x70...8487,https://bscscan.com/tx/0x50c6facb91437f331ae44aaba7bc9baee9c618c53435c2f9592ce286e3b93ae0
2023-03-24 13:23:56,True,0.485,0.001496,2194.09,3.28412,0xf2...0b05,https://bscscan.com/tx/0x99f93389f6b177d8097b3f233aff7a397fb611437555db2f11110e550528c3a8
2023-03-24 13:22:26,True,0.485,0.001496,823.899,1.23307,0xf4...489c,https://bscscan.com/tx/0xacb02204fdaca2f5350bb6c26ff75d84fdc9f6433074e2362635d7bd25089829
2023-03-24 13:21:14,False,0.4802,0.001489,7.22,0.0107,0xe1...37e9,https://bscscan.com/tx/0xd85073b2a972e3384a8372c6d6eb5bd9e47bcacba9dc1e1e40480baa3b6be1e3
2023-03-24 13:19:05,True,0.4833,0.001496,10350.5,15.4838,0xa5...e457,https://bscscan.com/tx/0x3a5becc855d4a6b1e343eb116e64b658a5ce2a8fcb0f40408be28fd97a17ad55
2023-03-24 13:18:53,True,0.4807,0.001495,0.0091,1.363e-06,0xed...0707,https://bscscan.com/tx/0x3ae70f0abde0d78de318a0246ec7e7a4483f4818c645b4acd36f2165202e2971
2023-03-24 13:17:38,True,0.4824,0.001495,14.4264,0.0215,0xed...0707,https://bscscan.com/tx/0x742e4463f74c6d20864da426700529f8cc3da8295b318e5ec8f639dc05cf4d06
2023-03-24 13:17:17,False,0.4801,0.001488,3840.08,5.71441,0xfa...c4a9,https://bscscan.com/tx/0x6c0797665e453141ac3abeda6104c0b7b0502dec4545cbb5bb81d181f1b1cf9e
2023-03-24 13:14:23,True,0.4823,0.001496,12.2884,0.0183,0x03...c742,https://bscscan.com/tx/0x8e65dc3e363c90d94f83df2dd915f70001e5d100fd863d4c4444868311a0a235
2023-03-24 13:14:14,False,0.4797,0.001488,12.7754,0.019,0x12...e3ef,https://bscscan.com/tx/0x48223e4135311eecd942d9f9a14389be83b8211bbc266ed2308b43877d5a2f5b
2023-03-24 13:10:11,True,0.4797,0.001495,620.857,0.9286,0x70...8487,https://bscscan.com/tx/0xfd38b500f303ce795c1612addd3696cf9785170e31e8554baa9f3ca8440c57e9
2023-03-24 12:59:47,True,0.4822,0.001495,413.899,0.619,0x5f...970f,https://bscscan.com/tx/0x3e0b724dbc610c01af9136754ec70d485df65ad5e4c68936a631dce724e20924
2023-03-24 12:54:56,False,0.4775,0.001488,254.513,0.3787,0x61...1780,https://bscscan.com/tx/0x9dbd2232bde0f10f19ca7bb9a720523ad57e89f76b2775811e962dca4ae02b1d
2023-03-24 12:54:50,False,0.4775,0.001488,102.665,0.1527,0x82...519b,https://bscscan.com/tx/0xc0bf91e96069cbdba5bb2bece95747dcbc2f35e1e9306eb004f148e6133a6bc0
2023-03-24 12:54:11,True,0.4799,0.001495,620.925,0.9287,0x70...8487,https://bscscan.com/tx/0x8ef02050024a2c568a67b68a01f27c8577757922eb3ea0c45b0e4c8ba7c91fa3
2023-03-24 12:51:20,False,0.4781,0.001488,5.0,0.0074,0x18...b4b3,https://bscscan.com/tx/0x21c61ca5f1edf6be4b0b7bd9ae73864ba8ba3c8d141a937de41d26fed154ac4d
2023-03-24 12:51:08,False,0.4805,0.001488,101.425,0.1509,0xd7...ceb5,https://bscscan.com/tx/0x9237facee8fffbc1ca3e2070fe764aca890f65e84e77b7f694f5a6fde3ac39d3
2023-03-24 12:48:58,True,0.4844,0.001496,463.704,0.6938,0xd9...0f7b,https://bscscan.com/tx/0x2133c2909f581479ec5cc30a803405f4cdb7d12530f83ab78e9710eec5d7e1ee
2023-03-24 12:42:00,False,0.4822,0.001488,1278.7,1.90297,0x00...78d2,https://bscscan.com/tx/0x2f98d5b4b938f3f2ba9a11cccae0d9417597598cacb76f5b69d52d5b57713332
2023-03-24 12:41:57,True,0.4845,0.001495,8254.83,12.3431,0x6c...e280,https://bscscan.com/tx/0x79f3a56875c949ec869a9dd60bf429775e9f59801cd8da4f0eb2519a8ed29812
2023-03-24 12:39:12,True,0.4819,0.001494,619.579,0.9261,0x70...8487,https://bscscan.com/tx/0xdf7a73d87cef2bcb1fe1bc78f1b4f66e2345cbecbfbaf2581eb68de3f9c1cc71
2023-03-24 12:36:51,False,0.4817,0.001487,101.332,0.1507,0xac...697e,https://bscscan.com/tx/0xc46700a0b1defe6aa94321f904f6882f04539253d9b05feb205fbd3ab8dea313
2023-03-24 12:26:42,False,0.4815,0.001487,1210.9,1.80098,0xc3...157a,https://bscscan.com/tx/0x0d0704126c9d450a912727e68cb1846939c91f081102001db2cf5fdefc2f13ed
2023-03-24 12:23:45,False,0.4816,0.001487,1746.8,2.59834,0x67...b7c1,https://bscscan.com/tx/0x9676d3ee5004f268f6c948fbc2c13ada7316c9b8eff1e01208cc700ef4df1d31
2023-03-24 12:23:42,False,0.4817,0.001487,1597.2,2.37613,0xef...cab1,https://bscscan.com/tx/0xad120b4fcc74e7533d08a9d2b50bdbc381b9767d7f514ea9d4ada8b090fab940
2023-03-24 12:23:18,True,0.4842,0.001495,619.411,0.9261,0x70...8487,https://bscscan.com/tx/0xc29cb6614b6c9bedd0578224a38a0114765fb58a4eec831d62d91ecb4220d3d8
2023-03-24 12:23:09,False,0.4818,0.001487,2432.3,3.61889,0xc1...b919,https://bscscan.com/tx/0x750de875c637d7ddc2daea6eb4a7d1d59d9f19f98ad6c719a3e56498232d2769
2023-03-24 12:15:42,False,0.4793,0.001488,4.74,0.007,0xda...3787,https://bscscan.com/tx/0xe8ee25742408b8fd4d2c51aa025ac95620ca9dc6df3b601dba0801bd0759f0b1
2023-03-24 12:08:42,True,0.4841,0.001495,26.6095,0.0397,0x73...9604,https://bscscan.com/tx/0x213e9965b49f9097a7d2d9cdd9be4063d835f0590611cb5335352213ac4130c5
2023-03-24 12:08:27,True,0.4817,0.001495,41.1105,0.0614,0xbb...c106,https://bscscan.com/tx/0x3fbc161d89eb214c7def092e6e6c798167e0b0fd734faa2c8a5fb4a2ef5a87a8
2023-03-24 12:08:12,True,0.4816,0.001495,619.747,0.9267,0x70...8487,https://bscscan.com/tx/0xcf4d43f36cbc2088de32b2890cbc629f05a1cbe89c3dc6ff5e8ae25d5609422f
2023-03-24 12:00:36,False,0.479,0.001488,5422.5,8.06994,0x82...2196,https://bscscan.com/tx/0x885fe412e0235152352f00c93077114dcf9c11ff938a65c3b74a2209af0edb81
2023-03-24 11:59:06,False,0.4815,0.001488,670.0,0.9973,0xe5...6316,https://bscscan.com/tx/0x72a7d1e7ab517c5a3033e21bb3ffc7746128c459568f945c09a8774eab1f0f57
2023-03-24 11:57:18,True,0.4815,0.001496,92.8703,0.1389,0xa0...c091,https://bscscan.com/tx/0x48cbf5c56ca2f57180ffd0f5342f2cba1783791b7acf16a43a3098010171a8c5
2023-03-24 11:53:12,True,0.4815,0.001496,619.414,0.9266,0x70...8487,https://bscscan.com/tx/0xa49ccc0bdd9aa9e8dcc77f57b90a86bfd596f6a72d9aabbe9b0996505f6d5604
2023-03-24 11:52:06,True,0.4839,0.001496,28.566,0.0427,0x5e...b7f3,https://bscscan.com/tx/0x7d60e760fceafe5c4a7566a749d2f67d58cb87dc6cb7c3233b804f5d18c70680
2023-03-24 11:46:26,True,0.4838,0.001496,44.3716,0.0664,0xff...7c56,https://bscscan.com/tx/0x6bda076e98f413d205dc0e4d4d02f79b08c7ee75cec8825645ca9964fceae475
2023-03-24 11:42:21,False,0.4813,0.001488,2121.88,3.15877,0xd3...ec6f,https://bscscan.com/tx/0xf3dd7a8fa1b346e8c89bb85239265721a74be81ae06c9c013c3b05fa8c712046
2023-03-24 11:42:18,False,0.4814,0.001488,1346.15,2.00425,0xd3...ec6f,https://bscscan.com/tx/0xa930f55d68c4ed8e5a60c2a3c1f908a8debdff0ce6a31f4590dae6c1187fed2d
2023-03-24 11:42:15,False,0.4814,0.001489,1346.2,2.00454,0xd3...ec6f,https://bscscan.com/tx/0x99f239a321d662fd41248d97de63c0a8a1c582e3a90230a006d56cc91fa49411
2023-03-24 11:42:00,False,0.4814,0.001489,1639.64,2.44177,0xd3...ec6f,https://bscscan.com/tx/0x7ab26e4a93a8527933877895c9dbb01f1e15b3250b488a1b9131dcda2018f0de
2023-03-24 11:41:30,False,0.4815,0.001489,472.724,0.704,0xd3...ec6f,https://bscscan.com/tx/0x0907a3d6bd60a4959db38b182e4346df889e07f87df347b8a7f0dc30e9479928
2023-03-24 11:41:27,False,0.4815,0.001489,472.706,0.704,0xd3...ec6f,https://bscscan.com/tx/0xc3636cc52e765f69f2fedb65af609ba861470c0fbb71984d386b021e8790ea51
2023-03-24 11:40:48,False,0.4791,0.001489,472.835,0.7042,0xd3...ec6f,https://bscscan.com/tx/0x164d614ea0e6e80b8cda2b10042cc32bf78399f272594a03800da7cea5df221b
2023-03-24 11:40:45,False,0.4792,0.001489,472.817,0.7042,0xd3...ec6f,https://bscscan.com/tx/0x7ad4530b862b466e8ab683de1ad20ecc2675889b3a877fb3eb34e85298f5e853
2023-03-24 11:40:42,False,0.4792,0.001489,472.799,0.7042,0xd3...ec6f,https://bscscan.com/tx/0x429e39ac30096b14e00872faaa9121e86ab45f34a7c8541a747fa2b2b71e7633
2023-03-24 11:40:39,False,0.4792,0.001489,472.781,0.7042,0xd3...ec6f,https://bscscan.com/tx/0x485fd7d51ce7e1d80931d8c4895e816239ba0cb65fb6ecb3196d776e75b85caf
2023-03-24 11:40:36,False,0.4792,0.001489,472.764,0.7042,0xd3...ec6f,https://bscscan.com/tx/0x45d988aa08e284726a1797b865c913166050b722c8959b173219d4ac2a59d3eb
2023-03-24 11:40:33,False,0.4792,0.001489,472.746,0.7042,0xd3...ec6f,https://bscscan.com/tx/0xe8c4a9cefdab9e2ed80da90fc77105ea41cc9c8bdf4b8f80efb45e5520bcfa45
2023-03-24 11:40:30,False,0.4792,0.001489,472.728,0.7042,0xd3...ec6f,https://bscscan.com/tx/0x6b02f0b615365785faed01290c38f6882e717a8555520ace5f8140b33c8cfca3
2023-03-24 11:40:27,False,0.4817,0.001489,472.71,0.7042,0xd3...ec6f,https://bscscan.com/tx/0xacba497b168d002af5a07ac665668a73839c4b05271a56e374f367ce1a5def52
2023-03-24 11:40:24,False,0.4817,0.001489,472.692,0.7042,0xd3...ec6f,https://bscscan.com/tx/0x82204bde36fdf5cbf7704f15fa1fd3381a94b16375807275d9aad07e62d5509f
2023-03-24 11:40:21,False,0.4817,0.00149,472.675,0.7042,0xd3...ec6f,https://bscscan.com/tx/0xdc4218f2d63cfbb48249742439ec2ccf1b144665364eb1b495d01ef0bf08f570
2023-03-24 11:40:15,False,0.4817,0.00149,472.657,0.7042,0xd3...ec6f,https://bscscan.com/tx/0xb3a56749735687dedc7eb9e81a15a5c2f688c271751ef0fcaf236b11cfa84225
2023-03-24 11:40:12,False,0.4817,0.00149,472.639,0.7042,0xd3...ec6f,https://bscscan.com/tx/0x17e4edf6614ab2005f9edc25f5e71da8803fd10c945659320a853227231f751b
2023-03-24 11:40:09,False,0.4817,0.00149,0.2591,3.861e-05,0xd3...ec6f,https://bscscan.com/tx/0xdf68fe3de58fadf9f772db99e6900987b8c953e81320248dd3519c3e3fe8e630
2023-03-24 11:40:09,False,0.4818,0.00149,1252.5,1.86643,0x9d...6dab,https://bscscan.com/tx/0xdf8de1c6b814de8a3285d83085372fcabb8e5fc2d622f37bbd577218e169f868
2023-03-24 11:38:03,False,0.4817,0.00149,79.1488,0.1179,0x07...104d,https://bscscan.com/tx/0x37e1ebf6c09cbc702a06dc7034ac08f9d3aa9b1e828104ac6e4eac62c8770657
2023-03-24 11:37:12,True,0.4841,0.001497,618.85,0.9268,0x70...8487,https://bscscan.com/tx/0x0d2d3e9ec9f60289472e76b65c54f96b9ed411ff0a9e77315999d9b84afae1bf
2023-03-24 11:32:57,True,0.4815,0.001497,55.6836,0.0833,0x2c...c9c5,https://bscscan.com/tx/0x10732dcdc220ee98e4e3aae1ced58571480fd9baa4a00d0997c80a737c36724e
2023-03-24 11:26:54,False,0.4813,0.00149,86.0,0.1281,0x89...6307,https://bscscan.com/tx/0x85d31bcc487b8460a568fadf6160f2755320c6be60d771aa92a45d2cdaf4f6ab
2023-03-24 11:22:45,False,0.4816,0.00149,46.1475,0.0687,0xb9...9fd3,https://bscscan.com/tx/0x57a5bffa03221bdcb4abeaf3d386b944ba0049b182ece24eee70975e112dd18a
2023-03-24 11:22:12,True,0.484,0.001497,618.666,0.9265,0x70...8487,https://bscscan.com/tx/0x7bb8a56bfea18270484dc578a0d2f8f56fb0d47cda40de118d95bd0b1cc9969f
2023-03-24 11:17:33,False,0.4791,0.00149,168.5,0.251,0xb9...9fd3,https://bscscan.com/tx/0x3aaaacec8c708186c041ca41535aac99cb18bf2f11b7af9a022d3c6023c5a8e6
2023-03-24 11:15:30,False,0.4791,0.00149,51.6474,0.0769,0x21...10b5,https://bscscan.com/tx/0xd2a1e3d04453fc9a8989ed56839c32950417664c5a1dabcf265387b5480f86e7
2023-03-24 11:09:15,False,0.4816,0.00149,538.158,0.8019,0xd3...ec6f,https://bscscan.com/tx/0xb7961f0a0c937421aa68428e5f9ccbdc3884440a5472e0755cf2c07ce7116976
2023-03-24 11:09:12,False,0.4817,0.00149,538.135,0.8019,0xd3...ec6f,https://bscscan.com/tx/0x3bccdcf3ef129196bcc2784beb09741652551eb9fb74198922daf6674761d79b
2023-03-24 11:09:09,False,0.4817,0.00149,1000.57,1.49117,0xd3...ec6f,https://bscscan.com/tx/0xb053172ce4be3661b6f65884fe75355bda60487e909e91393a5395124dc4b1e0
2023-03-24 11:07:12,True,0.484,0.001497,618.95,0.927,0x70...8487,https://bscscan.com/tx/0x768cf62b4afeac7702ed8c5682b2f4c18361ee0889d1217ff6d3968974cf79cc
2023-03-24 11:01:51,False,0.4817,0.00149,9.12077,0.0135,0x5d...8a45,https://bscscan.com/tx/0x41513dc176d4ec81fe91014dea2f646ea1c91bbd90ed547a0f1ebe3d5ac81ac2
2023-03-24 10:53:42,True,0.4836,0.001497,40.0307,0.0599,0xb7...3338,https://bscscan.com/tx/0xe541dbebcf932b1b551a486c4cf6cff72117f5b98a0d400c47e179da1d62f1fd
2023-03-24 10:52:54,True,0.4834,0.001497,93.44,0.1399,0xe4...8b29,https://bscscan.com/tx/0x71825451993d80913d2e3313ca675215400dd3b8a22c2456aa26d4f1d8e3ea0f
2023-03-24 10:51:12,True,0.4831,0.001497,617.904,0.9254,0x70...8487,https://bscscan.com/tx/0x90e1e910499ed2cae92ce050106ef081ca3121112117515164dee8f08c3c49a7
2023-03-24 10:50:45,True,0.4839,0.001497,2818.99,4.22153,0x2a...d363,https://bscscan.com/tx/0xcdcf9d3c8a3fca26f59bafd60632ae45ed23a20ea7e3ab12810a87276f5a283e
2023-03-24 10:45:20,True,0.4831,0.001497,3078.7,4.60936,0xd3...ec6f,https://bscscan.com/tx/0x278cf3181cd87ef66c648963b7f87de50e221014921143af6ba7f73a6386a4f3
2023-03-24 10:37:59,False,0.4829,0.001489,4.0,0.0059,0xf5...6c6c,https://bscscan.com/tx/0xc9702a43a4af28dd5c6118b3c387ba70b375c52993f40318dca0b68deef512c0
2023-03-24 10:36:11,True,0.4853,0.001497,617.027,0.9236,0x70...8487,https://bscscan.com/tx/0x46aae9d0fcd3f223abc49b3c64918312555d67ca5512437ab9c90c154103eaed
2023-03-24 10:34:08,False,0.4805,0.001489,20.0,0.0297,0xce...a7e9,https://bscscan.com/tx/0x63f90514b13910f19dbd7e60fef57252f855b87138f7b6b25439fc7d8505a22b
2023-03-24 10:32:32,False,0.4805,0.001489,169.267,0.2521,0x02...4be5,https://bscscan.com/tx/0x56cbb11afc9680979b480c9738aa61b14c4ebb550581c2acefc5988aad40a6f2
2023-03-24 10:29:08,True,0.4854,0.001496,43.3759,0.0649,0x4e...ec17,https://bscscan.com/tx/0x2c2ffacc3847ea8829df982fab97ea10e99a2def527cfe742b362c3b1cf31386
2023-03-24 10:22:52,True,0.4829,0.001496,40.8168,0.0611,0xd5...23a8,https://bscscan.com/tx/0x15b2a09980ccebb0c25337dfbb79a5f95e3141a5203ef2d3607f910d3c02f290
2023-03-24 10:22:16,True,0.4828,0.001496,2.22871,0.0033,0xd3...1459,https://bscscan.com/tx/0x1244a3c9c314a9800200b8006f5c985020591995f9610d1f3075a312fdac4f05
2023-03-24 10:20:19,True,0.4853,0.001496,617.64,0.9245,0x70...8487,https://bscscan.com/tx/0xf84a214384c2e25e19df3ba37a977399843438b28352c75e03e50d650aa4bea2
2023-03-24 10:17:01,False,0.4805,0.001489,3065.16,4.56577,0xd3...ec6f,https://bscscan.com/tx/0x1e1e0cad3ca8e99dc5b7755375e7650f4fd41c725d40f3c5385dfefa18c02580
2023-03-24 10:14:07,True,0.4855,0.001497,33.2402,0.0497,0x78...99a0,https://bscscan.com/tx/0xb4f462e402f024c7d8165fd4c494287be9c4f29888d8bc1e57786e08ec334476
2023-03-24 10:13:28,False,0.4832,0.00149,8372.09,12.4765,0x34...7c76,https://bscscan.com/tx/0xdd7f516f344e8ff3c4885fe6dee5551cf5b22593db940249311913d6c979a30a
2023-03-24 10:13:28,False,0.4834,0.00149,2143.22,3.19526,0xd3...ec6f,https://bscscan.com/tx/0x242978e44c1616bde3e7e76b38e4b59b59177d1073d0e71e54821e7d8a04d186
2023-03-24 10:08:52,True,0.4834,0.001498,41.1198,0.0616,0x78...99a0,https://bscscan.com/tx/0x4db4c1b2e22edb07da850f06242e8ec3ac9b093daac46e6b442b6aba9502e602
2023-03-24 10:06:13,True,0.4857,0.001498,161.982,0.2427,0x24...8a94,https://bscscan.com/tx/0x3e6f7c4b2775c967925dde47c371f0d29a48863b7486fed1bd29c81750abf27e
2023-03-24 10:06:13,False,0.4835,0.001491,10939.7,16.3178,0xd3...ec6f,https://bscscan.com/tx/0xb9295e735f92862f73f5c7adaffe3aa934dd144e2739513380761aadf19a4501
2023-03-24 10:06:10,False,0.4838,0.001492,6748.79,10.0737,0xd3...ec6f,https://bscscan.com/tx/0x5399db7da3a75ccf7319e7acca4b7414c05fb0f9b168283f0deb36e8a25e0530
2023-03-24 10:06:07,False,0.484,0.001493,2492.6,3.722,0x00...78d2,https://bscscan.com/tx/0xeb288a0c34a847c6cc800f2d7348e11312e975d6b8987fff48250e67d49c53da
2023-03-24 10:06:07,False,0.4842,0.001493,8326.72,12.439,0xd3...ec6f,https://bscscan.com/tx/0x04ef4628d35fdaede7bffe107d39b1d9c37787921522382556cef6b53629505c
2023-03-24 10:06:04,False,0.482,0.001494,5024.2,7.50948,0xd3...ec6f,https://bscscan.com/tx/0x49aaed9230ca676e7d9e37b25f6215a77731c288b6a48bacb6eeb81e73ff4b0d
2023-03-24 10:05:37,False,0.4846,0.001495,5140.02,7.68572,0xd3...ec6f,https://bscscan.com/tx/0xd39f5c3b506ff4e6275c387db958bdb443cb6a63623ea61e61d63becdaa14f64
2023-03-24 10:05:34,False,0.4847,0.001495,765.648,1.14512,0xd3...ec6f,https://bscscan.com/tx/0x5631e2522d53d0ba7e96e51edb3ba02706060addf9c62c2b64446adb397ac987
2023-03-24 10:05:34,False,0.4849,0.001496,8265.21,12.3661,0xaf...847e,https://bscscan.com/tx/0x82533c54ca19cb373061e11c6f43cac77a80d8a95fd6d712f6d0280c6d0e9b81
2023-03-24 10:05:31,False,0.4851,0.001496,2477.16,3.70782,0x00...78d2,https://bscscan.com/tx/0x89e68974dad81035e7bc7aa1bd3c32813e52c6c8e6f5ac5290f4539c17d874c6
2023-03-24 10:05:31,False,0.4853,0.001497,7215.31,10.8041,0xd3...ec6f,https://bscscan.com/tx/0x49bec338ed53b671cf146f787cb7ce13f9b3df14647d8bccb31aa8c231fc0b0a
2023-03-24 10:05:13,True,0.4879,0.001505,613.918,0.9241,0x70...8487,https://bscscan.com/tx/0xab0c8623fa8c8974f71dca9cd7a0a8735ea2dbdf56566143b1ba0b0c3745281c
2023-03-24 10:05:10,False,0.4859,0.001499,26382.0,39.5552,0x91...79fe,https://bscscan.com/tx/0x738cab23d39688d9a21e5bff1e7af15223f5b064e5bca7ad91b480937ff7f276
2023-03-24 10:05:04,False,0.4842,0.001501,9941.74,14.9275,0xed...4f31,https://bscscan.com/tx/0xcbbf79614b4981ec33822f2c73ab144a42ff041304f36ada67b9b20b13e1e199
2023-03-24 10:00:04,False,0.487,0.001502,89.6335,0.1346,0x56...c3b5,https://bscscan.com/tx/0x862a99263a21f8a44f6ab8ba9a75eb380bf32fa299258ffb337f453fa0730f5b
2023-03-24 09:58:22,True,0.487,0.001509,40.7915,0.0615,0x78...99a0,https://bscscan.com/tx/0x06d6f4da57c7f483ea80bf239ea91b8df9a641fc208989e093aef0a17eb01dfa
2023-03-24 09:58:19,True,0.4894,0.001509,5.0,0.0075,0x62...10c6,https://bscscan.com/tx/0x350f15a4124e0bb4ea209a0e75b8ea416baef042daded3056157606386015fdd
2023-03-24 09:56:58,True,0.4893,0.001509,69.7548,0.1053,0x69...8782,https://bscscan.com/tx/0xe5c128f74b796a86e877c85274b2b1316dbce3e5490ed0ab51e72c7f7cd919cb
2023-03-24 09:55:46,True,0.4893,0.001509,5.0,0.0075,0xc6...aa07,https://bscscan.com/tx/0x6c1c916f855ea4835623247762178cfe648d8a5dfbd47a1eb68008b967ecffbe
2023-03-24 09:53:40,True,0.4894,0.001509,5.0,0.0075,0xeb...afa7,https://bscscan.com/tx/0xe00ae5bf7ab4caca7f897fa2e0b586f49f86dd5b4b02293ca6a5fd0387c2f8f1
2023-03-24 09:52:55,False,0.487,0.001502,46.7226,0.0701,0x23...7ea2,https://bscscan.com/tx/0x8292e5cd54b3b3e53b562366582efc97e1e70cfe552687e69cbbc6cf50e7b623
2023-03-24 09:52:25,True,0.4893,0.001509,2018.26,3.0466,0x00...78d2,https://bscscan.com/tx/0xe1730d14b9448f2a64dfb228087089d7ccff8466c5f9dd339554361062c1a7b2
2023-03-24 09:52:25,True,0.4892,0.001509,3313.03,5.0,0xed...4f31,https://bscscan.com/tx/0x471197c0f310050fab24731f82d204037e71f417c9424d944d8e55c464c77e44
2023-03-24 09:51:49,True,0.489,0.001509,5.0,0.0075,0xa7...1f60,https://bscscan.com/tx/0xc3c72c1773750d84cbb162965d47c621cac3656fb48e800094abc5f7b5b5a5f6
2023-03-24 09:51:40,True,0.4889,0.001508,3313.91,5.0,0x62...1f10,https://bscscan.com/tx/0x5d802c3bc1361ca6155cc700e2b0c7662f4051783509ed299317b169531a36e0
2023-03-24 09:51:31,True,0.4891,0.001508,3314.79,5.0,0x62...1f10,https://bscscan.com/tx/0x8a726d823b8b50869d984c3fde0f6b884b39c1b5969c5632f5a04f3d206b9eb4
2023-03-24 09:51:19,False,0.4867,0.0015,61.3043,0.092,0x88...2cc4,https://bscscan.com/tx/0x343684d659d7c5ffd83a5a498d391d7ae2ebafffc940a7d4e623ca6d102d9f33
2023-03-24 09:50:10,True,0.4891,0.001508,612.034,0.923,0x70...8487,https://bscscan.com/tx/0x882fec02b8aeedf361d38a528bb38a2ffd9dd796a582824e225f83875c6a58c4
2023-03-24 09:50:07,True,0.4891,0.001508,28.0,0.0422,0xc7...5b18,https://bscscan.com/tx/0x274080831f7ef395bd7c487b9684f0ab434bb82076a427e06c2c5baef91e4da3
2023-03-24 09:48:31,True,0.4892,0.001508,37.3605,0.0563,0xdf...7213,https://bscscan.com/tx/0x305cfe7966a17713e64cc06aacc47b673b9fc840c902c57849f6d05f3fe68ea5
2023-03-24 09:48:22,True,0.4892,0.001508,5.0,0.0075,0xd2...b8f5,https://bscscan.com/tx/0xc65e96990d5f68a6d6331e1d0f33f7916cf1272e586f0f1abdaa701674bf2a2b
2023-03-24 09:45:49,True,0.4871,0.001508,5.0,0.0075,0x3b...92ee,https://bscscan.com/tx/0x597884b2067f8d41af9f75306092234c5ed3f9d0a3b0f65b714843c1db923c44
2023-03-24 09:43:32,True,0.4871,0.001508,5.0,0.0075,0x08...54b0,https://bscscan.com/tx/0x1ef3ddaec68465338b52d298d1cbe8a1e812721c5959ab9c29f84becd8b3497c
2023-03-24 09:41:44,True,0.4895,0.001508,5.0,0.0075,0xfc...6819,https://bscscan.com/tx/0xa51228b71d058aacf3c189822d5c93602df9c8af17a020e1a5d9df0a78e34fdf
2023-03-24 09:40:47,True,0.4872,0.001508,5.91254,0.0089,0x4b...44b3,https://bscscan.com/tx/0x6f6dfa61774c13615109ca33d5a00d0cd27bc9db9defdfe74754f5532964593b
2023-03-24 09:40:26,False,0.4872,0.001501,18722.7,28.1161,0x2f...e155,https://bscscan.com/tx/0xfeff17eb1ebde1c227d3c869af2d57df8440a7f8e577fc76167ad652568145e6
2023-03-24 09:40:20,False,0.4876,0.001503,2350.95,3.53341,0xf2...bfcf,https://bscscan.com/tx/0x56e34e49311780a16a59650f99d1bcce675ce9136858ff1477ef69ce93d06991
2023-03-24 09:39:53,False,0.4854,0.001503,10880.1,16.3612,0x8d...1b76,https://bscscan.com/tx/0xafa729fe798d00ae7d436d8984b5b5279f331c5138be3282356f28f21936aad2
2023-03-24 09:39:44,False,0.4858,0.001505,12280.0,18.4834,0x3f...573a,https://bscscan.com/tx/0x44cdb0e64894fee2b4c5223bdce4b8a3508f9f37fd7c77ee1d26b5c7077ec637
2023-03-24 09:38:32,False,0.4884,0.001505,340.695,0.513,0xe1...37e9,https://bscscan.com/tx/0xcee75aa95e633971e315eb7dbf41c01f66109d4cd579e15ebda427b98f9992d7
2023-03-24 09:37:41,True,0.4908,0.001513,5.0,0.0075,0x56...4ead,https://bscscan.com/tx/0x98cc7b82aab8a960d78419055766ec990481cccd5dbce7905da81e5ada4bddd0
2023-03-24 09:36:14,False,0.4863,0.001507,18841.5,28.3957,0xed...4f31,https://bscscan.com/tx/0x72de59d58b8a95f3f460ee347bcca3d79ca5e4b2e01289d6566de2b255b27c70
2023-03-24 09:36:14,False,0.4867,0.001508,2330.02,3.51451,0x03...9fa1,https://bscscan.com/tx/0x561c1a8ea6c73bb78a173c78bb2566cb7048a577e65dc03190f54a2e6b033bbb
2023-03-24 09:35:02,False,0.4896,0.001508,58.0,0.0874,0x8d...742e,https://bscscan.com/tx/0x339c442af92ba025a8df7910d3374870e4e725a1ce5c0f5660d4af1a77c4f6ac
2023-03-24 09:34:14,True,0.4919,0.001516,607.675,0.9212,0x70...8487,https://bscscan.com/tx/0xfe7ae4e06507d2009fb329f4e66ed3eae591f884160822b5b07950fe14724b2b
2023-03-24 09:30:50,False,0.4897,0.001508,22.9473,0.0346,0xf3...bb07,https://bscscan.com/tx/0x8eb9de4f770fd5a9d4a0f886ec26032a2faf6d54588c6942cefddb967b896b0c
2023-03-24 09:30:29,True,0.4921,0.001516,684.589,1.03781,0xe1...37e9,https://bscscan.com/tx/0x19bd974f26210efb4eee393f08bff74ec51a708074f1b0cfff9a9d1ccda6294c
2023-03-24 09:28:23,False,0.4901,0.001508,7.64909,0.0115,0xf3...bb07,https://bscscan.com/tx/0x3c662b30b06536902bba36906fa46a00899ee345f6f9a051c71e56de1ade6aea
2023-03-24 09:22:32,False,0.49,0.001507,52.0512,0.0784,0x16...ae7b,https://bscscan.com/tx/0x52ee8157b94536bec0c516dce259c257dd2c6e9569dbbdf583d60e910c86b554
2023-03-24 09:20:32,True,0.4903,0.001515,10.1338,0.0153,0x70...c156,https://bscscan.com/tx/0xa57c409bc6fb96b48f436b20893936a8222a095bd724906bc5a7988b94b48c2d
2023-03-24 09:19:11,True,0.4928,0.001515,608.058,0.9217,0x70...8487,https://bscscan.com/tx/0xf8b0124df2e1fc478e0126ee5b857ac3372d036f7d9119ff1e22771f36eb4bb2
2023-03-24 09:11:32,False,0.4877,0.001507,3.02862,0.0045,0xad...322c,https://bscscan.com/tx/0x79c5fba7584d78e27a7f5a19d4d42ba700b1ab4ecdb5c3f9ff8041f67465ff5e
2023-03-24 09:06:08,False,0.4895,0.001508,25.4866,0.0384,0x43...7a26,https://bscscan.com/tx/0x1c8772ad86ee6c06a9db51cb2d1c60b379ebc1c74ff20af26bc4365dca432685
2023-03-24 09:04:11,True,0.4919,0.001515,605.433,0.9177,0x70...8487,https://bscscan.com/tx/0x7f81eeab3365216cdeb4f7ec015ec26fdca30b4088cb179f94b8774c0c8189e9
2023-03-24 09:02:11,True,0.4919,0.001515,243.183,0.3686,0x3f...66aa,https://bscscan.com/tx/0xc6ec3e1b5ac8efb3e2a0b8ceba2c31c9f1d69537676b164cc3c084d335ea8472
2023-03-24 09:00:41,True,0.4952,0.001515,2040.1,3.09204,0x00...78d2,https://bscscan.com/tx/0x3b2a2ceefdeb285a60ad6713f884c56bdd1152e9a623d496759b19b3441eebac
2023-03-24 08:57:56,True,0.495,0.001515,2429.0,3.68081,0x05...7eea,https://bscscan.com/tx/0xa9138124a8e56d0b4199a35408a7e39a2480b29b28bdf4627111cc02fe993402
2023-03-24 08:56:29,True,0.4924,0.001515,450.0,0.6818,0xdb...3a26,https://bscscan.com/tx/0xb5fe7d8b9aa4363a7c1f12855881cf1a78395a6adab0198e2b836c28bb42f6be
2023-03-24 08:54:50,True,0.4924,0.001515,885.9,1.34223,0x05...7eea,https://bscscan.com/tx/0x04149517b60e59ea975def0bee8ea0a82c0cb3f05aabd8c2a58474d8253758c0
2023-03-24 08:51:50,True,0.4924,0.001515,155.02,0.2348,0xd7...7bd4,https://bscscan.com/tx/0x75907caee01d4657911d58e441bc083cddc7460efeb234c1cf526c48ff4ba685
2023-03-24 08:51:47,False,0.4924,0.001507,45.1318,0.068,0x8c...a963,https://bscscan.com/tx/0xe44edeac77d0f3008f84a60ddba794eedf15cbb0a5ee94e2e5bff7f88d126c32
2023-03-24 08:50:29,True,0.4948,0.001515,733.6,1.1114,0x00...78d2,https://bscscan.com/tx/0x3d23418c797bb6f91a3ddb97fd698160c18cc6c4e014b90e42e640dc20e19f79
2023-03-24 08:49:44,False,0.4898,0.001507,3.69989,0.0055,0x2a...6bb6,https://bscscan.com/tx/0x567bead7b1bdb493d304ca907d38e2e1a31b17dd6c990ddd762dfb87353382a7
2023-03-24 08:49:17,True,0.4923,0.001514,605.046,0.9165,0x70...8487,https://bscscan.com/tx/0xbf3e269a5aca49d0d6fd7d9774c954088a2b51fc5de5e0ec00340b5685fe452c
2023-03-24 08:37:20,False,0.4902,0.001507,9.10098,0.0137,0xe7...8bc2,https://bscscan.com/tx/0xa977cc8947f18896c412616fede10806ac852e66ea396e7efe6ed0a3d41750de
2023-03-24 08:33:14,True,0.4953,0.001514,605.059,0.9165,0x70...8487,https://bscscan.com/tx/0x61ba0adf61a7a38e32a9d8604a7df2c3404ebe58bb0a8763d2f7304b7730693b
2023-03-24 08:24:29,False,0.4904,0.001507,170.985,0.2577,0xf7...3f4a,https://bscscan.com/tx/0xe10e279a7b7a6ee6258dbcbc5a69b3a62a199853d7ced409e5f20d58fb7fe634
2023-03-24 08:24:02,False,0.4928,0.001507,262.0,0.3949,0x01...b7e7,https://bscscan.com/tx/0x8975f506f92d454304a008523ccf63702c0c9acca7976cf8164050b5e719ff71
2023-03-24 08:20:23,True,0.493,0.001514,787.956,1.1936,0x62...1f10,https://bscscan.com/tx/0x31ff3a09fe6fbb6932d7e4dab9050032fde711e9c6d1e8cd4059c9dfb3b22eb8
2023-03-24 08:17:17,True,0.495,0.001514,605.049,0.9164,0x70...8487,https://bscscan.com/tx/0x823e224ec1d117c603b245abc69f88387800009b3c42ae069e4cd1d1ece6cce6
2023-03-24 08:16:38,True,0.495,0.001514,1308.2,1.98141,0x00...78d2,https://bscscan.com/tx/0xecd73e7c42bff3746ae785c0c68831a5d546d57251ff9208fdb256d09874c0e7
2023-03-24 08:16:14,False,0.4925,0.001507,58.4174,0.088,0x4d...bfea,https://bscscan.com/tx/0xe946daede0c26fe15c25097666d0d571c6f169f93359553403384367d2d92bf6
2023-03-24 08:15:08,False,0.49,0.001507,94.0,0.1416,0x02...f2c0,https://bscscan.com/tx/0xb454077ccf544757f91553b1ad41e562693aeeb8a18083b3d6ef5dadc7be78b5
2023-03-24 08:12:44,False,0.4923,0.001507,28.475,0.0429,0x41...c353,https://bscscan.com/tx/0xf3f78af1c05f530f4a5a13a4980353b46c6ae482cc4907bbe53d428b7c291816
2023-03-24 08:12:44,False,0.4921,0.001506,27.2253,0.041,0x27...c17e,https://bscscan.com/tx/0x3b674ef8a1989767a76582bbb1fa603bb72087c0a5505d73853a37b808e8e001
2023-03-24 08:07:32,False,0.4898,0.001507,51.0,0.0768,0x02...f2c0,https://bscscan.com/tx/0x62b7545aa41e3568e64ac8fbf28502deb90ac457a6aeac667a29e8647a75ece6
2023-03-24 08:04:41,False,0.4923,0.001507,18.8701,0.0284,0xfa...537b,https://bscscan.com/tx/0x0fd337c2ae7a4356899f413f80d1acada85105aee380ad6502415073f7192a45
2023-03-24 08:01:11,True,0.495,0.001514,605.356,0.9168,0x70...8487,https://bscscan.com/tx/0x8a77919e24095ad9e2550d42424671d0524aacd40198bf16ac4eb929cf9a2912
2023-03-24 07:54:08,True,0.4926,0.001514,54.4536,0.0824,0x83...8a99,https://bscscan.com/tx/0xc5ff10613b0c99d5aba64c57ad14a33a40facd73fe32662f0e84bb6bed4f76d7
2023-03-24 07:46:11,True,0.4926,0.001514,604.891,0.916,0x70...8487,https://bscscan.com/tx/0x001f7471fc75d3a7808b1173d5734873a5781926f05003d2e8a1d4a1002e275b
2023-03-24 07:38:45,True,0.4951,0.001514,0.6603,0.001,0x7c...e01f,https://bscscan.com/tx/0xac2b037674a4b3867ea80e1dcf3ccf5b7e674d31de474aaa5a4c453e82498af4
2023-03-24 07:30:50,False,0.4921,0.001506,7.8,0.0117,0x58...7d50,https://bscscan.com/tx/0x15af47bb6b42223ec71a62d0b7e316d1a9b3df01c2d1000ecccf6e9686319305
2023-03-24 07:30:14,True,0.4946,0.001514,604.519,0.9154,0x70...8487,https://bscscan.com/tx/0xb502c9e504cae15a1a82daf85b018cf7a0b79be3bb982a6ae124d41c615bca1f
2023-03-24 07:23:20,False,0.4897,0.001506,10.0,0.015,0xf8...b9d0,https://bscscan.com/tx/0xbe16b47eb15afdc6747b362b61137a5b0348d82498c48095cc85179e4dade798
2023-03-24 07:21:41,False,0.4897,0.001506,617.137,0.9299,0x58...9a03,https://bscscan.com/tx/0x48460743288d8d07c3a116d1facc1561e598144f746cfc95bffccf682f0b0090
2023-03-24 07:19:47,False,0.4919,0.001506,33.2087,0.05,0x07...6945,https://bscscan.com/tx/0xd39706f5d7a34385a6177db35822bf97f447ed537f0eb8cdf04ae3b4524b4e9f
2023-03-24 07:14:17,True,0.4945,0.001514,604.25,0.915,0x70...8487,https://bscscan.com/tx/0xa54aa649948c46942272399e0ea42c5a5b3830495136b3b208dbfe75ae3f2166
2023-03-24 07:08:15,False,0.4912,0.001506,6.42756,0.0096,0x3c...cfd2,https://bscscan.com/tx/0x12ec4f423df3e60bdadb58e3ea6d9b49cfe963acd24c308e6e4db0d0f9dbf153
2023-03-24 07:05:36,False,0.4891,0.001506,50.0,0.0753,0x91...29a1,https://bscscan.com/tx/0x8ca4deaa7cff9fc09e7b65f003177c43b4ee0a839b26431d9ec80e0620176710
2023-03-24 07:04:45,True,0.494,0.001514,25.7156,0.0389,0x91...29a1,https://bscscan.com/tx/0x2d1b9ad99d2c1f638438c029c33929686f44f7742716ef90cda39683e18ccef2
2023-03-24 06:59:12,True,0.4962,0.001514,603.402,0.9137,0x70...8487,https://bscscan.com/tx/0xfef660829cd2bc6d2cf5e102fe19bc2e9cfab595b64f742eb805bd1804b89fbe
2023-03-24 06:52:42,True,0.4939,0.001514,78.9904,0.1196,0xfb...5fed,https://bscscan.com/tx/0x8ebc00b6ff77c0f89a605919a2f602a18a5ce4f081410cd86f1106b03b854c79
2023-03-24 06:49:09,True,0.4939,0.001514,600.0,0.9085,0x58...9a03,https://bscscan.com/tx/0x6a63f05818004e9ff3f3181265d3f85b822fd918a4e95421e0076dde23a29f1e
2023-03-24 06:48:24,False,0.4939,0.001506,48.7551,0.0734,0x02...f2c0,https://bscscan.com/tx/0x497da93a4e83d6d0ae6e784f964e05b823e7bebb2a3af3053688b738e53f43f3
2023-03-24 06:45:03,True,0.4964,0.001513,4000.0,6.05579,0x58...9a03,https://bscscan.com/tx/0x5d228d106bef23cbf30563abb83f7c66830d4a1f1bc4834d1acfabf4fad74a76
2023-03-24 06:44:15,False,0.4913,0.001506,84.1923,0.1268,0xdd...270b,https://bscscan.com/tx/0x078bbf72a754c3c0aaaa55e8613a11fa1f65b6fb5cd7059dc9e254e951508e47
2023-03-24 06:43:19,True,0.4963,0.001513,603.621,0.9136,0x70...8487,https://bscscan.com/tx/0xe22ee651ed3c7fbad548dba16f45540ff7ef28260908fd2daa044d6b49d6353f
2023-03-24 06:42:07,False,0.4913,0.001506,1050.0,1.58145,0xdb...7bb0,https://bscscan.com/tx/0x12462fa0ce36384ececd1245198663685a4f41ca661a0c5a56f86245f5b2a4c4
2023-03-24 06:35:52,False,0.4914,0.001506,40.0,0.0602,0x83...7419,https://bscscan.com/tx/0x55df2655b6cc177f22cb913c280b4c9eee8d1c1849d75f8e0d6643e582bacf7b
2023-03-24 06:35:10,True,0.4964,0.001513,1278.6,1.93541,0x00...78d2,https://bscscan.com/tx/0xc0710075240b91f9bcc412e7f1877855bde318b5117fda95519533be2865d0c6
2023-03-24 06:34:37,True,0.4963,0.001513,1681.09,2.54436,0x0c...8533,https://bscscan.com/tx/0xa25750d1030a7b51a476b2eb13685063ecab255f55534978f21e35aef60f2b66
2023-03-24 06:34:37,True,0.4963,0.001513,1355.3,2.05102,0x00...78d2,https://bscscan.com/tx/0x7cb5fc284bf209cf904476d5491f98ffd5a6a9963a562da6bdf488cfe7514173
2023-03-24 06:30:50,False,0.4911,0.001505,35.8491,0.0539,0xca...3bca,https://bscscan.com/tx/0x83e55fee276fe01c6e91fb5041003146838c18a0283e978d8894c8c1f8816133
2023-03-24 06:27:11,True,0.4936,0.001513,603.602,0.9133,0x70...8487,https://bscscan.com/tx/0x85ae277f0196fbdcb05df7fcb07cf69d544ff43986fc12e366d4ffb8654f7da9
2023-03-24 06:21:23,True,0.4961,0.001513,2.0,0.003,0x80...7982,https://bscscan.com/tx/0xc9037977a0d8b86bb35a657126b88e20bbafd290f4c25cad80f1c590514c78f8
2023-03-24 06:20:14,True,0.496,0.001513,759.1,1.14862,0x00...78d2,https://bscscan.com/tx/0xc8215c4266a400306244eaea62d9cab1ea93c55cfcef28567dd2de7f33a1554b
2023-03-24 06:18:26,True,0.496,0.001513,2201.1,3.33016,0x00...78d2,https://bscscan.com/tx/0x5cecd3fdce8cd38c1ee02343e17f792fe49cdd7506f89fb075d03934b87bf1ea
2023-03-24 06:16:32,True,0.4959,0.001512,1.0,0.0015,0xda...31b8,https://bscscan.com/tx/0xd18e38d9c6a63decc133401ba099ff25957b786c7d1cd56948aa130e1dfe1e34
2023-03-24 06:12:02,True,0.4935,0.001512,5.0,0.0075,0x82...b8f9,https://bscscan.com/tx/0x43592aad5ae2466b47809f3f2c99188cfbc36d170380c017b4359584d2d98fac
2023-03-24 06:11:11,True,0.4934,0.001512,603.752,0.9133,0x70...8487,https://bscscan.com/tx/0xa8bd2abbb5af31edd9ad264de3186f1610f908e77ed2cfe500d472d900480d6b
2023-03-24 06:08:44,True,0.4935,0.001512,4.0,0.006,0x2e...e9b5,https://bscscan.com/tx/0x073c27fa53fc4da8d3d9433a692e385486c5f853a4494f0a6f0aae0637d0e167
2023-03-24 06:06:14,False,0.491,0.001505,12.6792,0.019,0xb6...395f,https://bscscan.com/tx/0x43b2637bac6e762084a7ac5d4db6913bfe6726ace96467e87837df4a6590f01d
2023-03-24 06:06:05,True,0.4935,0.001512,5.0,0.0075,0x2c...f3c6,https://bscscan.com/tx/0xb39fa87442bab95083bb4004aa4d46b67e28fd5806006afe160a379b2afe3df1
2023-03-24 06:00:56,True,0.496,0.001512,1992.97,3.01463,0x62...1f10,https://bscscan.com/tx/0x3700cc54e824f286d4f355f1a1552ea69590acb72392a204d67bb2e6920c4b4b
2023-03-24 05:56:20,True,0.4965,0.001512,603.009,0.912,0x70...8487,https://bscscan.com/tx/0x247f20fa34ecb727b62170a2ead8fe5c26135bd5f3734a6dd47a9801203f6532
2023-03-24 05:49:38,True,0.4935,0.001512,9.24318,0.0139,0x8b...3857,https://bscscan.com/tx/0x0e42634d43076c0a236569a8e2dbf18428b31cba73a6ac53e965a8fbd6cd8d82
2023-03-24 05:43:29,False,0.491,0.001504,183.459,0.276,0xb6...395f,https://bscscan.com/tx/0xe87e816f005ee37b012fa6ef29edec6bc645ec6494dc88c698d2b06fda74cf7c
2023-03-24 05:43:11,False,0.491,0.001504,20.0,0.0301,0xb6...395f,https://bscscan.com/tx/0x085f546e8e1bf86311843a8e1442464112a1c1c724bacab9a536cf8504c88703
2023-03-24 05:40:20,True,0.496,0.001512,602.984,0.9119,0x70...8487,https://bscscan.com/tx/0x3dd3f356495ab7b385e659f7c40324d91912c4449dae1ca02dddfa773075a6d9
2023-03-24 05:38:23,True,0.4959,0.001512,288.016,0.4355,0x57...0de2,https://bscscan.com/tx/0x300f47a976b9c343557e83fdfe9c332cfda8803964668a3d1055df3968f933d6
2023-03-24 05:30:02,True,0.4935,0.001512,40.0,0.0604,0xb6...df6f,https://bscscan.com/tx/0xf2a4de20591af1d6b9bc091f1d7587c7bb9e87d2b0083c166bcfa5560adfdaff
2023-03-24 05:24:11,True,0.4958,0.001512,603.091,0.912,0x70...8487,https://bscscan.com/tx/0xf796a50920973a79355f115994a84b4ffc3572e8221703619f1c0866f38926e5
2023-03-24 05:23:59,False,0.4934,0.001504,560.0,0.8426,0xa8...2099,https://bscscan.com/tx/0xa831a0a56001eb6c7ef56156c2fcf0bcf9fa2689de98ab9863bdd32e08f5c068
2023-03-24 05:23:47,False,0.4934,0.001504,20.5923,0.0309,0x64...9ae8,https://bscscan.com/tx/0xc60e6b1d76549eb02692e19e6746d97d7cdd07588865cf57a4d35c7fc21a309c
2023-03-24 05:15:23,False,0.491,0.001504,22.9135,0.0344,0x80...8892,https://bscscan.com/tx/0xab12571a8c57b75db3646f59678a237bdba860c1859923357985c3f27d698434
2023-03-24 05:14:11,False,0.4935,0.001504,9.292,0.0139,0x65...6b17,https://bscscan.com/tx/0x4afcd4d962dd51f0386e0bc5f50e239bc73cf2d74a99ac7326592d6e77e9c955
2023-03-24 05:08:11,True,0.496,0.001512,603.123,0.9121,0x70...8487,https://bscscan.com/tx/0x3fce08ee95fcd38cbb1a82ca25ee03123c3dacf0366e412a1b9051f6c00c7a3a
2023-03-24 04:53:11,True,0.4965,0.001512,602.853,0.9116,0x70...8487,https://bscscan.com/tx/0xc1dfaa9017323e61a26b3a74981f803c2b0fbe471d1bffa68a36ab98a618975d
2023-03-24 04:50:59,False,0.4937,0.001504,388.597,0.5847,0x5a...1b62,https://bscscan.com/tx/0xda721653764dc788027b565554b6058f04f51d87712d5e23025ababfffd96274
