datetime,buy_order,price_USD,price_native,amount_token,total_native,maker,etherscan_url
2023-03-20 21:02:11,True,0.5112,0.001517,239.461,0.3634,0x3f...66aa,https://bscscan.com/tx/0xa63271ccb0338584824d1b2f770750af73e9f143250d06c9eeab85f9fe9937d8
2023-03-20 21:00:13,True,0.5088,0.001517,583.833,0.886,0x70...8487,https://bscscan.com/tx/0xcdd0c432ecee465b683db85af4f9a62f7df4e2b07092c2cf6df9ac87c47dbf98
2023-03-20 20:58:58,False,0.5087,0.00151,19.48,0.0294,0x5b...7d4f,https://bscscan.com/tx/0x855a00a621735e5fe46340ba63d45d2c22cce2bb987b32d75178ff754794591f
2023-03-20 20:55:10,False,0.5063,0.00151,40.0,0.0604,0x92...a4fe,https://bscscan.com/tx/0xa1bb21fa611451c6d4b6b4f181b2a3b869607f72cc8ce2e0db35f82be9ebff0b
2023-03-20 20:53:37,False,0.5064,0.00151,73.4203,0.1108,0x65...2100,https://bscscan.com/tx/0xac3ae78ec6e4af65b666e59e35e5166f48fb8fa5ead4193f2451be2be5f6e892
2023-03-20 20:52:13,True,0.509,0.001517,41.0,0.0622,0x4b...1f22,https://bscscan.com/tx/0x9875a9f9c997d6d443941b5ebb93868c0755a70816a60bfa3048ff0747798298
2023-03-20 20:50:10,False,0.5091,0.00151,2368.85,3.57741,0x00...78d2,https://bscscan.com/tx/0x9f488624244497f4b4f091fdbf84d84c370c746a2b0ea7d9676da4e2e3df876b
2023-03-20 20:47:16,False,0.5092,0.00151,12.0,0.0181,0x78...42b0,https://bscscan.com/tx/0x2a09b13c61c751a7d5c902505bb337329b428fa3393d60aac6b85cd975f1786c
2023-03-20 20:45:13,True,0.5128,0.001517,583.979,0.8864,0x70...8487,https://bscscan.com/tx/0xb13c21803ebda675974d5319ac04ee1d5675bc80af484e3f9273109a83324d95
2023-03-20 20:43:28,True,0.5126,0.001518,293.735,0.446,0xde...367a,https://bscscan.com/tx/0x95e4c1685a1c8a0b7771659c4cdf9b4ef7196f6d61b35d2a0a1fcd675084570f
2023-03-20 20:41:13,False,0.5073,0.00151,2544.89,3.84378,0xd3...ec6f,https://bscscan.com/tx/0xedbb1004110b9c082b16a3760ced44aefb930a15c16e0b2405e5478b9a56761a
2023-03-20 20:34:34,False,0.5071,0.00151,200.0,0.3021,0xbc...0860,https://bscscan.com/tx/0xb4eda09277cf2f8bb30e6a9329e50c8eed7a29133ceb4d1cba14a7a5b07d4b1e
2023-03-20 20:30:10,True,0.5122,0.001518,584.159,0.8868,0x70...8487,https://bscscan.com/tx/0x116a187d83bd31a6fc9b6b6c37a6ffa1b86697b695aee962628a682c7f0964b7
2023-03-20 20:29:07,False,0.5071,0.00151,14.772,0.0223,0x31...67b4,https://bscscan.com/tx/0xb62741dfa2d272a3e6534acb99b743d43e9c1d3e76309fc88343d0b40918d09d
2023-03-20 20:28:55,True,0.5096,0.001517,2544.89,3.86295,0xd3...ec6f,https://bscscan.com/tx/0xc48c9daacc7c2ad13431a6de51665d90124f98b288b0c1f1e5aec94da2f8b640
2023-03-20 20:14:17,True,0.5144,0.001517,581.226,0.8821,0x70...8487,https://bscscan.com/tx/0xd2f97a5dcc3cc3eac6ac1c4a34a9a803e6b4f8109e74d9ae01f23cc86e367146
2023-03-20 20:05:53,False,0.5121,0.00151,67.8029,0.1023,0xe6...b100,https://bscscan.com/tx/0xeb28d48513d6722b2487d8676bf31300d7633966c50739795ae827de461f2784
2023-03-20 19:59:59,False,0.5123,0.00151,71.7747,0.1083,0xe4...b4af,https://bscscan.com/tx/0xb37a04ca37104de85bf3984836b9a24a4e2e391a2adf7200e3cb4a281b86ff90
2023-03-20 19:59:11,True,0.5123,0.001517,581.639,0.8827,0x70...8487,https://bscscan.com/tx/0x1f0dc0198cd8817042a29f2fd6f3c7bd1cab86261659581f0e6a03a618bdc577
2023-03-20 19:57:23,False,0.5125,0.00151,39.0,0.0588,0xbe...5e93,https://bscscan.com/tx/0x1d9ef60cd41b4594b3b6cfede541c0db93e533649c86bb5b94b2e8d040c3e47b
2023-03-20 19:54:17,False,0.5122,0.00151,814.431,1.22988,0x67...2737,https://bscscan.com/tx/0xba859719f90e7fdf87b7817ebfe7035ab2583bbf9005bcf8e0947f2ac49f95dd
2023-03-20 19:44:20,False,0.5094,0.00151,88.2016,0.1332,0xaf...c7ad,https://bscscan.com/tx/0x68a60630f3ae5a632d4154f81db04dcac04feb4b918e5fd88cd498fb34b53401
2023-03-20 19:43:11,True,0.5119,0.001517,582.15,0.8835,0x70...8487,https://bscscan.com/tx/0xa023744cf5d4c9dc30ffb9a2533e63db6fba6749c59812cfe3762266a696bbf4
2023-03-20 19:41:07,False,0.5093,0.00151,2353.29,3.55404,0x00...78d2,https://bscscan.com/tx/0x5296fa188d8ca5ed5185460829171d4fe70d2bae5440679c4b2beb2d139cac19
2023-03-20 19:40:22,False,0.5094,0.00151,222.334,0.3358,0x33...82cd,https://bscscan.com/tx/0x0c2452b2c9b4b9c7dfc42fa0b145a31cda69f62354d247b73dd39db4c7da8ff9
2023-03-20 19:35:40,False,0.5118,0.00151,1060.29,1.60155,0x00...78d2,https://bscscan.com/tx/0x6b313679032fda5a9261631282689933a173f13d4526fc0d4f99f1cfa671b27b
2023-03-20 19:35:22,False,0.5093,0.00151,2321.1,3.50648,0x00...78d2,https://bscscan.com/tx/0x20359264bfdfa4fea6d611188c141dba7f03a1222bd98d782d65bac8e1882017
2023-03-20 19:35:19,False,0.5094,0.001511,2350.29,3.55126,0x00...78d2,https://bscscan.com/tx/0x4f51d768a059aaa512bebfef2509797f8d7f1a8240fe6e365fa0f9fa492dd430
2023-03-20 19:34:10,False,0.512,0.001511,25.3596,0.0383,0xf4...2924,https://bscscan.com/tx/0xe8ff0168ea7ffaedb828ef5642ad2f4d4a43f848cb91913b00bb6c481a96dec2
2023-03-20 19:32:49,True,0.512,0.001518,5.26758,0.008,0xb1...8d7b,https://bscscan.com/tx/0x1e7ae77118e98ef57dc6a4b2f7d8a6a04c4c47eb280254d16d8ad75cdf1c5410
2023-03-20 19:30:58,False,0.5084,0.001511,1.0,0.0015,0xbd...3236,https://bscscan.com/tx/0xe93bb4dbbac12bf49f727c97ffe881c7e43ed84e5c933f6d853781bd51df03b2
2023-03-20 19:30:43,True,0.5132,0.001518,43.4963,0.066,0x60...7f32,https://bscscan.com/tx/0x13b968c7e31c3cb0e97e07724b632b8bedcd288a4764a0931121e8059e41275d
2023-03-20 19:27:10,True,0.5113,0.001518,582.501,0.8846,0x70...8487,https://bscscan.com/tx/0x9c6a5e641daad856079667ed3785731576a1ef6bcbee204f010eeffad30b40f0
2023-03-20 19:23:58,False,0.5112,0.001511,90.0,0.136,0x82...3d9b,https://bscscan.com/tx/0x0c20e029f9af529343d676e6da7c2cd02d2d3fa1fa2fda9f71476feffe910c6e
2023-03-20 19:21:55,False,0.5081,0.001511,96.7221,0.1461,0x82...3d9b,https://bscscan.com/tx/0x6c03c7ca8b08e3242aa8b648055d23510042fa493ba42656bb2fbd12325e992d
2023-03-20 19:18:25,True,0.5104,0.001518,390.198,0.5925,0xf3...a5d5,https://bscscan.com/tx/0x500666c474856801836cb946514d626bd55e6cc37436a0bd5b66c8399647cf82
2023-03-20 19:13:55,False,0.5099,0.001511,27.4129,0.0414,0x1c...afea,https://bscscan.com/tx/0x08afa59cc3e065aff05d17b05dbaa26b20783e27dcbb1acd195248a14f87c242
2023-03-20 19:13:04,False,0.5099,0.001511,1366.0,2.0642,0x00...78d2,https://bscscan.com/tx/0x7305896f30f476eef69599a7c3936c2b3e7aaef94211b5c0932fc0e9edaeaec4
2023-03-20 19:12:04,False,0.5097,0.001511,2362.55,3.57066,0x00...78d2,https://bscscan.com/tx/0x5d0f063d7ac14ef718471023084f56bff6e65201ed90534241b969ab6d32d2e2
2023-03-20 19:11:13,False,0.5095,0.001511,2364.18,3.57382,0x00...78d2,https://bscscan.com/tx/0x8ec0abf6a3340996892da14c3cec94ee67161c63ae834a36c455ac2e0bb2450f
2023-03-20 19:11:10,True,0.5121,0.001519,584.409,0.8879,0x70...8487,https://bscscan.com/tx/0x40cce2e0e4ad452f43e71398e758f9fb6baa6e690e6d406e4b825ba25da0806e
2023-03-20 19:11:10,False,0.5095,0.001511,3.0,0.0045,0x7e...2035,https://bscscan.com/tx/0xce45183a405e4ca49e50106e1495638c1afb3cc35850716d8b3b9a0761669fab
2023-03-20 19:10:34,False,0.507,0.001511,568.5,0.8594,0xaf...847e,https://bscscan.com/tx/0x38b3d718f09892f0010325b16913e729d7c4a1555692d650273b80ebed8adea2
2023-03-20 19:09:49,False,0.5095,0.001511,47.2858,0.0714,0x38...2b36,https://bscscan.com/tx/0x231df47805a0d367ed6a321370146d0c18bc4df245771f31e56a4489f6aabbec
2023-03-20 19:08:34,False,0.507,0.001511,47.2858,0.0714,0x38...2b36,https://bscscan.com/tx/0x4a22573df3112f35c09dfc4dac7debe0b38f22df753eb0886e448b8da4a0a2fc
2023-03-20 19:08:01,False,0.507,0.001511,597.5,0.9033,0x3a...231f,https://bscscan.com/tx/0xa9c5858abadde9656da5ac5c079cca7c08d75345ccce111b651a0ffea6d32de2
2023-03-20 19:06:46,False,0.5096,0.001511,519.7,0.7857,0x9d...6dab,https://bscscan.com/tx/0x89745392d884436e75ecc0a89fb8dfa05d46f0d737caca12ce2c82cd10fb772b
2023-03-20 19:05:31,False,0.5097,0.001512,2283.7,3.45317,0x2c...015a,https://bscscan.com/tx/0xf31053f3fa1b68ad80bf1105c670d10be7b2095b430de0d741d450f554d35359
2023-03-20 19:05:19,False,0.5098,0.001512,879.9,1.33067,0x4d...74b8,https://bscscan.com/tx/0x1130d740b0179b35062f2d86ec33a080d8ce0cef835c2f03892f53e0d4b1ee37
2023-03-20 19:03:34,False,0.5099,0.001512,2167.93,3.27896,0x98...5cc4,https://bscscan.com/tx/0x4979d33d1305f5057a83d9897bce4864f1683db1e805851d72c21cf4ec371959
2023-03-20 19:03:34,False,0.51,0.001512,2566.8,3.883,0x0e...7558,https://bscscan.com/tx/0xe86f28d0ead16f09781869fe8b98bf96af12ea558e8b719bbf7290f7f54dbc46
2023-03-20 19:03:31,False,0.5101,0.001513,2066.4,3.12661,0x00...78d2,https://bscscan.com/tx/0xcf55d58aea48e3e0428ad49e1260d013002196ffdc48d727176f5a537501555c
2023-03-20 19:03:22,False,0.5077,0.001513,6219.77,9.41418,0xd3...ec6f,https://bscscan.com/tx/0x01111d25b333d91343bb59024b13c6ce14d0b5c3ed3f9cccafd0546af5243e88
2023-03-20 19:03:19,False,0.5079,0.001514,3211.42,4.86267,0xd3...ec6f,https://bscscan.com/tx/0xfea320194648f7eea79acb85986ef8a5bf822aa66f20903ad175b53cbf89613d
2023-03-20 19:01:13,True,0.5118,0.001522,89.4049,0.136,0xf3...ccae,https://bscscan.com/tx/0x4a8bbed0284922690f240d19cacdcf752094552f96758c5deb7084aa672a97af
2023-03-20 18:56:13,True,0.5124,0.001521,581.402,0.8848,0x70...8487,https://bscscan.com/tx/0xf4933a7951e7d6ae6d30d02fb8592ad7a1c429bccef5681d29fa18fceecc59b9
2023-03-20 18:48:04,True,0.5146,0.001521,2737.9,4.16633,0xd3...ec6f,https://bscscan.com/tx/0x18c8350adba7a4bb524546f5413232e3847619c611f4eb38f2eb94094f125aae
2023-03-20 18:47:55,True,0.5145,0.001521,3097.5,4.7124,0xd3...ec6f,https://bscscan.com/tx/0x76c684a48c057e3f4d04ff4d0b024b378f738bd00f57ef9abb59e24abe14cc09
2023-03-20 18:47:37,True,0.5118,0.001521,2250.69,3.42334,0xd3...ec6f,https://bscscan.com/tx/0x28a29ba6b63d2fac2269e14bfbdae9f8fa5f4d1b3c4d1d3484828d4e24d1b1c1
2023-03-20 18:47:25,True,0.5117,0.00152,1345.1,2.04562,0xd3...ec6f,https://bscscan.com/tx/0x8417f75b99a6d3307bcebee53079208ee14d249bb66e25dfbfaacf086232a5a0
2023-03-20 18:47:22,True,0.5142,0.00152,2167.94,3.29651,0x98...5cc4,https://bscscan.com/tx/0xaee4505a43e6b74483bef1c1b6b8f6ed9e9bb86ab8a447178fefb9cfa06369d6
2023-03-20 18:47:22,True,0.5142,0.00152,2412.1,3.66707,0xef...cab1,https://bscscan.com/tx/0x4a660dce749079b9224fed69aa6a8e14c8d3b127b309b4abe9520c408bbc3508
2023-03-20 18:45:01,False,0.509,0.001512,1977.51,2.9913,0xd3...ec6f,https://bscscan.com/tx/0x02fdd869f1028a1a75001a7e816d36fbe23cde97ad795fa5e375ea6367496775
2023-03-20 18:41:13,True,0.5142,0.00152,582.537,0.8856,0x70...8487,https://bscscan.com/tx/0x35965ddce8611344ac008ddd9a508459c9d0140c00786d822a09d51cf1015955
2023-03-20 18:29:52,False,0.5107,0.001512,89.2059,0.1349,0xe2...1f65,https://bscscan.com/tx/0x00e6511176c0b88785e4c97e629ccda134e95171f535026b6dd585661d674c14
2023-03-20 18:25:13,True,0.5104,0.00152,583.519,0.8871,0x70...8487,https://bscscan.com/tx/0xf880a1fc1f2afdcfa14ea4635768a636238388aa2d7b60d76aae3313ddf9a133
2023-03-20 18:21:55,False,0.5104,0.001512,34.7319,0.0525,0x82...2cbc,https://bscscan.com/tx/0xfccddbb216f963bcb6226182fd258c0944efc2007295799df47ab8c840438a3c
2023-03-20 18:21:31,True,0.513,0.00152,72.3569,0.11,0x6d...b1ad,https://bscscan.com/tx/0x629cbcf3cac64319bf7dcd65f54bc19f324c5b6ae7db3d2d6c65f171f3a56321
2023-03-20 18:18:40,True,0.513,0.00152,104.171,0.1583,0x1a...0c99,https://bscscan.com/tx/0x18aaeb56f7cea546cc5a696ecbae8b8112914a39dd51d02ba3f983d87b8862d7
2023-03-20 18:10:53,False,0.5099,0.001512,502.39,0.7599,0xd3...ec6f,https://bscscan.com/tx/0x1fc2a862fda808741ea75e652915d2e91b77120a03e7c7e718bda738553913c6
2023-03-20 18:10:45,False,0.5099,0.001512,720.024,1.08921,0xd3...ec6f,https://bscscan.com/tx/0x8b44edbfbe9989099fc2c4ed2dc2d7bcc3820ccf009bfdbe8b9e5f774d50d84a
2023-03-20 18:10:45,False,0.51,0.001512,2455.07,3.71438,0xc1...b919,https://bscscan.com/tx/0xfdd06fc0ae6ec81757cdf40f0e87dbddc91c9c3a6c5aa0cb7dfac21961bed30d
2023-03-20 18:10:42,False,0.5101,0.001513,2392.63,3.62062,0x3e...a7c8,https://bscscan.com/tx/0x04bef795ec8a69862cc29797bd10cbf48be856c1cbf390f4d1ba8c61f05e15c5
2023-03-20 18:10:14,True,0.5101,0.001521,584.418,0.8888,0x70...8487,https://bscscan.com/tx/0xe0332924266cca81fe4d904b639fb102d02605e71073783f857af3c3cc816680
2023-03-20 18:10:06,False,0.5075,0.001513,131.995,0.1997,0xf6...15bc,https://bscscan.com/tx/0xb5427ca4c56f864594b0d2a874b1fc68bfd767e9510879d1fd7f2c53667ba3a3
2023-03-20 18:00:19,True,0.509,0.00152,0.0283,4.308e-06,0x8b...6566,https://bscscan.com/tx/0x8b9916fb5d316103ae0f0d2df22cae461f47b2ddfff7f80af08750e731a2e6d7
2023-03-20 17:59:40,False,0.5092,0.001513,11.6289,0.0176,0x44...d7ca,https://bscscan.com/tx/0x810d9b9d7c25cf58c00a1cd58e45c4eddf094f34c80ac0421728bb778e5de5bf
2023-03-20 17:55:13,True,0.5102,0.00152,584.422,0.8888,0x70...8487,https://bscscan.com/tx/0x12734bbae9b08cd80a92d50d1a266c4e860c2ade3bd700ed90bbcc71ecfdeaa9
2023-03-20 17:53:43,True,0.51,0.00152,2381.3,3.62126,0x2c...015a,https://bscscan.com/tx/0x6eb58c1441831a32946d5d90f0931772973e32d308e9ef08313f731a719d0129
2023-03-20 17:53:37,True,0.5124,0.00152,3013.84,4.58214,0xd3...ec6f,https://bscscan.com/tx/0x21b88229792444c2a6505cb4612a76700c4568212222b3bf8ac0f4f8997bfa35
2023-03-20 17:53:37,True,0.5122,0.001519,7231.82,10.9903,0xe3...d2ff,https://bscscan.com/tx/0x4492735c33ea2d6c52238e24793d2e2301b33609b05da00778a49969fd860ee4
2023-03-20 17:51:46,False,0.5094,0.001511,100.0,0.1511,0x11...bd08,https://bscscan.com/tx/0x26d4c61fa937630df52731f89de02cf811b2276136ad5e04a880462b1eb74e33
2023-03-20 17:49:49,True,0.5092,0.001519,500.0,0.7596,0x0d...8fa1,https://bscscan.com/tx/0xd35a3d60597969d55119be44985a72a6b60070f5daa1af4ef46adedb34d792fa
2023-03-20 17:39:19,True,0.5123,0.001519,584.75,0.8883,0x70...8487,https://bscscan.com/tx/0x53673affee2599c8ab3ef261531f976879c9d60dd79d8da1054189f1cd2c74f6
2023-03-20 17:38:55,False,0.5097,0.001511,89.0828,0.1346,0x1a...0c99,https://bscscan.com/tx/0x02e88546d50741276e65bcdefcec765f99161faa98d435068edb5e3d3c72064c
2023-03-20 17:35:52,True,0.5094,0.001519,298.163,0.4529,0x9a...4280,https://bscscan.com/tx/0x5a4e2986cc3d6c02ec349c260e233a0834ea304ff57350917b73a83f40b8495a
2023-03-20 17:35:19,False,0.5093,0.001511,140.673,0.2126,0x43...31ef,https://bscscan.com/tx/0xa639f84b05ec6cd903edb1997b79df6519fb76a7d37eecaa2cce6682638be2c0
2023-03-20 17:29:39,True,0.5113,0.001519,15.7271,0.0238,0xa7...3b1a,https://bscscan.com/tx/0xd797bec648d6456ddf1b8ed1b834e25616daa61ac6f787ecc440b4718c430907
2023-03-20 17:28:30,True,0.5116,0.001519,75.0,0.1139,0xc8...bfd6,https://bscscan.com/tx/0x8c5acc1ea213ed3f23f1ce3884eceffd5ec219001f5a19b724fca132bae0e377
2023-03-20 17:27:12,False,0.5092,0.001511,1255.3,1.89753,0x00...78d2,https://bscscan.com/tx/0xa2e4b7d9520be73c19e4f3036f6148ce66499fcf16d64d1fe338167ff405b078
2023-03-20 17:27:06,False,0.5066,0.001511,791.9,1.19715,0x3a...231f,https://bscscan.com/tx/0xdda2645e35c847f60f1ff876bb969a8ce8be76f0050a21026a4f9e2f0493ce98
2023-03-20 17:26:30,False,0.507,0.001511,1503.14,2.27258,0xd3...ec6f,https://bscscan.com/tx/0xf23bfcdb1be0a5abaf24781191f63de067d8e1ca11705beaa453b531db52e846
2023-03-20 17:26:24,False,0.507,0.001512,2183.89,3.3023,0xd3...ec6f,https://bscscan.com/tx/0x1832e29ef6a6816779be69f3dd86216eb372a1e61e88d27f79e5324f5530797e
2023-03-20 17:25:51,False,0.5097,0.001512,445.076,0.673,0xd3...ec6f,https://bscscan.com/tx/0x1423f31d45595bcd0e89556b371d08188336ff6bc44dd27d99cdeb893403f7c4
2023-03-20 17:25:45,False,0.5098,0.001512,445.06,0.673,0xd3...ec6f,https://bscscan.com/tx/0x408ca776d2a971e934d7a7535c9297b167581e2663423d06c5e77013a213ee57
2023-03-20 17:25:42,True,0.5123,0.001519,77.8998,0.1184,0x04...7bd8,https://bscscan.com/tx/0x2c7c568606be8d06bac4098f4c7d9512af3c708aa4d46a667102bfa90c4ab988
2023-03-20 17:25:42,False,0.5098,0.001512,445.046,0.673,0xd3...ec6f,https://bscscan.com/tx/0x948d5d6676dd89f708d1402a1ac66dc924c47fb7d4cbef42fb4d47c64483688d
2023-03-20 17:25:36,False,0.5072,0.001512,445.03,0.673,0xd3...ec6f,https://bscscan.com/tx/0x9022b3e3507601f51c8e8f65d0b42df660988a8af9d046ee3390ac40d60813a1
2023-03-20 17:25:33,False,0.5072,0.001512,445.146,0.6732,0xd3...ec6f,https://bscscan.com/tx/0xc0c218607b20aeac88801056c6a8bf14df5926b68dd7ac3f90150d362f57f1c1
2023-03-20 17:25:30,False,0.5072,0.001512,445.13,0.6732,0xd3...ec6f,https://bscscan.com/tx/0x0408b2156d557d84caaf14c9194e53bdd4f8481de6731470650537ff65a9ea22
2023-03-20 17:25:27,False,0.5073,0.001512,621.779,0.9405,0xd3...ec6f,https://bscscan.com/tx/0xd70746e4a6aec718cc39c37eb30d045c8d13e2f43f108672379fa250549c3226
2023-03-20 17:25:21,False,0.5073,0.001512,494.356,0.7478,0xd3...ec6f,https://bscscan.com/tx/0x1f51efeb78f263b927315b556a561f4ec678342a55d9c01a252bb8998f32b51d
2023-03-20 17:25:18,False,0.5073,0.001512,1135.79,1.71821,0xd3...ec6f,https://bscscan.com/tx/0x3b888985f41f998c7ec25454de367f363bd5c5ff8ae6217ad42ba23f7d2770da
2023-03-20 17:25:15,False,0.5073,0.001512,1390.9,2.10436,0x00...78d2,https://bscscan.com/tx/0xb560a6d3fbeb384351128f636a8ef454773a44ede4e4f6e9859e8b8871a7f9b6
2023-03-20 17:25:12,False,0.5074,0.001513,747.3,1.13072,0xa0...cc8d,https://bscscan.com/tx/0x195bce4db70f33dda9e831bcb5cedee538c6882bef6f547e50d9d340e5ea144a
2023-03-20 17:25:09,False,0.5076,0.001513,8459.93,12.8054,0xd3...ec6f,https://bscscan.com/tx/0xfb2bbdf7200592e94656d41e8182c0ba8cd366c869e479468095635aba26ced1
2023-03-20 17:25:06,False,0.5079,0.001514,6671.52,10.1047,0xd3...ec6f,https://bscscan.com/tx/0x11bad4869cf86b3f73c33045da23a1daed775c957376bc6aa91e65fbe7790267
2023-03-20 17:25:06,False,0.5081,0.001515,2359.53,3.57509,0x00...78d2,https://bscscan.com/tx/0x4c9ae3e97d7fb687ff2b5c9cab7af29591c8ac00e676486ce45eb89e3afa6e95
2023-03-20 17:24:36,False,0.5107,0.001515,2189.18,3.31762,0xd3...ec6f,https://bscscan.com/tx/0x1bb7f576e198f62b394a6f9bdfbeb6213cd18521c342ee544daafa17030f60da
2023-03-20 17:24:33,False,0.5108,0.001515,2051.8,3.10996,0xd3...ec6f,https://bscscan.com/tx/0x9fbd1ef105f674d2c31a1c033cc69c0a154b1fb0e20c6d73974995571a957ac1
2023-03-20 17:24:30,False,0.5109,0.001516,2214.95,3.35785,0xd3...ec6f,https://bscscan.com/tx/0xd88e996fd9b9389af9a0e817f9640701de7d52543a91f38ad497c32dd0cb9ef3
2023-03-20 17:24:12,False,0.5084,0.001516,3062.85,4.64427,0xd3...ec6f,https://bscscan.com/tx/0xa9d5e7982a8e196b1d55a3996406cbc06ea8c9990a63485c76e42aaf8bd5eb17
2023-03-20 17:23:38,False,0.5085,0.001516,3036.34,4.60525,0xd3...ec6f,https://bscscan.com/tx/0xccafc7522086900aafe8b8b2d7b398e71885c80ab0941d2a200578e071f1f88f
2023-03-20 17:23:26,False,0.5087,0.001517,3036.48,4.60661,0xd3...ec6f,https://bscscan.com/tx/0xe0cb88e1d6ed1d0af6033bbd0004faeab2281cd48fd0b7cb40a135dd243c58b2
2023-03-20 17:23:15,False,0.5113,0.001517,2873.11,4.35984,0xd3...ec6f,https://bscscan.com/tx/0x5ae7caa49b2d3a2bec4303073b4f758f53792393ee6338a5971b4f7e38bf8edd
2023-03-20 17:23:12,True,0.5139,0.001525,582.169,0.8879,0x70...8487,https://bscscan.com/tx/0x9ca2bdcc3fa5a54a86ff389265697889905780e6fbeee43b5f976680d3cb82f5
2023-03-20 17:23:12,False,0.5114,0.001517,3036.04,4.60798,0xd3...ec6f,https://bscscan.com/tx/0x4e30c464e0b58e9c351d4cc74c9c08b1123e436e443e278f1ac3900e2f19d755
2023-03-20 17:23:06,False,0.5116,0.001518,2800.67,4.25177,0xd3...ec6f,https://bscscan.com/tx/0x790de07ee13e745507c299acfd95c13ea287ffe4d86b3267f6ad5485627eb389
2023-03-20 17:23:03,False,0.5117,0.001518,2621.31,3.98037,0xd3...ec6f,https://bscscan.com/tx/0xdd0bf862829a1bea3d2b044a0539689dcb604e8fbdb029e9d30ba9d7b060b571
2023-03-20 17:22:22,False,0.5092,0.001518,3584.09,5.44372,0xd3...ec6f,https://bscscan.com/tx/0xd318f503c24f0047c31986b44d24832cbe6eb1243b039da80db9b303bc62f777
2023-03-20 17:22:05,False,0.5122,0.001519,3403.87,5.1715,0xd3...ec6f,https://bscscan.com/tx/0xe8e738c20fe33728a8f272bd541d8195f4865c8f87988da377034e17bebd708c
2023-03-20 17:16:48,False,0.5135,0.001519,16.3627,0.0248,0x07...0daa,https://bscscan.com/tx/0xc0004c381cc0c2b39c87c5c6cab13288e01cb28b79bb8c9dbabfab4e3e36bd6d
2023-03-20 17:14:51,False,0.5133,0.001518,71.8535,0.1091,0xf7...766c,https://bscscan.com/tx/0x5db4458b98d6a39f1c4978b999f816b97e5931b1893991dd44f14e71f74bc1ba
2023-03-20 17:13:39,True,0.5164,0.001527,21.0,0.032,0xae...8404,https://bscscan.com/tx/0xb8e555726dbc65fc9286c9492d31d41a97f2c1f9612ffdc3b0f2b90ca4af24ae
2023-03-20 17:12:39,True,0.5165,0.001527,46.8942,0.0716,0xae...8404,https://bscscan.com/tx/0xcae4268436a706b081ddc39fac9b26f7acec27aa6d39374433d22f6541c5e5c0
2023-03-20 17:12:12,False,0.5114,0.001519,14.0,0.0212,0xda...7899,https://bscscan.com/tx/0xf4fd1b21a9432a791f924534fe515cc3276a86f1f84695441e1998eef674fef4
2023-03-20 17:12:06,True,0.5139,0.001526,3214.9,4.90896,0xd3...ec6f,https://bscscan.com/tx/0x83bd25b362d080bb78dc757796f816653bc81e66b66486a2879c44aac623e47f
2023-03-20 17:11:48,True,0.5167,0.001526,2646.14,4.03951,0xd3...ec6f,https://bscscan.com/tx/0xde372a6bcd3c5d4ee9c80d2a41700ddb18acc0a0b90f7c1af251b64c0be39322
2023-03-20 17:11:03,True,0.5167,0.001526,612.7,0.9352,0xd3...ec6f,https://bscscan.com/tx/0xce3261379c0ca3472567b34dbb397d264e4a1689b3931e9efe10ce01c81a8e04
2023-03-20 17:10:57,True,0.5167,0.001526,612.7,0.9351,0xd3...ec6f,https://bscscan.com/tx/0x97448738871b67caf18e72a60e0c8dffbe0adf71ffc1a0c1415cdb27c78ff610
2023-03-20 17:10:54,True,0.5166,0.001526,612.7,0.9351,0xd3...ec6f,https://bscscan.com/tx/0x48e076a7def53a64f5a3a804550658225340f2eba472f7a4040e44be6407d306
2023-03-20 17:10:51,True,0.5166,0.001526,612.7,0.935,0xd3...ec6f,https://bscscan.com/tx/0xe0125eabd2b83a6b587957b5b42a006678d1abffecfe12b9c3e7526906c86d3f
2023-03-20 17:10:48,True,0.5165,0.001526,612.7,0.935,0xd3...ec6f,https://bscscan.com/tx/0x5e90417165b740ff9dd632e3189a4065542770374ae217e61f1097850a5abe67
2023-03-20 17:10:45,True,0.5165,0.001526,815.8,1.24488,0xd3...ec6f,https://bscscan.com/tx/0x968cf1fc013e79eaa42a948fcd1e1b67db6f2155864b18ff0f00a448df9beecf
2023-03-20 17:10:06,True,0.5171,0.001525,482.102,0.7356,0x35...aca7,https://bscscan.com/tx/0xeba4ae44919fb6d098b4a5ceaa82a6759e074c1fedd43726542fc1b7a13e29be
2023-03-20 17:08:45,True,0.5145,0.001525,3681.8,5.617,0xd3...ec6f,https://bscscan.com/tx/0x1ce4cd911387a636db9fb8dae7964c27caa6c4fe82498593cc7a35a58a4739e7
2023-03-20 17:08:37,True,0.5143,0.001525,3977.45,6.06611,0xd3...ec6f,https://bscscan.com/tx/0xfafa2fb414c0f2fee7434e4fe52267eb56ae9c43cc8f536faac2f7cfb0f36692
2023-03-20 17:08:19,True,0.5167,0.001524,1630.7,2.48645,0xd3...ec6f,https://bscscan.com/tx/0xb33323857c811252e8ecd6003fa1831ee6faae4ef8122f22a3dde65ce1d4bb6d
2023-03-20 17:08:14,True,0.5167,0.001524,1228.8,1.87342,0xd3...ec6f,https://bscscan.com/tx/0xe7d18b4cb95ad83892386ec94d5bfe6fcb1d5f9cb5b60e9a5daab516c1d9463e
2023-03-20 17:07:38,True,0.5166,0.001524,2357.4,3.59353,0xd3...ec6f,https://bscscan.com/tx/0xeeb6f0684c0e1eb39c5f2009faf7bffb9bccaa89852a08fde5ef532a686df515
2023-03-20 17:07:35,True,0.5165,0.001524,487.704,0.7433,0xaf...847e,https://bscscan.com/tx/0x0467c99652ab142c3a432521de073a405e6f5bf8322adf113199d4e0f5b14baf
2023-03-20 17:07:35,True,0.5165,0.001524,2357.4,3.59269,0xd3...ec6f,https://bscscan.com/tx/0x7431d07671991b9936c52866765637e969ddaab562c17c8198a4db05d3f95e35
2023-03-20 17:07:26,True,0.5164,0.001523,867.355,1.32168,0xf9...5ebf,https://bscscan.com/tx/0x42fc836ab0d1267e2f4c026b91aeebb0541591bb51bac54f3af7b615014df4da
2023-03-20 17:07:26,True,0.5164,0.001523,688.4,1.04892,0xd3...ec6f,https://bscscan.com/tx/0x0f61c364898e3f7a4f6e745eaeb26b6fb47761c5016537090a6b8e6d8cb42ba5
2023-03-20 17:07:23,True,0.5163,0.001523,437.9,0.6672,0xd3...ec6f,https://bscscan.com/tx/0x0ef571af07ee6fb7ec7606acb0651450f19f1f3bc404be1bd927720e156f747e
2023-03-20 17:07:20,True,0.5137,0.001523,977.764,1.48966,0xa0...cc8d,https://bscscan.com/tx/0x4587f1e17f1108b2815a96a0b1ee68454bd3b083cde742de074f5da2e7ba4171
2023-03-20 17:07:20,True,0.5137,0.001523,437.9,0.6671,0xd3...ec6f,https://bscscan.com/tx/0xc22ab1e1a2170ef7ee96ece9be7d56cfe8729bb096419638f61b8e00dbc1ab77
2023-03-20 17:07:17,True,0.5137,0.001523,884.305,1.34712,0xd3...ec6f,https://bscscan.com/tx/0x8fcf78af4cf5411f5dddec7e6f512003193437cef62f4cc9cc8c98ad0112c1a7
2023-03-20 17:07:08,True,0.5161,0.001523,1736.4,2.64489,0xd3...ec6f,https://bscscan.com/tx/0x1d665dfdd17672c26b3c3446273232668c2463f0f173367bdd27d9771c059c86
2023-03-20 17:07:04,True,0.516,0.001523,1714.0,2.61039,0xd3...ec6f,https://bscscan.com/tx/0xd2cea36c627c1f3aefc9ed51e63d19b4afdb19505215ebd00c1b4fcc97d5980d
2023-03-20 17:06:58,True,0.5154,0.001521,26605.0,40.4713,0xd3...ec6f,https://bscscan.com/tx/0x5ffc9f38eb767e00df361e3155fb6802233e578a842269fb66f1873f5653ac8d
2023-03-20 17:03:37,False,0.5093,0.001511,74.495,0.1126,0x42...859c,https://bscscan.com/tx/0x5f04646cb57afe872a4259f1316a1d0f3c964a354a2afba2d2b3953895bfa142
2023-03-20 17:00:46,False,0.5122,0.001511,87.0,0.1315,0x0a...aa88,https://bscscan.com/tx/0xed1672d12119e5c5d1f71d4980ba282d97c402812d7158bbc739fe1f84ab5d76
2023-03-20 16:58:28,False,0.5098,0.001512,956.0,1.44548,0x16...4027,https://bscscan.com/tx/0xae5a61f273265df01903f0547008766784b7f4eb807bf318c5471d5feebe5dae
2023-03-20 16:54:49,True,0.512,0.00152,46.0332,0.0699,0x96...3bbf,https://bscscan.com/tx/0x117726948b7d1293e6b766277e1cdfb12fd59d3fbe48a7c93486626477f47d7d
2023-03-20 16:52:11,True,0.5143,0.001519,581.11,0.883,0x70...8487,https://bscscan.com/tx/0x4b6fe9bbe034ab4c20f513cae5457af9587ab936bb06f79e897505d8e55729c4
2023-03-20 16:45:40,False,0.5093,0.001512,440.752,0.6664,0xd3...ec6f,https://bscscan.com/tx/0xfcea03d3c1a030a9d39991f65c5fe164f606d5690d9b78d61bf8d9a742e71abb
2023-03-20 16:39:56,True,0.5142,0.001519,96.1308,0.146,0xae...cc52,https://bscscan.com/tx/0xe133f3fcc366b326b6d055a1b1efc95bca01b719ea8c693614d2d2de71fc2744
2023-03-20 16:36:50,False,0.5096,0.001512,611.795,0.925,0xd3...ec6f,https://bscscan.com/tx/0xdc2e9fb9977e28e3c3ba60e74ab422846c8c86f2878943d1c5d07766041fd909
2023-03-20 16:36:47,False,0.5096,0.001512,611.764,0.925,0xd3...ec6f,https://bscscan.com/tx/0xe373e1d202c3df61fe7f57e3bb0fb5c6fc994cd23d0563737ef584896bb20cee
2023-03-20 16:36:44,False,0.5097,0.001512,580.853,0.8783,0xd3...ec6f,https://bscscan.com/tx/0x945e664ff4838946fc977b47eb24c05453d4f84462f305e11c6214696e92fc53
2023-03-20 16:36:39,False,0.5097,0.001512,580.825,0.8783,0xd3...ec6f,https://bscscan.com/tx/0xe9003c233541738f66c1d7fd9c7a478c44fdfbd0f6f6c7c01673ad4ec3c3f98c
2023-03-20 16:36:21,False,0.5097,0.001512,51.716,0.0782,0x5e...54c8,https://bscscan.com/tx/0x894e1fab1a012661e0c670b76bdaa1bdff88556ae297c1952afdbc9d19bedcd8
2023-03-20 16:36:11,True,0.5123,0.001519,581.192,0.8833,0x70...8487,https://bscscan.com/tx/0x9a868e8c54123a038d8de4352385cc928713d9cfce2f27f1ea10e307d98d6f4e
2023-03-20 16:35:43,True,0.5123,0.001519,5.0,0.0076,0x11...e1a1,https://bscscan.com/tx/0x91cbae03c6e1d93c8d3599ffeb933e4696f4d77a15645e9fcf5f794c5f5ac31b
2023-03-20 16:34:53,True,0.5123,0.001519,67.8185,0.103,0x04...7bd8,https://bscscan.com/tx/0x97ef2441d6fa66b0680757b6a3c9516a4b551308ee080ea9cfc91a88acf5c2c8
2023-03-20 16:33:41,False,0.5122,0.001512,76.7342,0.116,0x96...3bbf,https://bscscan.com/tx/0xa2b7f82af442d11b6e3e7933d7755a6a6e0d4562a99226d0983a3996f6ea0fe5
2023-03-20 16:32:38,False,0.5096,0.001512,27.1336,0.041,0x66...89f0,https://bscscan.com/tx/0x84258b404c37122839813d8be1b9f3a4fda44d3e4bdb843e8ac4909fbf71b490
2023-03-20 16:29:47,False,0.5121,0.001512,39.158,0.0592,0xf4...009f,https://bscscan.com/tx/0xd40cabaf32d87a80ed0085f63111af36637a9b45b40be10323dc0b2a3457637e
2023-03-20 16:29:05,False,0.5095,0.001512,60.0,0.0907,0x2d...279d,https://bscscan.com/tx/0x1f44ee0caec1fe7a84b6ec2cfedc89769145c6eab4aafdad44d2c4a3656079d5
2023-03-20 16:20:53,False,0.5095,0.001512,30.7594,0.0465,0x9a...b48c,https://bscscan.com/tx/0x2397aafb92b2e475de20136fcd71aa7b79760f76ccdf50117d633ae857268dff
2023-03-20 16:20:32,False,0.5121,0.001512,75.0,0.1134,0xe7...9b4e,https://bscscan.com/tx/0xee29210e9df3a3ee127e427a81c70cf4438ece5bb264067ac478b633602a1f4b
2023-03-20 16:20:14,True,0.512,0.001519,581.308,0.8835,0x70...8487,https://bscscan.com/tx/0x7dadfe1c8b689f2b75b03dd523779236456176f80e9a94c2f90f894c7721c261
2023-03-20 16:15:08,False,0.5093,0.001512,10.0,0.0151,0xdd...2f8d,https://bscscan.com/tx/0x7d4de11a5980d1fce2b1997c0a86b7a3c8fe61b3a462eb016259704d8b649006
2023-03-20 16:14:21,False,0.5117,0.001512,460.341,0.6961,0x6b...4a1a,https://bscscan.com/tx/0x561c1514ffe11293f7ded678e78d3ac59f227ba811a47a2a3193a0a45663f23a
2023-03-20 16:10:29,False,0.512,0.001512,35.2055,0.0532,0x9a...b48c,https://bscscan.com/tx/0x197b66ab8f61ce9f01d77a1bd8585d0e4c37bb5f29fa604bf6f3fe703194975f
2023-03-20 16:09:35,False,0.512,0.001512,50.5158,0.0763,0xdb...f566,https://bscscan.com/tx/0xc8dfc77515ea37dc44c5e4b206df4afd22401e4eb78df01b2f1bb308edd881ae
2023-03-20 16:09:20,False,0.512,0.001512,246.662,0.373,0x92...b886,https://bscscan.com/tx/0xc9231b25f5bcd456f923794b47e22c6e0757638c1022422890f0f50fcb16524a
2023-03-20 16:05:28,False,0.5121,0.001512,53.0,0.0801,0xa6...76de,https://bscscan.com/tx/0x5f7f4c28f7092a68098e78fda0b53194a1466e5000bccd3d0459a2529db823bb
2023-03-20 16:05:07,False,0.5121,0.001512,53.8714,0.0814,0xb8...377b,https://bscscan.com/tx/0xc42b76d828b3601955211a90798ae34e19767b846d093e58e900ef2599270ffc
2023-03-20 16:04:37,True,0.5147,0.001519,103.847,0.1578,0x78...e538,https://bscscan.com/tx/0x00b0c26351e3ca0dd120b87956bd3e5c530b38ae1274c53c9a203fd640755eb3
2023-03-20 16:04:34,True,0.5146,0.001519,2981.63,4.53124,0xd3...ec6f,https://bscscan.com/tx/0xeaa96f734a1acc517264965af8033f5212a7539705759eb2a81e6c500392ad3c
2023-03-20 16:04:13,True,0.5145,0.001519,581.093,0.8829,0x70...8487,https://bscscan.com/tx/0x31758cbe8dc4578dad1d66fe7e46a7e3bf5d73b0503a28d5da19103ca87b50e4
2023-03-20 16:03:13,False,0.5126,0.001511,100.0,0.1511,0xb6...f5ee,https://bscscan.com/tx/0xf0aab31dd29e553b8d886e6ca674a21e661b3e488590e994cea9ae7b1b175b0c
2023-03-20 16:02:49,False,0.5128,0.001511,97.9545,0.1481,0x9a...10b5,https://bscscan.com/tx/0x75fa5d02bc44cad65d8f3a0cc33c9b6a21cb5a313363eaf5415a09aa64ee90cb
2023-03-20 15:56:22,False,0.509,0.001511,98.0542,0.1482,0x9a...10b5,https://bscscan.com/tx/0x368f8052ea949f67fccd6eec211a1a71b7b82f2a7615e737909bf18e9a2c0a04
2023-03-20 15:48:10,True,0.5138,0.001519,582.584,0.8852,0x70...8487,https://bscscan.com/tx/0x711ee1f044826e1111ad31a0141e7e378d73ef832895a8009a65d84197899088
2023-03-20 15:40:28,False,0.5082,0.001511,52.8164,0.0798,0x2e...f345,https://bscscan.com/tx/0x8cc9dee3aa9b246eb8b9707f07a41322999de5ae75e4933f0177fc4f9130d691
2023-03-20 15:32:13,True,0.5102,0.001519,583.279,0.8862,0x70...8487,https://bscscan.com/tx/0x292cbf0f3ca0b252b632abdd07629c3caa2fe43f3d6ff288222df6ea095eee7d
2023-03-20 15:31:55,True,0.5101,0.001519,65.8175,0.1,0x13...46c9,https://bscscan.com/tx/0x7e3fbdf0db0112b8b461cf687a5f4e3c3017c1ec39035a63b988b4d8e62f4290
2023-03-20 15:23:52,False,0.5073,0.001511,280.0,0.4233,0x33...8082,https://bscscan.com/tx/0xe3c6c56937613e28919c39a5cb56a97e601948380706830961f91866863160c5
2023-03-20 15:23:40,False,0.5073,0.001511,8.45,0.0127,0x2e...8a8c,https://bscscan.com/tx/0x2c72d8f5da284e938e9ad384f35ce1ae7b1dd707b696ad0af1e8551fc1f6c036
2023-03-20 15:20:22,False,0.5098,0.001511,10.0,0.0151,0xd6...d21e,https://bscscan.com/tx/0xfd6d3fb6de4859b48bc672a6bc774a4b1b6e433108e4fabfb5b17cf9fa7963c2
2023-03-20 15:18:01,False,0.5099,0.001511,1710.6,2.58627,0x00...78d2,https://bscscan.com/tx/0xcfce806c40491e45877bc54bf2d73f986db23d5a82a766e54e38757205e4a4ad
2023-03-20 15:17:55,False,0.51,0.001512,2364.88,3.57608,0x00...78d2,https://bscscan.com/tx/0xfb1d6a786a8ddee9a45bebc68fafd3d501e14d921875fac3fa3c27d9cac45327
2023-03-20 15:17:13,True,0.51,0.001519,583.169,0.8863,0x70...8487,https://bscscan.com/tx/0x44736decfa96d13eeced8e8a92cdbfb631c453843b472a70893eeddd7a1f6db6
2023-03-20 15:15:07,True,0.5103,0.001519,11.7633,0.0178,0xaa...763c,https://bscscan.com/tx/0x5fb0bff738d6aba94c8fdbed682a31d19be2bc311345fda595b4c3413faa1bd4
2023-03-20 15:14:58,False,0.5077,0.001512,242.875,0.3672,0x11...bd08,https://bscscan.com/tx/0x73726e6c87191c17a88b330f1916cdb4384a430cec0687ecc6cd863e811aacf2
2023-03-20 15:13:22,False,0.5103,0.001512,2364.88,3.57668,0x00...78d2,https://bscscan.com/tx/0x111f07e6288e473f3d178e0e6ce58624fddadc94e32aac1b8440b3f4809cf973
2023-03-20 15:12:19,False,0.5106,0.001512,4.6,0.0069,0x6f...c51b,https://bscscan.com/tx/0x2a6989dc3b254c16ccbed91a899ec0af95dd14f7e6618a814894c2f46cb6f0a7
2023-03-20 15:11:52,False,0.5106,0.001512,15.0,0.0226,0x40...3879,https://bscscan.com/tx/0xd3c5d22ca36f2d189bf26ded26e60f5ec5a13962daf26aeaedcd09388c95d8f8
2023-03-20 15:01:28,False,0.5094,0.001512,4.4073,0.0066,0x9c...28a2,https://bscscan.com/tx/0x623c130055687a034e451a8b31939b13117ec98008871354f5cea2aa781dc490
2023-03-20 15:01:10,True,0.5122,0.00152,584.485,0.8884,0x70...8487,https://bscscan.com/tx/0xe3e4be163f66243396f671df1e41b71dc53426244f7ee1cf2ebf744d269b6f7f
2023-03-20 14:57:07,False,0.5092,0.001512,1202.14,1.81831,0xec...c760,https://bscscan.com/tx/0x5917327b4009e14c632f82093fee75f9270bea5ca46ef0f2ec48dc7399c2a741
2023-03-20 14:52:10,False,0.5091,0.001512,58.7136,0.0888,0xc6...faf5,https://bscscan.com/tx/0x590f5e4f672a20ba32f567981ef34b8790f891c2fbd979fb2b0c1577b21f3c89
2023-03-20 14:47:49,False,0.5063,0.001512,60.0,0.0907,0x0a...aa88,https://bscscan.com/tx/0x44df1236c0aef997cb7c1fa95de7ff856f95947baf7b9cc9478bfc1de4f133c9
2023-03-20 14:47:01,False,0.5064,0.001512,20.0,0.0302,0x0a...aa88,https://bscscan.com/tx/0x86dbac70c4105f6c51fc754e1d3e9b17f6dfc71d1c8b36c9cf13f2ba5ca0e5a2
2023-03-20 14:46:13,True,0.5114,0.00152,583.575,0.8871,0x70...8487,https://bscscan.com/tx/0xce736dcde93559cfbfe04357987ac34b246589c5f7f1aaa988878d9fe92a2d3f
2023-03-20 14:44:58,False,0.5089,0.001512,2364.18,3.57637,0x00...78d2,https://bscscan.com/tx/0xb43a6785493d7a39a4a712ea7bb129305f2872f297595b60f55089f03638bcff
2023-03-20 14:44:31,False,0.5088,0.001512,245.078,0.3707,0xfe...697e,https://bscscan.com/tx/0x0ed8c2aa31bd62ca088eee1744952028441023fd84f5804191bc3ea61ffba8d3
2023-03-20 14:39:28,False,0.5071,0.001513,2361.85,3.57362,0x00...78d2,https://bscscan.com/tx/0x06ebde29d956e0ad4f6b2b248fe734dcfe1b5ca90b7c765d89a8924edf13c609
2023-03-20 14:38:25,False,0.5099,0.001513,1077.2,1.6301,0x00...78d2,https://bscscan.com/tx/0xe1dbaca0b3ce1c68cc8851054f4eea129f7c44298613b8152f71a000b48e2645
2023-03-20 14:37:22,False,0.5076,0.001513,2369.55,3.5863,0x05...7eea,https://bscscan.com/tx/0x7559caf33373853cc9a56ef6551a9649bb5bbe8ac92d5a5194cbfcaaaf595e4a
2023-03-20 14:37:19,False,0.5103,0.001513,853.031,1.29123,0x05...7eea,https://bscscan.com/tx/0x8f620840a5d3d02c01b36a01232a533be1765d00ee4b0f486ed6f82bced67c2d
2023-03-20 14:36:40,False,0.5111,0.001514,6178.2,9.35463,0xd8...bcda,https://bscscan.com/tx/0xc5290824bb64274b377cd5971c95384e16dd92df3652833b09a47d3ba6c8f18a
2023-03-20 14:36:37,False,0.5113,0.001514,3308.88,5.01206,0xb0...a41e,https://bscscan.com/tx/0xfdac104cdb0b5bcfa205b488a45dc4c4653e6b6b6d018dccf83cfd610c68331c
2023-03-20 14:36:34,False,0.5115,0.001515,866.9,1.31335,0x00...78d2,https://bscscan.com/tx/0x3e4ee24765bda1fbb48d9eae73bdfb56a8be353ffa9221de2e8322636685b17b
2023-03-20 14:36:24,False,0.5115,0.001515,1406.8,2.13149,0x05...7eea,https://bscscan.com/tx/0x3ed6f2097a5abc0188f9d09cfb19cad99f692df3e2bf275bdc39d132e46452c8
2023-03-20 14:33:52,False,0.5137,0.001515,96.7866,0.1466,0xef...a440,https://bscscan.com/tx/0xfa28789255087f358c181cc5eb1edb8badf879d7ca88f5b4c289ded92c23adb3
2023-03-20 14:33:31,False,0.5112,0.001515,200.0,0.303,0x48...5747,https://bscscan.com/tx/0xcb940493b0d22a70f0294034e271567ce044d91e082b8a432317f3ddd78ca28a
2023-03-20 14:32:52,False,0.5113,0.001515,953.6,1.44501,0x00...78d2,https://bscscan.com/tx/0xd0a24d39c01ec4a266b6531b12127df613c27ab14d0a3ff85fbcc08fc2ee7e16
2023-03-20 14:29:59,False,0.5139,0.001515,964.0,1.46088,0x00...78d2,https://bscscan.com/tx/0x6eee229b3b509074d4907f7f6a34799bb77df99f9617be6baf112d8ab9a597ff
2023-03-20 14:19:11,False,0.514,0.001515,5.0,0.0075,0x49...29d5,https://bscscan.com/tx/0xd37e4897a3a4848a49d9a80b4b9e6409cb95c1484110a3b7441dee70994c1f72
2023-03-20 14:16:20,True,0.5166,0.001523,2.00779,0.003,0xcd...c1da,https://bscscan.com/tx/0x69ed0dfe790c270c4a5f9a4adddbe92f12d801fb5e203df52e1f2e6913b0beab
2023-03-20 14:16:14,False,0.514,0.001515,797.0,1.20789,0xc0...647e,https://bscscan.com/tx/0x8c60893c9f1d2e6959edf4f469523a5b2621514b8eee0dcdb4a9e7a5cc490e40
2023-03-20 14:15:41,False,0.514,0.001515,25.0,0.0378,0xb4...6d63,https://bscscan.com/tx/0x32cefaae135b47eaf307f6e5d939b619f3b212b6bec963ea8e677dc9f39f4fff
2023-03-20 14:14:23,False,0.514,0.001515,29.0,0.0439,0xbb...b852,https://bscscan.com/tx/0x16990cb29bdd98c697fe9e63814ff6bd04771061fe4f7755ea6f81b0d0029551
2023-03-20 14:12:02,True,0.5142,0.001523,6.91556,0.0105,0x92...8783,https://bscscan.com/tx/0x1f7c0022cb848d6cee1481aa17c3336c71a3205aea16f35a4e375b1b4988bc95
2023-03-20 14:11:56,False,0.5143,0.001515,797.0,1.20798,0xd5...40c3,https://bscscan.com/tx/0x9a40ea501ff0eae995f4871181a481039f9e4322f6d222d86590c895f5854518
2023-03-20 14:11:32,False,0.5143,0.001515,2053.8,3.11322,0x00...78d2,https://bscscan.com/tx/0x929ce8290c96a11fe8fadb3f64a2a19a9643ef7382ca1c2f2a351b3a5ba0aca2
2023-03-20 14:10:53,False,0.5142,0.001516,89.2303,0.1352,0xa2...a5ec,https://bscscan.com/tx/0x6c93cace254de6d4505de239e220e2e16d04225ce2bcfdd5fdf3382d3be04eb5
2023-03-20 14:08:11,False,0.5143,0.001516,1702.5,2.58113,0x00...78d2,https://bscscan.com/tx/0x4fd4505cb399f357c484ea9a89ef70512fbfadeb00631360d5b91fb7802b6cb0
2023-03-20 14:07:56,False,0.5144,0.001516,797.0,1.20844,0x71...8c84,https://bscscan.com/tx/0x6a1b978fcc0c03b32de4adc411b8016d5c808cfd2209ab057190271c74427541
2023-03-20 14:07:56,True,0.517,0.001523,659.481,1.00496,0xa6...3df9,https://bscscan.com/tx/0x11cbf87b08c4e9342017dc6184c09c225cea2395d64cad61f253eee2cfbdb058
2023-03-20 14:07:08,False,0.5119,0.001516,2348.68,3.56144,0x00...78d2,https://bscscan.com/tx/0xd1d516effc62ea7ab0b187af3888e2b69e0df31ae4857087198c65a3aa0f75fe
2023-03-20 14:05:50,False,0.5144,0.001516,532.4,0.8074,0x2c...015a,https://bscscan.com/tx/0x4f46b5d3ee9614560cd2fdd2c180cf87a9306cc51188c1adc17cdd5c6d4af545
2023-03-20 14:05:50,False,0.5144,0.001516,1063.3,1.61264,0x05...7eea,https://bscscan.com/tx/0xd43a3e0b8a489696379b9c7f7bf387b70ca47410709db73bbf077dd403a9329a
2023-03-20 14:05:14,True,0.5174,0.001525,154.043,0.2349,0x03...113e,https://bscscan.com/tx/0x76540ad1c800c4bc0a7d82499afa5d8b3f734742105b8bf4cb8ed24969a403f1
2023-03-20 14:04:23,False,0.5118,0.001516,60.3716,0.0915,0x02...f2c0,https://bscscan.com/tx/0xe056f2d6178cd31fb5a2441a5faa918c74fc7b5d8a0bcf18f51cf1f81a032137
2023-03-20 14:04:05,False,0.5144,0.001516,828.5,1.25662,0x3a...231f,https://bscscan.com/tx/0x54e44f693e02f08a02c07318261b6cb6cd8573b40b9a4c7bd5119717f5fb7778
2023-03-20 14:04:05,False,0.5144,0.001516,4.97619,0.0075,0xe1...ce1c,https://bscscan.com/tx/0xb68e22ab952ffdb39b3765fe1c72ffd199af4b32943080914867199f8008ab66
2023-03-20 14:04:02,False,0.5144,0.001516,931.9,1.41356,0xaf...847e,https://bscscan.com/tx/0xc574720f13af1f471b93de747a748516af5ece24bf36431158a0e8d9a686a703
2023-03-20 14:03:59,False,0.5145,0.001517,797.0,1.20902,0xcf...6003,https://bscscan.com/tx/0x174c6188e33b20b6f72802430c09aef6c7af061acb42053f24381a3b32ab6390
2023-03-20 14:03:11,False,0.5119,0.001517,739.4,1.12171,0xc3...157a,https://bscscan.com/tx/0x17c02553c5380900a625c9ad576a826535eed0ddb608293cde4bc3e00acf4218
2023-03-20 14:02:17,False,0.5145,0.001517,1409.8,2.13894,0x34...7c76,https://bscscan.com/tx/0xef8c12678b18779547c4566a3e791b0608d1e201f72056738a2881c7c10b1a6c
2023-03-20 14:01:29,True,0.5173,0.001525,72.0469,0.1099,0x3c...9e67,https://bscscan.com/tx/0xa4076676c43d13f3491520c1e075cc29cdbc126d2299fd0c39e8ffac87ed51eb
2023-03-20 14:01:17,True,0.5147,0.001525,9.88735,0.015,0xde...367a,https://bscscan.com/tx/0x524cb50fba367795e567769d6c8ecfafcd9460b2eb2b07fdb0d4e70e81cea97f
2023-03-20 14:00:50,False,0.5144,0.001517,1925.3,2.92144,0xaf...847e,https://bscscan.com/tx/0xeaafe16932f1300820635f65d42c6faed79ceb3c3b7a19ee6e995bdee904e4c2
2023-03-20 14:00:47,False,0.5145,0.001517,2336.56,3.54611,0x00...78d2,https://bscscan.com/tx/0xa5dc6bc7894f82b29854f75b0d84982943dcd6831917211e0644d67515e2b2e1
2023-03-20 14:00:26,False,0.5145,0.001517,786.23,1.19339,0xd3...ec6f,https://bscscan.com/tx/0x17ff9f2229a38a2cddbc021fbb755b15844d93f574cf8af95105bed1a8c90f6d
2023-03-20 14:00:23,False,0.5145,0.001518,1122.06,1.70327,0xd3...ec6f,https://bscscan.com/tx/0x928fa2ed73ef785d9383dcac790f262e9bf8804f54e3cbc1b54f7f5d50888f40
2023-03-20 14:00:17,False,0.5145,0.001518,1122.29,1.70377,0xd3...ec6f,https://bscscan.com/tx/0xa41d90b0a63e299ba4864b99469ac3274c0734319b0ac9eeed9dc541ba6c7976
2023-03-20 13:57:32,False,0.5144,0.001518,133.247,0.2023,0x3b...8523,https://bscscan.com/tx/0x4fd2da27be8d9a4eda80b4c369c979ffcbc4e0f7be484cccb767e0c4e6772573
2023-03-20 13:51:17,False,0.5119,0.001518,8490.0,12.8941,0x83...6678,https://bscscan.com/tx/0x889414be06fdccfcc1aafb8ab35113bb176629ccd653e62f2041646fcc191f01
2023-03-20 13:51:17,False,0.5123,0.001519,9054.28,13.7612,0xd3...ec6f,https://bscscan.com/tx/0xed116c34f014e10685e24e4fb94f6f01b0663726dd1c7e5e2f602c9b0b0b4274
2023-03-20 13:36:41,False,0.5154,0.00152,1065.61,1.62024,0xd3...ec6f,https://bscscan.com/tx/0x544d1531dbb098fb3ad1cf5bd0ced3d45616e4dcb771033f9b0f9c724c993004
2023-03-20 13:35:47,True,0.5157,0.001529,30.8802,0.0472,0x38...23ed,https://bscscan.com/tx/0x03d6a277b654914cc2d2569bdd00c27d751325133559197e3697be1cd276f526
2023-03-20 13:35:02,True,0.515,0.001528,119.89,0.1832,0x35...aca7,https://bscscan.com/tx/0x1aa2fc7f039e5cc834f8b5b7e1dbc1fe66b9e77e549ce5ec01097d12c5d3a81c
2023-03-20 13:27:59,False,0.5144,0.00152,114.507,0.1741,0x3b...1738,https://bscscan.com/tx/0x95dc9c8034f3a5a2dadc83539647400c9392ce2792f49d0784b11eb3a2edefa4
2023-03-20 13:27:53,False,0.5118,0.00152,20.0,0.0304,0x07...9154,https://bscscan.com/tx/0x1e5c11ff67ef0609dc7d6d14173ef901d9d2dce7ca9c05a9f8916867421621b0
2023-03-20 13:25:35,True,0.5145,0.001528,32.7567,0.05,0x5f...b83d,https://bscscan.com/tx/0x9c16a527a536f031af3f9c1dfc75acd510988999f24d82f7aad8d52a4fe66387
2023-03-20 13:21:35,False,0.5143,0.00152,448.746,0.6823,0x3a...9f49,https://bscscan.com/tx/0x32c917496f0f99e050d147e78d02cba56bf8e275b22b64db52b0bcbd42265e83
2023-03-20 13:13:20,False,0.5143,0.00152,31.6,0.048,0xc3...14b2,https://bscscan.com/tx/0xfed8d7eb7399f16385e8e42aab78a9c1b9632d6a08cbb6c5a463147959b44bb6
2023-03-20 13:12:35,False,0.5117,0.00152,879.449,1.33735,0xd3...ec6f,https://bscscan.com/tx/0x806f5e7087872d25c601ca35b54e61ff39a9701157cdc84870c091dce3a7fdad
2023-03-20 13:12:32,False,0.5117,0.00152,923.361,1.40423,0xd3...ec6f,https://bscscan.com/tx/0x499aaba60233f23232cf39961e47cce87ea57f9fdcdd3970007ef27f5b9a325e
2023-03-20 13:12:02,False,0.5143,0.00152,424.7,0.6459,0x3a...231f,https://bscscan.com/tx/0xa30d8bbc9e625832bd337e14293afbf0fcd67b2216023ccfb739166aa717ae67
2023-03-20 13:11:59,False,0.5144,0.001521,2339.53,3.55851,0x00...78d2,https://bscscan.com/tx/0x10858e76642fc94f9b805c18132c3ec9304800c30c7dc23e6f596e3cc6314d2e
2023-03-20 13:11:59,False,0.5145,0.001521,2754.99,4.19133,0xd3...ec6f,https://bscscan.com/tx/0xa9ab4320649b8e621d32550fbc4d09a2a42bbc61b908813dd1fa95f43dd6605f
2023-03-20 13:09:53,False,0.5122,0.001521,2426.8,3.69283,0x9d...6dab,https://bscscan.com/tx/0x7029de33e8499b1dae7821ffd600dbc3130dc9327a28e3832549d1d246163311
2023-03-20 13:09:17,False,0.5123,0.001522,2895.62,4.40721,0xd3...ec6f,https://bscscan.com/tx/0x5c582bb4a141c1e787d64bba7e1e4455a0ee26adace881686e807403ece00040
2023-03-20 13:09:14,False,0.5124,0.001522,1.64473,0.0025,0xd3...ec6f,https://bscscan.com/tx/0xa39aa9047b31b20d6b359a9f206c788407f4403cbb3db38dadaa1e322afaa424
2023-03-20 13:09:14,False,0.5124,0.001522,2896.9,4.41021,0xaf...847e,https://bscscan.com/tx/0xf7149181c456db93bf14e030ff26758f87b53a53546fa06d3d087daae502dcfb
2023-03-20 13:09:08,False,0.5151,0.001522,2158.96,3.28747,0x98...5cc4,https://bscscan.com/tx/0x6ba52a20e32b65c9d60a1781911a824e1955d7574ec1ad22988c4548f1f05255
2023-03-20 13:09:08,False,0.5152,0.001522,380.956,0.5801,0xda...c952,https://bscscan.com/tx/0x5bbb10a5d3f17e64cbba2f9fd0c698dc826a20ef04ff3186c0403762ebf26aef
2023-03-20 13:03:35,False,0.5151,0.001522,15.564,0.0237,0xb4...6d63,https://bscscan.com/tx/0x29904b1591aac5783f0e5d9898224230a65c0ad67a7380061ad8004be27d6175
2023-03-20 12:58:47,True,0.515,0.00153,3014.2,4.61277,0xd3...ec6f,https://bscscan.com/tx/0x3bcb2bd73ea3fc200164464decd58ce0a7048eb5d20b682bd6ecb9016ce48600
2023-03-20 12:58:44,True,0.5149,0.001529,3473.0,5.31346,0xd3...ec6f,https://bscscan.com/tx/0x44b73b6370166fd0bfa32c7695f915a8e6d188408c09838097df31b4a707644c
2023-03-20 12:58:41,True,0.5147,0.001529,3473.0,5.31193,0xd3...ec6f,https://bscscan.com/tx/0xea696bc1fb7cf9a4bfa9ac844c5102f6133de2647fd3098377df5057f93f2618
2023-03-20 12:57:59,True,0.5172,0.001529,38.2995,0.0585,0xf3...ef15,https://bscscan.com/tx/0xd38b486257fb7ea31864ee310c5d83518417c9955981e0efc1f8a251d0652e99
2023-03-20 12:57:56,True,0.5172,0.001529,2967.82,4.53803,0xd3...ec6f,https://bscscan.com/tx/0xb90419b843c9196fb438741de589d573c5ac0b9635e1f7322176f4e0e1888f4b
2023-03-20 12:57:53,True,0.517,0.001528,3473.0,5.30906,0xd3...ec6f,https://bscscan.com/tx/0xc42cc5dfe86acabff2b08a2efeb74e33157a24918db696537d3cb148eeee57f9
2023-03-20 12:57:50,True,0.5143,0.001528,2156.58,3.29593,0x98...5cc4,https://bscscan.com/tx/0x43e4cd30dd8ecc262097062b6692bf184aac43a4148894135f91476152feb242
2023-03-20 12:57:50,True,0.5143,0.001528,380.956,0.5821,0x0c...8533,https://bscscan.com/tx/0xdbbc636fc97169816d77c51da0569f17317baf8bfffb7d46351f65f04c0e9729
2023-03-20 12:57:50,True,0.5142,0.001527,3244.8,4.95779,0xd3...ec6f,https://bscscan.com/tx/0x78bbcee362d4c2aa4899a8b42ac7ca934fd78d508f70c18d663a7c163748e511
2023-03-20 12:54:42,True,0.514,0.001527,1045.82,1.59764,0x4d...74b8,https://bscscan.com/tx/0xd2a93d20ffce7814f6811f6f9e85f60d023428c22ce9cba2284da406bec649f6
2023-03-20 12:54:42,True,0.514,0.001527,945.9,1.44488,0xd3...ec6f,https://bscscan.com/tx/0xff6f2630ff903fc65a6be1e7581062710f27b10c0eeeb56d49a0921f8e97a4ac
2023-03-20 12:53:54,False,0.514,0.001519,1360.28,2.06751,0xf2...eb09,https://bscscan.com/tx/0xbd28277bb60c075d1ef9f9a249c43e8d41afe7fc1b8641a81c399b44ffde877e
2023-03-20 12:52:57,True,0.514,0.001527,1433.1,2.18912,0xc3...157a,https://bscscan.com/tx/0x9f18bfc146e9e47498c74499ffc497c3157fa776b0611a2dd5ff1a9004c8db84
2023-03-20 12:39:27,False,0.5123,0.001519,412.0,0.6261,0x15...e786,https://bscscan.com/tx/0x3565af2290c421c81f782339fb9e60e3cfad1ebbcce51f82b551b6dc818ec0e0
2023-03-20 12:37:54,False,0.5122,0.001519,650.0,0.9879,0x11...b496,https://bscscan.com/tx/0x7260859bbb1ec5971073524eceb669af0e3f14f0eec7b336015b538fbb5ecf09
2023-03-20 12:35:06,False,0.5148,0.00152,30.0,0.0456,0xd1...72a1,https://bscscan.com/tx/0xd87c0750985455e644778b22b235f05b571dd1b97f4ee584db56d9891e32ef60
2023-03-20 12:27:48,False,0.5149,0.00152,3.0,0.0045,0xb3...b08c,https://bscscan.com/tx/0x5c68fa01523ff0ee898c0acb7a10c53f0aa7c7cdb291079900f8e04160bd65dc
2023-03-20 12:24:39,True,0.5149,0.001527,35.0,0.0534,0x5d...3f72,https://bscscan.com/tx/0xb24c598338c4e0259362de56ff7996f474ecdcaedbab0b020b42dfc9f6e1f02d
2023-03-20 12:22:24,False,0.5123,0.00152,1141.99,1.73586,0x21...5f81,https://bscscan.com/tx/0xb2887de837f45035d3c48b535adb54050c9906e8bcf5943c360664ace0fb59d2
2023-03-20 12:16:36,False,0.5142,0.00152,124.921,0.1898,0xd5...37db,https://bscscan.com/tx/0x663a13752b95e44dc4133a476dcdbccdede2b74772995eaf10adc8bf4a105d57
2023-03-20 12:14:57,False,0.5117,0.00152,31.9234,0.0485,0xa1...e53a,https://bscscan.com/tx/0x15aef74bd9e98090ca911b5b11fb365f8b6dd8b8bd19a04bf3b13522b8e161f3
2023-03-20 12:05:33,False,0.511,0.00152,70.0,0.1064,0x15...10ad,https://bscscan.com/tx/0x62a54c792936bb4a03aca4ef8a9b4362a39af2fa0c1c837d2688cd47eea6a8e5
2023-03-20 12:03:39,True,0.5135,0.001527,170.0,0.2597,0xc8...12e3,https://bscscan.com/tx/0x5536ff057c5d8c6f71ed4d6b0e8a5fa4294db2ac051f3e3f5271e460c0baa27c
2023-03-20 12:02:21,False,0.5112,0.00152,597.279,0.9079,0xef...f916,https://bscscan.com/tx/0xebe5f35ddcc4f835378662419824742e35be38d097a5ba109081f09fcc67de6b
2023-03-20 11:54:30,False,0.5118,0.00152,1079.61,1.64128,0x6b...17af,https://bscscan.com/tx/0x266dd5febcb491e352714d4969519b082e3740f00be829fc5dae996a73b11b84
2023-03-20 11:53:15,False,0.5145,0.00152,932.14,1.4172,0x8f...ee38,https://bscscan.com/tx/0x396689fb192c6c689098b9db77f94cb009035035e46f5646a4710b0f90bdcac9
2023-03-20 11:51:48,True,0.5145,0.001528,76.9539,0.1175,0xaa...3e7a,https://bscscan.com/tx/0x2f84fd12314e9f8464fc5a0e089658bce98ed68f6be8740b2440feb4ff921ee9
2023-03-20 11:50:12,False,0.5119,0.00152,14.1173,0.0214,0x6b...45c9,https://bscscan.com/tx/0x6b42e43afb4c992e11268ae27ac3a412a14994985d64cdbafec336e9faecd57b
2023-03-20 11:47:54,False,0.5143,0.00152,100.0,0.152,0x89...853a,https://bscscan.com/tx/0x58cd9a4f8c3ad910dfe79c44df6f473ce75ddec104522ac7b749172c96b11ef0
2023-03-20 11:45:42,False,0.5142,0.00152,965.154,1.46752,0x1d...50b3,https://bscscan.com/tx/0xa98a1942652ea066638a278983f137745f097e52b0c344106d982a2239da0f71
2023-03-20 11:44:21,False,0.5142,0.00152,71.4415,0.1086,0x64...9ae8,https://bscscan.com/tx/0xcb905744069f3f7e71b3d258faef8941608a88aafd65372473511849e1108eb5
2023-03-20 11:29:33,True,0.5175,0.001529,129.663,0.1982,0xee...59e2,https://bscscan.com/tx/0xf1eda346769b95a0113bdc3ec8e2ba24d20fe134a6dfc5e91732d015568053cd
2023-03-20 11:28:18,False,0.5146,0.00152,126.193,0.1918,0x6c...f9a8,https://bscscan.com/tx/0x8f50c843066827dab7b78b263eed1a2b4038b8b5b2c83d2f10211034e18f07d8
2023-03-20 11:27:03,False,0.5118,0.00152,2334.28,3.54978,0x00...78d2,https://bscscan.com/tx/0x8fb481494f7a13a11bb86057ecf39530e1da6c33c762a214dced76393c3b87ca
2023-03-20 11:27:03,False,0.512,0.001521,7370.8,11.2134,0x67...b7c1,https://bscscan.com/tx/0xcd9c3e196d9ea8dfd77e84e026c45246e5c0bd99cbfee6a2294be03f23a1e703
2023-03-20 11:26:54,False,0.5122,0.001521,771.4,1.17395,0xb3...55e7,https://bscscan.com/tx/0xc08204cb14cc6f28f660cd9984d700cdbd28679e21750cc28ac5696237e0b910
2023-03-20 11:26:48,True,0.5148,0.001529,98.4414,0.1505,0xee...59e2,https://bscscan.com/tx/0x6086806e11ab6ec0adb4755818595a05324afc9543d2b69181451a74b4e71625
2023-03-20 11:26:48,False,0.5126,0.001522,16216.4,24.696,0xd3...ec6f,https://bscscan.com/tx/0xfff769c56a40bf9b1221d2bccfd1093401c8c048a12d64c1b5f443baa893728f
2023-03-20 11:26:48,False,0.5155,0.001524,2328.18,3.54833,0x00...78d2,https://bscscan.com/tx/0x4540819eec5d03ab70572a5fb79ce8f582f7ead8c7186baaafe70ed09013b14f
2023-03-20 11:26:11,False,0.5153,0.001524,992.895,1.51346,0xd3...ec6f,https://bscscan.com/tx/0xbf3998fb4e73d20564176db2e9995c77686565cd7a9544893b0a11264c3af24f
2023-03-20 11:26:03,False,0.5154,0.001524,992.863,1.51354,0xd3...ec6f,https://bscscan.com/tx/0x9d67693f8b8082537a9b1764ab8dd4340ec7dd2806b788f9ee1b1cf7e9e2c267
2023-03-20 11:25:54,False,0.5154,0.001524,1229.85,1.87497,0xd3...ec6f,https://bscscan.com/tx/0x295d357c57b1bb80f8989678791d5ba8213c6b949fe45602970e860d016684f2
2023-03-20 11:25:51,False,0.5155,0.001524,1229.72,1.87497,0xd3...ec6f,https://bscscan.com/tx/0x87fdee5be71fee29014d37d24691a75818bff24ad41f665f56657ea5470a9677
2023-03-20 11:25:48,False,0.5129,0.001524,1229.6,1.87497,0xd3...ec6f,https://bscscan.com/tx/0x27e64ba206ebed3421382e90c4dee98c135be8a63d50a24bbdb34f766d025faa
2023-03-20 11:23:35,False,0.5131,0.001525,1456.34,2.22098,0xd3...ec6f,https://bscscan.com/tx/0x4edb40328d1c30d29f020c5caa9d6414ff25ca64dd9205583b631992cc232fa9
2023-03-20 11:23:32,False,0.5132,0.001525,1456.17,2.22098,0xd3...ec6f,https://bscscan.com/tx/0x03eaae6dc19dd45a818a44861e7ba0077c7d2273d7e1e4fec41d3c7257be0e23
2023-03-20 11:23:29,False,0.5132,0.001525,1456.42,2.22164,0xd3...ec6f,https://bscscan.com/tx/0xa93cd9c1133943d06eb20d55afcd29416c9b012e152fb36c94fed3ea47648977
2023-03-20 11:23:26,False,0.5133,0.001525,1456.24,2.22164,0xd3...ec6f,https://bscscan.com/tx/0x3ed3cfaf9c4a2543e0439cdaa487347f2f7f8096536e28e38117ce3e4104ac9c
2023-03-20 11:22:26,False,0.5135,0.001525,14.2,0.0216,0x31...c459,https://bscscan.com/tx/0x202f049f61e8769d79d490a0e5d8d4b2cb235774538022bf227fa1ec5e36518a
2023-03-20 11:22:23,False,0.5136,0.001525,1456.5,2.2223,0xd3...ec6f,https://bscscan.com/tx/0x03db224cb8583a8bcc008583fa6be290b0c691618fcca41d37a47b4241d22f7b
2023-03-20 11:22:20,False,0.5136,0.001526,1456.32,2.2223,0xd3...ec6f,https://bscscan.com/tx/0x53917987967fde5efc39f713ef3e246211dfb5208f88b62d8bdf182df6ae0abc
2023-03-20 11:22:17,False,0.5137,0.001526,1456.14,2.2223,0xd3...ec6f,https://bscscan.com/tx/0x911353a652f8c64f08be3bad47224ad86aded1da8cf9cff44250bd7a663d7459
2023-03-20 11:21:59,False,0.5137,0.001526,1228.28,1.87475,0xd3...ec6f,https://bscscan.com/tx/0xf2f3f7df7c2e9ff1dc3bfe58e0c511b08d7ec4157386cc952a831b7d970bcf8d
2023-03-20 11:21:56,False,0.5138,0.001526,1228.16,1.87475,0xd3...ec6f,https://bscscan.com/tx/0x665fafd5831a5a4512662a171b449fbdee6c82fd5888ed6be4823059d7de9eb3
2023-03-20 11:21:53,False,0.5138,0.001526,1228.03,1.87475,0xd3...ec6f,https://bscscan.com/tx/0x94a9cd2cf80e9ca5833f622e0115227c053d88e8cc9d99e9cf6f78b43a7a621d
2023-03-20 11:21:50,False,0.5139,0.001526,1215.11,1.85522,0xd3...ec6f,https://bscscan.com/tx/0x7b531b58437f5e81e1c568ec02dca6f999c952c06d1837fc0cab7665bf76f128
2023-03-20 11:21:47,False,0.5165,0.001526,1215.35,1.85577,0xd3...ec6f,https://bscscan.com/tx/0x241fc5214b88a44b12ccde2207ec28a31eb4dd58a84ae8cca356553760eef4e4
2023-03-20 11:21:44,False,0.5165,0.001527,1215.28,1.85585,0xd3...ec6f,https://bscscan.com/tx/0xde175223e40ec506def8302d299358e168a84e923b6391ffb5aa2e054d6d8a3b
2023-03-20 11:21:35,False,0.5166,0.001527,1215.47,1.85632,0xd3...ec6f,https://bscscan.com/tx/0x72a30368863f7c88d8be634f31ea23c73d9804afc07e70433c51b620893a6ace
2023-03-20 11:20:41,False,0.514,0.001527,200.0,0.3054,0xf1...45b4,https://bscscan.com/tx/0xa9b06fc76a1474ec041b503259ab0cb384abfbe29c24677bdb3a555e8b284eda
2023-03-20 11:19:44,False,0.5141,0.001527,680.248,1.03901,0xd3...ec6f,https://bscscan.com/tx/0x6727b02e3116614f0190675fb27bc0af59cdff077f8d0d4f5065a4390c3fd0ed
2023-03-20 11:19:41,False,0.5141,0.001527,769.468,1.17535,0xd3...ec6f,https://bscscan.com/tx/0x6272af848d9de496396c14347c7ca2fe491064e5aa03abc1d3901a18469f3de8
2023-03-20 11:19:38,False,0.5142,0.001527,769.419,1.17535,0xd3...ec6f,https://bscscan.com/tx/0x9e89beebbd86f030779ec9bbbf39c558f98c7eddd7afb15ebe3fd7443eec19a5
2023-03-20 11:19:05,False,0.5142,0.001527,680.122,1.03901,0xd3...ec6f,https://bscscan.com/tx/0x0ded0f16dcf559a4081f90e81e56569a4d37b6d2f3330682c1d6c7b4806ab813
2023-03-20 11:18:59,False,0.5142,0.001527,644.107,0.984,0xd3...ec6f,https://bscscan.com/tx/0xcb8d142e925c63be116bdceb32250f92a297312d8e3583a91ce9e39a97e85ee8
2023-03-20 11:18:56,False,0.5142,0.001527,644.072,0.984,0xd3...ec6f,https://bscscan.com/tx/0x640e58d39bf7b81ccc6a4174b1cb7f9ae1c474aa692be3a283637694d954adaa
2023-03-20 11:18:20,True,0.5196,0.001536,123.669,0.1899,0xee...59e2,https://bscscan.com/tx/0x2fe50611548002f4ce3d9384a576348484f4f7f56322b98560c8438492d49d01
2023-03-20 11:18:08,False,0.5168,0.001527,465.874,0.7118,0xd3...ec6f,https://bscscan.com/tx/0xc5f4e176bbf0a0dca663f2f81844415d63e5c1f01a8d98b6a8ac89bd8c342d8d
2023-03-20 11:18:05,False,0.5168,0.001528,465.856,0.7118,0xd3...ec6f,https://bscscan.com/tx/0x60dea6581aec1c3b1512f02020d9b4c72dc5d00824a31d7e4b177726e87baeaa
2023-03-20 11:17:53,False,0.5144,0.001528,7962.5,12.1706,0x0e...7558,https://bscscan.com/tx/0x2fce6e7f05baac91bf1d59a9ac54dcbab4edf0c0e7938fde60687e9a5d117cad
2023-03-20 11:17:20,True,0.5197,0.001536,38.8497,0.0597,0xab...d190,https://bscscan.com/tx/0x6750bfa9c7460a1cba4b5d0639e5a59f39b8e0bdcba0a09ea051c173d438d5c7
2023-03-20 11:14:52,False,0.5147,0.001529,1698.4,2.59703,0xd3...ec6f,https://bscscan.com/tx/0x66c35c194a6ed7ac83d3a62175a305a42ade9fdc425b304a76dd3af18dddd116
2023-03-20 11:14:46,False,0.5173,0.001529,1773.31,2.71198,0xd3...ec6f,https://bscscan.com/tx/0x46fb1a2bc35b64bd1cccd38d276f3848ac05c77da41a0e95fbbdcae8f9fd0511
2023-03-20 11:14:43,False,0.5174,0.001529,1773.5,2.71265,0xd3...ec6f,https://bscscan.com/tx/0x30874fc86d7a34f97e94db565f483cbaf1f9e1bccd3150114ccbce01f97eb598
2023-03-20 11:13:56,False,0.5177,0.001529,1034.34,1.58226,0xd3...ec6f,https://bscscan.com/tx/0xe1444e0c87ef66fb5b6fec0056cb17d5b5a91f2556cd696725fb8a043d28cf74
2023-03-20 11:13:56,False,0.5178,0.001529,1034.25,1.58226,0xd3...ec6f,https://bscscan.com/tx/0x01fe32f9fed2e3269fed3698270bf69ed0c07ec2a2d0a0c79bee644a1f7231fd
2023-03-20 11:13:43,False,0.5152,0.00153,1027.96,1.57278,0xd3...ec6f,https://bscscan.com/tx/0x69bc407d82e0609161387472f6795c1591e99e6702feeb5010bd8c91cba07f8d
2023-03-20 11:13:37,False,0.5153,0.00153,1027.87,1.57278,0xd3...ec6f,https://bscscan.com/tx/0x936f39883ba1835bb8bf8be6a643502e2f196d577ea56761445585d302a3533c
2023-03-20 11:13:22,False,0.5153,0.00153,415.379,0.6356,0xd3...ec6f,https://bscscan.com/tx/0xe204c8bf93c832068bf6d8380bfd6cdb3af87f829f3fb70c40dddc0784a2ec54
2023-03-20 11:13:19,False,0.5153,0.00153,415.364,0.6356,0xd3...ec6f,https://bscscan.com/tx/0x9e75a558218ed172eb1c585e45343b8c3b7cc50dda84dbd1adfb939e8f30aaba
2023-03-20 11:13:16,False,0.5153,0.00153,415.35,0.6356,0xd3...ec6f,https://bscscan.com/tx/0xce350bb5e9b7b965fb983db6c2f21b24616ec3b0bcae4a89785ae12f3b4bb74b
2023-03-20 11:13:13,False,0.5179,0.00153,415.336,0.6356,0xd3...ec6f,https://bscscan.com/tx/0xc61e1a3cdf0850ddc4c1fdfcf49cb947c52a3462b6ed780717dc46ffb0e358ad
2023-03-20 11:13:10,False,0.5179,0.00153,415.321,0.6356,0xd3...ec6f,https://bscscan.com/tx/0xece57cfa867f46713fb12095a0fc7b921bef2033cd3613c0fab376e992bcfead
2023-03-20 11:13:07,False,0.5179,0.00153,285.344,0.4367,0xd3...ec6f,https://bscscan.com/tx/0xb591971ccda1148f7ec1e545618248ba3dcd5f18d0ee94ce29aa51676f398a6a
2023-03-20 11:12:21,False,0.5155,0.00153,3439.84,5.2654,0xd3...ec6f,https://bscscan.com/tx/0x48937c521da2d4491b2774c303f75d2c2b0ebb7fe4211a4ba4727196e6d23b67
2023-03-20 11:12:18,False,0.5156,0.001531,3307.3,5.06394,0xd3...ec6f,https://bscscan.com/tx/0x7f233ce649de0ccd081304ee3d9172a614fc7cd31b7e5f7f274e85928511ebb8
2023-03-20 11:12:00,False,0.5183,0.001531,7.17999,0.011,0x5c...be56,https://bscscan.com/tx/0xe9a173b90956c90a5c0cb3f68620b2797477b1872b69584b78fa4292c510f35a
2023-03-20 11:06:47,False,0.5175,0.001531,136.493,0.209,0xb2...1fdd,https://bscscan.com/tx/0x98ffd1a18ba9c817003b7cffaffcf3f27fdf9618ebf50c7f1ca5e4ffb1fd898a
2023-03-20 10:58:12,True,0.52,0.001539,285.604,0.4395,0xee...59e2,https://bscscan.com/tx/0x67e7b92551f09507efffd3c30c12a3d075b2a1dfd1c57217c66453fa50158b62
2023-03-20 10:57:54,False,0.5171,0.001531,15.1742,0.0232,0x5c...be56,https://bscscan.com/tx/0xd0055cf5d963f4d8e773c659fc5ab8627ff00f8f9f7614e9251c4c18ef6fa5d5
2023-03-20 10:55:03,False,0.5146,0.001531,805.0,1.23277,0x8f...a569,https://bscscan.com/tx/0x052f7c6bcf8b13623988b9f29e588a69d36ea6dd3a4d6592e3dd15c432c26d48
2023-03-20 10:47:33,False,0.5145,0.001531,618.833,0.9477,0x71...4c2f,https://bscscan.com/tx/0x3bd79d7ca313a4feff3b4bd6e261a84e3e3d0a691e72fe8361bda3b5c7cf673c
2023-03-20 10:43:06,False,0.514,0.00153,63.4488,0.0971,0x7c...1d3a,https://bscscan.com/tx/0xff4f6ee5514fbb90d4d3e915cf55880c679d46873fff3aa18548580958a95759
2023-03-20 10:35:27,True,0.5177,0.001539,1000.0,1.53915,0x0b...a1ff,https://bscscan.com/tx/0xaeeee85f618b7c308d17931fa887361be7121fc6d1a7067006ad95043b81b02a
2023-03-20 10:32:09,False,0.5177,0.001531,9.68392,0.0148,0x6d...49ed,https://bscscan.com/tx/0xe7061e9980db137299893cbd1155a59ef050de8e9fec1292e23ccf468b047463
2023-03-20 10:31:12,False,0.5148,0.00153,65.0,0.0994,0x02...a65e,https://bscscan.com/tx/0x157317e22c328950a2c610b87cdfb3afe4203e9bad8bd4eb3577556eb9f8e979
2023-03-20 10:21:42,False,0.5151,0.001531,1151.91,1.76413,0x47...e166,https://bscscan.com/tx/0x0719002dbe5c6efcbba9941b59f1891fbf5232d36c617db976b45b19b84706bd
2023-03-20 10:16:51,False,0.517,0.001531,100.0,0.1531,0x8c...5f83,https://bscscan.com/tx/0x3d89bd47bc282ce826539c5bee69a1b69cbcfa8ae9c061ae9469a579b29db792
2023-03-20 10:14:27,True,0.5169,0.001539,493.563,0.7597,0xce...5a49,https://bscscan.com/tx/0x95b0cfdff1380aebd396cfaaf58085e16b2a04d475a393d013b84597995e461a
2023-03-20 10:13:09,False,0.517,0.001531,478.276,0.7325,0xa0...133a,https://bscscan.com/tx/0x7d0f857944c42c23a5bac8b7565fb4adb2e5e32648e633d804ca4027546531f9
2023-03-20 10:09:15,False,0.5178,0.001531,25.0,0.0382,0xff...a96e,https://bscscan.com/tx/0x583454e0415b90d177294a05a1946d7a417c3fe7da1493d5ffdd7e98fe93a130
2023-03-20 10:09:12,False,0.5175,0.00153,24.8157,0.0379,0x67...6e26,https://bscscan.com/tx/0x2efa8a4958fdfb04628f4fd2053a6201b360331386c4024c4de2d79234afc567
2023-03-20 10:02:30,False,0.515,0.001531,44.1228,0.0675,0xba...0e1a,https://bscscan.com/tx/0x67f3206402a2454bec035f481a3c6ba0e71939a10520651ed74ad59ad4f57ba7
2023-03-20 10:02:24,False,0.515,0.001531,80.1982,0.1228,0x63...5b96,https://bscscan.com/tx/0x168c3bf203d1f0be244c8270a875508c8261637ae00b907e43bd9a987b1ef6c4
2023-03-20 09:59:24,True,0.5199,0.001539,610.8,0.9401,0x3a...231f,https://bscscan.com/tx/0xc8cdd4190307492e0845e09c74a0cc1d768d3d4abb80b126fb3ff9c45089d645
2023-03-20 09:56:36,False,0.5146,0.001531,7.13354,0.0109,0xa4...a465,https://bscscan.com/tx/0xdfff7cae2de1d3212d28089c7b21dafb1e7f7fee518685caf02bd17a4ecf72ee
2023-03-20 09:55:21,False,0.5145,0.001531,73.402,0.1124,0x42...ada7,https://bscscan.com/tx/0x0582ccbc7f08f0bac27111935cbbacd7a229bf50e36479c7e7de00f728388b7c
2023-03-20 09:50:06,False,0.5135,0.00153,4.0,0.0061,0x36...9d87,https://bscscan.com/tx/0x9ab7003f4bb9ee5729e6768b5b0853ce387d1c7859d1d0eb1c17923510bece07
2023-03-20 09:49:42,False,0.5137,0.001531,18.164,0.0278,0xb2...17c4,https://bscscan.com/tx/0xfd4bdc593a42c173e41de7b192e79430d14f8f8cc88018d2efa56ae16a0f05ea
2023-03-20 09:40:20,True,0.5203,0.001539,205.0,0.3155,0xbc...0860,https://bscscan.com/tx/0xf4148a49eae68d832041ceb915ab58486d14cd3ca758256531548d83c2e6fb63
2023-03-20 09:39:56,False,0.5149,0.00153,18.3663,0.0281,0x30...f034,https://bscscan.com/tx/0xc391a6b3e9b625ca5ed1d8ac95870bf457d69383395e87ffb6df24cdaf61980d
2023-03-20 09:35:59,False,0.5135,0.001531,13.257,0.0203,0xfa...537b,https://bscscan.com/tx/0x3ab939df1b9670645cc14d2b76665df5520527d655c39fb422dd5925e7fe6d33
2023-03-20 09:35:35,True,0.516,0.001539,1000.0,1.53912,0x0b...a1ff,https://bscscan.com/tx/0xea03cd50ea6d8cf565f9a540a2399c4b5c5c9303ee8ba2d29b2c055be570964e
2023-03-20 09:35:23,True,0.5186,0.001539,10.0,0.0153,0xee...53ef,https://bscscan.com/tx/0x620d49ce3439e6766037edd7280aa6698e75cb365f2e4a941bd4e64866fc8073
2023-03-20 09:33:17,False,0.516,0.001531,33.2948,0.0509,0x62...926e,https://bscscan.com/tx/0x6f8144f49d52c47a758ab26516cc52c2a444351bc84f4ffc1ebe9ff8d9a7dbe8
2023-03-20 09:33:05,False,0.516,0.001531,28.3674,0.0434,0xf2...2d29,https://bscscan.com/tx/0xdf7a83533a19314fbfb1b205a3ab07a84b00a2faaa1293f5fe934a0616ed4c48
2023-03-20 09:32:38,False,0.5133,0.001531,16.2337,0.0248,0x36...07ff,https://bscscan.com/tx/0x67b19ea91a17fe4f8db8c2ad800ccf948321cf4f691a68a9da0697bfc9421312
2023-03-20 09:31:53,False,0.516,0.001531,19.2245,0.0294,0xc4...3ef9,https://bscscan.com/tx/0x50f97fe53d890e10f5567d3de28bb9a2e191b2f0a10ca2eed1ac0bdb7417cfa2
2023-03-20 09:30:38,False,0.5158,0.001531,121.831,0.1865,0xe2...a7a0,https://bscscan.com/tx/0xbadadc5240fb679717bad37f6b50a3477ea38296da6e0dbf336a1fe48a9f8872
2023-03-20 09:30:32,True,0.5184,0.001539,32.6734,0.0502,0xee...53ef,https://bscscan.com/tx/0x3b6442421bd56224aef9b40422337794a24b005690df8a9930bb399f685e8895
2023-03-20 09:29:56,True,0.5155,0.001539,67.6547,0.1041,0xee...53ef,https://bscscan.com/tx/0xa3993132bdf30f6d9125ff0b759a26081faad0d6acf9f66d5d3b90f36d917c9f
2023-03-20 09:28:20,False,0.5124,0.001531,2435.7,3.73037,0x0e...7558,https://bscscan.com/tx/0xb5c77981c303808eda059667faa412a4ef071d495e42fc50b925d042f283ce84
2023-03-20 09:24:41,True,0.515,0.001539,46.6375,0.0717,0xea...14f8,https://bscscan.com/tx/0xdd3596f73db6b34d514044fd6b9d8ecfbb404038c8025336106df5d9bf890fe8
2023-03-20 09:19:32,False,0.5127,0.001532,9881.19,15.1412,0x2f...e155,https://bscscan.com/tx/0x0f0375e7fe4a12ab666226684e82328bdeb4b9025587b4cdc6da24d07b0ce9ed
2023-03-20 09:19:32,False,0.5129,0.001533,1549.86,2.37602,0x3f...573a,https://bscscan.com/tx/0xd033a90bad4b136822b0ee18f16231c5eee666c29ca83680ae41d191d0f176a2
2023-03-20 09:19:32,False,0.5132,0.001533,10115.2,15.5146,0x91...79fe,https://bscscan.com/tx/0x55aa3527cf66d6484e168f37ef5fea1acd18c2f19df1ded2fb235bbdd5c77aa9
2023-03-20 09:19:20,False,0.516,0.001534,2347.25,3.60208,0x8d...1b76,https://bscscan.com/tx/0x94e77eee72fe38e9a6658c44eab18c8d079be5a2ddd5ea996593aab7eae755bc
2023-03-20 09:19:20,False,0.5162,0.001535,4162.38,6.38929,0xed...4f31,https://bscscan.com/tx/0x1bd3cd6eb51db53779bdb9c8379e2f6407806f4ae1d4612130363139b96cb6cc
2023-03-20 09:17:44,True,0.5162,0.001542,2268.55,3.5,0xed...4f31,https://bscscan.com/tx/0x8c438839def93e74154661514c0cf5a833dc93eca3a1c1bf635250de1064222e
2023-03-20 09:17:44,True,0.5161,0.001542,2226.6,3.43463,0x05...7eea,https://bscscan.com/tx/0x0424b291998a4ccd9d97cfd9af37b12928d869baa5d5dc442d4935cad8883ec4
2023-03-20 09:13:11,False,0.5142,0.001534,30.0,0.046,0xe6...7358,https://bscscan.com/tx/0x83cec361f0aab3d49f2c304c212e731ede6212413aab9367feec366ba561f625
2023-03-20 09:10:14,False,0.5168,0.001534,19.0899,0.0293,0x52...8d7e,https://bscscan.com/tx/0x028f4ab9f86c0fc53e951931afa819a0319563008cfa4e6ffaf2aaf6e7a32d23
2023-03-20 09:10:11,True,0.5194,0.001542,1737.2,2.67928,0xaf...847e,https://bscscan.com/tx/0x9b6790410db292c1dad8133f81af5d76a5e43bec833d87b55842c9a0019fd58d
2023-03-20 09:10:08,True,0.5193,0.001542,2305.13,3.5546,0x00...78d2,https://bscscan.com/tx/0xe8c7f3c91f6b4332d5cc844a86a26c2599844814e620a96b3e7bc75b646ffce5
2023-03-20 09:10:05,True,0.5192,0.001541,1465.43,2.25939,0x8b...88f6,https://bscscan.com/tx/0x7833c38da0cb158370f48394b6118f6b91c401f3994938809595f6e37420a1ff
2023-03-20 09:04:56,True,0.5189,0.001541,2.0,0.003,0xa0...e1d5,https://bscscan.com/tx/0xd3cabec98c96fa38de9262c617d0966e1363fb435b129687d26f786661cd5936
2023-03-20 09:02:11,True,0.5151,0.001541,239.501,0.3692,0x3f...66aa,https://bscscan.com/tx/0x8db40985287653667cc4fc47413d3f94a0b7286b04ccabc3e9f87b1bf1b1cc3c
2023-03-20 08:55:47,False,0.5123,0.001534,8.0,0.0122,0xea...14f8,https://bscscan.com/tx/0xd378eb66c79de7de54d4c525404c4f448dec4f7f9cf960996ac35eec61f9233c
2023-03-20 08:54:17,True,0.5174,0.001541,3276.2,5.05012,0x3a...231f,https://bscscan.com/tx/0xb44bffe295ab8d9105cd481739ef29d08849f33d75b415ffd887f07b93b3a42a
2023-03-20 08:54:02,True,0.5146,0.001541,1478.2,2.27813,0x0e...7558,https://bscscan.com/tx/0xb1270c3733a9fec3ad5b0f8aeffd2e0b57d221172024aab8dcc754cf75c44aa5
2023-03-20 08:53:59,True,0.5146,0.001541,653.0,1.00628,0xf9...5ebf,https://bscscan.com/tx/0x949b3b9bf506756fea41ed08d4fa7b04c49c9a305a6b9edabca77f8079f1b35a
2023-03-20 08:53:56,True,0.5145,0.00154,2604.1,4.0124,0xc3...157a,https://bscscan.com/tx/0x66c4def8da658dac4e5cea2facbba70694e6c046e65f0e3af358124bee10a1dc
2023-03-20 08:50:23,False,0.5118,0.001532,33.5478,0.0514,0xbb...c106,https://bscscan.com/tx/0x5f246c045e9ec6f817392a1166a1679fd7e8cf447639d2660eda0dd42b31bc9d
2023-03-20 08:49:56,True,0.5169,0.00154,875.9,1.3494,0x9d...6dab,https://bscscan.com/tx/0xb90a6c47238e53bec9aa79cbc8384baafabd7b969de45238c5bd9315e6250b7e
2023-03-20 08:49:53,True,0.5168,0.00154,3356.67,5.17032,0x67...b7c1,https://bscscan.com/tx/0x6a97bf7ecd1c1a9699f177103ebeec41214421ad3e962ce872a6b741fd1bfe2d
2023-03-20 08:49:53,True,0.5167,0.00154,1892.5,2.9144,0x00...78d2,https://bscscan.com/tx/0x06bf804497f2f066656a8c479f238ae3200c2b37bcb187fdc124f605c30f8a96
2023-03-20 08:48:32,True,0.5166,0.001539,3897.11,6.0,0xf2...bfcf,https://bscscan.com/tx/0xca37bb9d3c6346d7c14ebab09ab32e5781247d1e88f0f2dde322e4de4ae39b5b
2023-03-20 08:47:05,True,0.5169,0.001539,261.325,0.4022,0xd3...ec6f,https://bscscan.com/tx/0x3a418fbdcac393750c83e49e297f65eb038b88b6d97e044e5e9f04aa7ab8263f
2023-03-20 08:46:59,True,0.5143,0.001539,142.921,0.22,0x3f...f4ce,https://bscscan.com/tx/0x60e8fd750bad5a6bfe391e7e3ba8bf16c1f8e3eefbe1be0ed5588c6b28b1102e
2023-03-20 08:46:59,True,0.5143,0.001539,1478.2,2.27525,0xe3...d2ff,https://bscscan.com/tx/0x39bd9a43bc11952ad1c520074df0d8a8bbc31eeae649c45b8e8e939583bf8a4d
2023-03-20 08:46:56,True,0.5142,0.001539,1608.2,2.47503,0xca...34d7,https://bscscan.com/tx/0x9049c19ff3bf8df2b01110f638c93939b79a4392e8078cdfa697bbc57e4bc999
2023-03-20 08:46:50,True,0.5141,0.001538,1532.3,2.35791,0x67...b7c1,https://bscscan.com/tx/0xf337222aa603e8bb5ca7826603af2ef6804a3d302c6815376302ddaff9419a03
2023-03-20 08:46:38,True,0.5141,0.001538,1553.7,2.39053,0xd3...ec6f,https://bscscan.com/tx/0x587db49f6115c8124271227509f8550a61f4972d32b71488518ad6497b90c0f3
2023-03-20 08:46:32,True,0.514,0.001538,2005.0,3.08445,0xd3...ec6f,https://bscscan.com/tx/0xab05f5b1e2f0cef8e6e5a8387f10a043bedd09ff266b46bc5f932d3bc80807fe
2023-03-20 08:46:29,True,0.514,0.001538,2004.66,3.08341,0xef...cab1,https://bscscan.com/tx/0x534fddb112dcfda910dda704ba4e2e61cae96c4818d1beda68d921435673b0ce
2023-03-20 08:46:29,True,0.5139,0.001537,2005.0,3.08341,0xd3...ec6f,https://bscscan.com/tx/0x16cc09828a651b026ad4179fc34075557592163e9e3f470cc6ebc00932cd92e6
2023-03-20 08:46:26,True,0.5138,0.001537,2005.0,3.0829,0xd3...ec6f,https://bscscan.com/tx/0x4ff72b6dc144419a3cc2eb174f314b48b73e0407cef6a84c0753c0c92b5dd677
2023-03-20 08:46:23,True,0.5137,0.001537,492.8,0.7576,0xd3...ec6f,https://bscscan.com/tx/0x2ee1851c241703812ff795ff5f4c5074c65fdbbd8f84551458b9e9e2a9fb8825
2023-03-20 08:46:20,True,0.5137,0.001537,766.1,1.17777,0xd3...ec6f,https://bscscan.com/tx/0xdf5aa9c39d4b81634fef3fb94864cb0c49a3c450dc4d1b23a680dc5646bdb153
2023-03-20 08:46:17,True,0.5137,0.001537,397.2,0.6106,0xd3...ec6f,https://bscscan.com/tx/0x7ec78966a9556a547650c4b3e0bd81458878031476a9211648513dbd01419ddd
2023-03-20 08:46:14,True,0.5136,0.001537,4309.8,6.6241,0xd3...ec6f,https://bscscan.com/tx/0x918050650640c4eb1fb8be177086ff35dbfc7d841697e19f7a1e11f6ca0eba99
2023-03-20 08:46:08,True,0.5134,0.001536,4309.8,6.62172,0xd3...ec6f,https://bscscan.com/tx/0x1ca70f52098d9c70bafb9b3c8a992005878c0c686e8f7aeec8daf67f5722f4b9
2023-03-20 08:46:05,True,0.5133,0.001536,3.0077,0.0046,0xd3...ec6f,https://bscscan.com/tx/0x77ffbe7e6abf1ee3123a4301b91ffa6af8f87dbaa212fe9e4672cfe0cc262622
2023-03-20 08:46:05,True,0.5132,0.001536,2406.4,3.69624,0x67...b7c1,https://bscscan.com/tx/0x0b430c14fabdfbe20e2ad3601ea4eaee36027598dd4993df51a9e369b8788811
2023-03-20 08:46:02,True,0.5131,0.001535,4124.4,6.33336,0xd3...ec6f,https://bscscan.com/tx/0x1d1db3de1143ee1fa41c9e017a73de8814195a0eb97bc4334b956c39f7debda1
2023-03-20 08:45:59,True,0.5129,0.001535,3257.09,5.0,0x52...1c7e,https://bscscan.com/tx/0x8762952eb028c68a2e3dfe66052c65d21581472099a18d70270718ed123be5c1
2023-03-20 08:45:59,True,0.5129,0.001534,428.397,0.6575,0x62...1f10,https://bscscan.com/tx/0x0cfa1b2d12a10aee0e08da991dd6cc9efa79a626af1788fd774f8aca051fd061
2023-03-20 08:45:59,True,0.5128,0.001534,2280.57,3.5,0x2f...e155,https://bscscan.com/tx/0xb24f9a3da5eb43043ec91eaa7732299156b83b1bcf39fe3b7dd76813715502fb
2023-03-20 08:45:59,True,0.5126,0.001534,5259.2,8.06877,0xd3...ec6f,https://bscscan.com/tx/0x0f407a073e1f154ab88d40430e5a8c3e5de9867b858e1dcb899fc02c5fe99a79
2023-03-20 08:45:56,True,0.515,0.001533,2282.01,3.5,0xda...c952,https://bscscan.com/tx/0xb2948833eda14d835f66114f6f239c11ff4dc3f7eda077840f0152072fdd9bcd
2023-03-20 08:45:56,True,0.515,0.001533,909.154,1.39422,0x05...7eea,https://bscscan.com/tx/0xef86ef8813f8954e2067a5f35d08cb28e56b6844a2570928d8c3fd9cb0d3fc2b
2023-03-20 08:45:53,True,0.5149,0.001533,2282.61,3.5,0x91...79fe,https://bscscan.com/tx/0x39d0e39604826d3c63e3e9fea4fda21ff1ee3ac7ef8f25149398a964f723b545
2023-03-20 08:45:53,True,0.5148,0.001533,2283.05,3.5,0xda...c952,https://bscscan.com/tx/0xd4a97adefc221c76c9b2e9090253e23d98eb5b6d3e0ea6d7097609fb5dd0dfaa
2023-03-20 08:45:50,True,0.5147,0.001532,2406.5,3.68853,0xd3...ec6f,https://bscscan.com/tx/0x213759c05b900e120cbc252ac326c049250360bba18c44e97e066f9d139844e1
2023-03-20 08:45:47,True,0.5146,0.001532,1076.4,1.6496,0xd3...ec6f,https://bscscan.com/tx/0x14a925a98dd315508b68c0989901c78ba90cc79d9a2c60d0a1e89ed039d85369
2023-03-20 08:44:02,True,0.5145,0.001532,2028.9,3.10892,0xd3...ec6f,https://bscscan.com/tx/0x59f3265a4e4fb4ff8512a35cd424ffe6c666f75607f72f6a61f2c7c7338e7c65
2023-03-20 08:43:59,True,0.5145,0.001532,35.1825,0.0539,0x38...7682,https://bscscan.com/tx/0x730593fa69a2c6b0767d9c8160dd03193350a5226787643d70ae76178026096f
2023-03-20 08:43:59,True,0.5144,0.001532,2028.9,3.10838,0xd3...ec6f,https://bscscan.com/tx/0x0e379c8dbb2396279f8a07f6f4fe7c842e89a5db1364136eb622a2212ee1c73d
2023-03-20 08:43:05,False,0.5116,0.001524,336.367,0.5127,0x89...7a42,https://bscscan.com/tx/0x93f6dbcdf72381b30bbb7682ec8daa6b9c25000477844780664061e0b1acc701
2023-03-20 08:41:52,True,0.514,0.001531,1502.1,2.30102,0xd3...ec6f,https://bscscan.com/tx/0x09d828e712e345b6b53d5f3dd507b3aca6137577ea22983f6f6692a1e7542d09
2023-03-20 08:41:49,True,0.5139,0.001531,1502.1,2.30074,0xd3...ec6f,https://bscscan.com/tx/0xa07302bbc68b54fe75d11ecb9c390e368fd228e861f87c013a54d6e1ba5ea651
2023-03-20 08:41:37,True,0.5137,0.001531,1402.34,2.14768,0xd3...ec6f,https://bscscan.com/tx/0x4c5382b0ba505ba12086ff992a29ce8ef3dfb315e919aecdd5e26919563607f6
2023-03-20 08:41:19,True,0.5135,0.001531,2096.68,3.21058,0xd3...ec6f,https://bscscan.com/tx/0xf40668fd3dbfc5e10afa7edc33404c2fff5a87482dd3010fcccfd687a172a0f0
2023-03-20 08:41:16,True,0.5134,0.001531,1819.7,2.786,0x34...7c76,https://bscscan.com/tx/0xa54789780af5d0ccbfa88b016b4f27ee610aefa712f67ad97a6f586c0c2a38ba
2023-03-20 08:41:13,False,0.5109,0.001523,1100.0,1.67566,0xf1...5710,https://bscscan.com/tx/0xd704a6550564ef9d3a1cd3f4d906a60bbe2ed23875feef88272e70f0b6c8ee44
2023-03-20 08:41:13,True,0.5134,0.00153,1773.0,2.71434,0xd3...ec6f,https://bscscan.com/tx/0x9800936f1723c5f013c152da0c5180b8a246eed04859fc6e2c529ad58e993ca8
2023-03-20 08:41:10,True,0.5133,0.00153,2516.94,3.85257,0xd3...ec6f,https://bscscan.com/tx/0x8bad2bb972c160b5346084efba231e086f63e42552e12e9c1ba8dc978a86a21a
2023-03-20 08:41:07,True,0.5132,0.00153,2432.9,3.72317,0xa0...cc8d,https://bscscan.com/tx/0x074fedd3e41b4557f43266a9e627aaa793d3a28b51ff07447bfab60ed16b1c56
2023-03-20 08:41:04,True,0.5131,0.00153,2287.52,3.5,0x91...79fe,https://bscscan.com/tx/0x5d102619e55aa34948d395a3ed3147a46ceab0a5a0ec61b2a79ad36279e0145f
2023-03-20 08:41:04,True,0.513,0.001529,2287.96,3.5,0x91...79fe,https://bscscan.com/tx/0x06ed3917ece345a9f03a98b93114a83e0c75f1377cdc4e0badd362540b25ab1e
2023-03-20 08:41:04,True,0.5129,0.001529,3269.26,5.0,0x0c...8533,https://bscscan.com/tx/0x5797fff903231f12facfbe38901446da71ec124907d2b8d8e3f8814bdc7fbf97
2023-03-20 08:40:46,True,0.5127,0.001529,1632.2,2.49577,0xd3...ec6f,https://bscscan.com/tx/0x48802d2483587aa63027c1598530d2d89811f4b66c781b31a46cda63eda48204
2023-03-20 08:38:34,True,0.5111,0.001528,2533.0,3.8725,0xd3...ec6f,https://bscscan.com/tx/0x8585d28c69ef89b8b8495a36489304a837aef6c064eda2fe0aa4c24b9a949f78
2023-03-20 08:38:28,True,0.5109,0.001528,4418.1,6.75252,0xd3...ec6f,https://bscscan.com/tx/0x3bda9fb9999b5a8063eec268d4741b86dee8606408271dd5c12259fdacd2fc2b
2023-03-20 08:38:25,True,0.5137,0.001527,3867.1,5.90835,0xd3...ec6f,https://bscscan.com/tx/0xb1edb25dac94a60656e657f38400171e693795c53039db4b5b4b5855eb0282c6
2023-03-20 08:38:19,True,0.5136,0.001527,3867.1,5.90645,0xd3...ec6f,https://bscscan.com/tx/0xf6850513596c36782a07229e1507afb79205bb342392d667a5917131a65e4bd3
2023-03-20 08:36:25,False,0.5108,0.001519,49.7,0.0755,0x5a...00a7,https://bscscan.com/tx/0x09063f52a238217b8f1408d7c5c1ca31ea9290eeb1c82cb2fb5c7628a8a651e7
2023-03-20 08:31:10,True,0.513,0.001527,583.814,0.8915,0x70...8487,https://bscscan.com/tx/0xcb9360b045012d56a7a1fb1562b9c6f8d9adac1368fcb7e9814ba33278683027
2023-03-20 08:29:31,False,0.5104,0.001519,30.0,0.0455,0xb1...92c8,https://bscscan.com/tx/0xe624be6f14e9228026ec7e389f9b4292683c29ea2a5d49132012adda4172ea99
2023-03-20 08:22:09,True,0.5126,0.001526,1998.5,3.05155,0xd3...ec6f,https://bscscan.com/tx/0x4a9f6dbc214ac3627a1e975b520347ff5eb13d4f5e1b9f26319d23b3520dcd4a
2023-03-20 08:16:18,True,0.5124,0.001526,583.896,0.8914,0x70...8487,https://bscscan.com/tx/0x8007adfddf6f612ce7b87be9b66f0fad8dd685e8f63ff53975ae8420c33d2de7
2023-03-20 08:13:48,False,0.5097,0.001519,4.78602,0.0072,0xc4...935d,https://bscscan.com/tx/0xd52c4ea864377d810f9faaac5ac640ea1312a15fe4d4725b20847b1941cf6051
2023-03-20 08:07:03,False,0.5084,0.001519,900.0,1.36724,0x63...8997,https://bscscan.com/tx/0xa4a04c1b2deb4f3e387fa0c467f1ac6001bf2a91a7a8a9080a02f812cb82bdec
2023-03-20 08:00:18,True,0.5107,0.001526,585.519,0.8939,0x70...8487,https://bscscan.com/tx/0xd55dd1e6dc48c3ca605e46f8f161015dcf81de0d376a3194591cffd44cec0e62
2023-03-20 07:45:12,True,0.5109,0.001526,584.864,0.8929,0x70...8487,https://bscscan.com/tx/0x250340dc1c8763fe031bf17be06bcd02a320aeab92fb425c7f5d8eeb6c0a2b80
2023-03-20 07:37:54,False,0.5097,0.001519,899.277,1.36611,0x4e...126f,https://bscscan.com/tx/0x6edd5950736e04f8992ff61ee6f8e8ef221250588cda7a6599477bb369abb073
2023-03-20 07:30:12,True,0.5105,0.001526,583.944,0.8915,0x70...8487,https://bscscan.com/tx/0x73b6e0d3af9ee838f304501c49369df3e247c44487f73a73f913e5dca02900e6
2023-03-20 07:30:00,False,0.5105,0.001519,230.0,0.3494,0x1f...e612,https://bscscan.com/tx/0x470dc2a1bd83d11d19bc2d35c450958481917c1b69bfb0c6f6f545b930959119
2023-03-20 07:29:57,False,0.5105,0.001519,26.8455,0.0407,0xb3...a303,https://bscscan.com/tx/0xf4b9f0dc2399eab9fe34b9538b2a894d0937c506db3095d4f370379f0edf7ecf
2023-03-20 07:28:24,True,0.5132,0.001526,4.39309,0.0067,0xd0...7200,https://bscscan.com/tx/0x84d326742d4d5154b294f47494cd883f661ff069f282efce9294db6f6cc7531f
2023-03-20 07:23:30,False,0.5109,0.001519,1292.35,1.96335,0x68...2a3b,https://bscscan.com/tx/0x8f45a3b9e5e8d8b8cdb2ec4f8da4b81bd990379386cde3b84a4759c638fb6a0f
2023-03-20 07:16:30,False,0.5108,0.001519,2803.08,4.25921,0x0b...47ec,https://bscscan.com/tx/0x31ccb3ba42ab5bc393a1c6df29c2b4518039beb8e5a1a1d01725302db4dbc940
2023-03-20 07:14:09,True,0.5139,0.001527,584.283,0.8923,0x70...8487,https://bscscan.com/tx/0x5b8419c1ab833bc34670e39af7b69b4e8dbbad36d188a772569db6ad1d37f1f8
2023-03-20 07:10:01,False,0.5076,0.001519,1363.74,2.07242,0x4e...0bde,https://bscscan.com/tx/0xc79cd3cc63b9b02b7572d6a6d87d8518379826003444235ae190ec03844ef076
2023-03-20 06:58:10,True,0.5124,0.001527,584.036,0.892,0x70...8487,https://bscscan.com/tx/0x10ad1542e63a4f4125793df33d574025649977a7631bd36d5c540ba4f9328326
2023-03-20 06:53:19,False,0.5072,0.001519,135.662,0.2061,0x1c...5028,https://bscscan.com/tx/0x6d8fbad25839a867026bb76d21c2fdf850b2a3a45dbfc2c4464fc598a3f3fe6e
2023-03-20 06:49:35,False,0.5071,0.001519,658.01,1.0,0x9b...231e,https://bscscan.com/tx/0x47ba5edb98d0ffbce72d437d6596173dad47f27b16204bf704dc2785ccbb73b9
2023-03-20 06:48:46,False,0.5097,0.001519,50.0,0.0759,0xa4...4ad0,https://bscscan.com/tx/0xb256be52ba014b4a51d75334a83a7d5f644ba5e323bd0c769412c9fc2da172fe
2023-03-20 06:44:45,False,0.5069,0.001519,1342.8,2.04088,0x00...78d2,https://bscscan.com/tx/0x4d16520092082ebc59d12ad946e34bf8176d7c37108010c7bb6349c544d5a072
2023-03-20 06:42:11,True,0.5094,0.001527,583.926,0.8919,0x70...8487,https://bscscan.com/tx/0x89ca14840a85fb1ea93826d01220dc066bc8ac9cac5c8d7b610e8893467df4ec
2023-03-20 06:33:57,True,0.5121,0.001527,359.435,0.549,0x2f...c13e,https://bscscan.com/tx/0x5e1e2c5ec99c3ca30ee979511938f171c1c01b5e758df6356c71893e66863071
2023-03-20 06:28:39,True,0.5133,0.001528,168.645,0.2577,0x20...07e8,https://bscscan.com/tx/0x037fa0c8d65293462fa69fec446897fef174252072cf68ec6357c731b21f8a4b
2023-03-20 06:27:18,True,0.5127,0.001527,584.469,0.8927,0x70...8487,https://bscscan.com/tx/0x176b4dfba09868fbf06cfa4f2e25843bc498846a6f2febb33553f29866f03f14
2023-03-20 06:25:54,True,0.5127,0.001527,176.0,0.2688,0xbc...0860,https://bscscan.com/tx/0x69f55b53ffbfe7019efb992d050fea5c65becdd31f59944d2185217265734f3d
2023-03-20 06:25:15,False,0.5107,0.00152,17304.1,26.3162,0x61...135e,https://bscscan.com/tx/0xa71793d3b1120ddde53a640548ff22952ae750151b09091252229fdb1ca15975
2023-03-20 06:24:45,False,0.5089,0.001523,17304.1,26.3541,0x61...135e,https://bscscan.com/tx/0x2956f10acd1519b0a21e2d3b7509a7a3f2f5f6d1d742b7c6ce8d496c666cc04b
2023-03-20 06:22:12,False,0.5117,0.001524,492.5,0.7506,0x0e...7558,https://bscscan.com/tx/0x455d2c4aec6f263fb29ced6b012c768fee2172e106452f01b79cd0ef1ae6a7c0
2023-03-20 06:22:12,False,0.5118,0.001524,1040.6,1.5861,0x00...78d2,https://bscscan.com/tx/0x9e3070e4984b11382b5c427c23999ea42f839b1582f803e0d2d45887ad049453
2023-03-20 06:11:12,True,0.5143,0.001531,582.931,0.8929,0x70...8487,https://bscscan.com/tx/0x49d3759d8af75f1a85e9deb1a94b95d1d59650fe3e7b2eaf7b5bc07f5e27f69b
2023-03-20 06:07:36,False,0.5092,0.001524,1155.4,1.76116,0x0e...7558,https://bscscan.com/tx/0x2f89863675265b32d59494671bb24c667c82ef6623a43559a2b13e6b71e1afa3
2023-03-20 05:59:18,False,0.5116,0.001524,190.82,0.2908,0xb7...34c7,https://bscscan.com/tx/0xbb84a356f8bc1f65e586962087e68e09a0125976c80f914f030f3395a77bd071
2023-03-20 05:58:45,False,0.5116,0.001524,1090.0,1.66165,0x00...78d2,https://bscscan.com/tx/0x8a911fec269fc0bf9ce0b1f10ca27f371b5d4e65e286afe57e79af6c757cdccc
2023-03-20 05:58:45,False,0.5117,0.001524,2455.7,3.74414,0xc1...b919,https://bscscan.com/tx/0x93a30215f23c0b115f791488331fd3e34e114bab3613b094dc2bba499a10219d
2023-03-20 05:57:24,True,0.5106,0.001532,1539.29,2.35879,0xc0...38a2,https://bscscan.com/tx/0xfaf362e4eac5ffbadca1216cd93d0dc5ab40a9c130a1c3c58074669df99f961c
2023-03-20 05:56:12,True,0.513,0.001532,583.567,0.8941,0x70...8487,https://bscscan.com/tx/0x2b1c288ace45d4e84a43eed3362b3749b66b9b6d239880de32797d5de6338561
2023-03-20 05:52:21,False,0.5102,0.001524,36.1498,0.0551,0x9e...99b5,https://bscscan.com/tx/0x7121194a935227ee9c158a25822919ebb34a84070f0e52b7e2e837f610d11bc8
2023-03-20 05:44:33,False,0.5074,0.001524,356.01,0.5427,0x04...a1f2,https://bscscan.com/tx/0xf1b8beeb9d934ba40f42016fda0fa21ac10cb118e0e2eea69a2ba22fe91637d9
2023-03-20 05:40:18,True,0.5102,0.001532,583.558,0.8941,0x70...8487,https://bscscan.com/tx/0x1c555e14334f1bcfe33d22e0e8da1c3c5bd291a5639cf1c44e5f651957d3687f
2023-03-20 05:39:36,False,0.5103,0.001524,3049.7,4.64996,0xc1...b919,https://bscscan.com/tx/0xcc3b1d3ff74586648c30bf6bc7ddc9ba01f9b7783df17be6704dc5505b70faa5
2023-03-20 05:27:42,False,0.5103,0.001524,12.7875,0.0195,0xfc...4334,https://bscscan.com/tx/0xb8f0f25a8e41b1f7933fcaa1b02dc789f8c12dd178302a63357729e7311a8992
2023-03-20 05:25:09,False,0.5101,0.001524,95.5723,0.1457,0x5a...2327,https://bscscan.com/tx/0x56940ad63acf16fd0e0550542fec5f33211fbcb5de323e278f0b5d849627cfea
2023-03-20 05:24:11,True,0.5099,0.001532,583.557,0.8943,0x70...8487,https://bscscan.com/tx/0x7344e1129dba5ace95764cc3cc9adc4c0b6a3e713dc5d76252f6e46cef8541c9
2023-03-20 05:22:03,False,0.5074,0.001524,206.651,0.3151,0xd3...ec6f,https://bscscan.com/tx/0xdfb7e8aadc7dd563abf806467e629c19429deb60afbebf1d71fdb8700ab4d298
2023-03-20 05:08:12,True,0.5086,0.001532,585.033,0.8965,0x70...8487,https://bscscan.com/tx/0x681d8b898261cf86b71722011ea66e338058b73808cf96e99882052172f4440b
2023-03-20 05:04:42,False,0.5058,0.001524,7.2872,0.0111,0x43...a0db,https://bscscan.com/tx/0x4e14a1bf17da2da66c24f470242870c2bf68deafdd6305df7d91931a04d9983e
2023-03-20 05:03:36,False,0.5084,0.001524,1247.7,1.90261,0xc1...b919,https://bscscan.com/tx/0x172922df161e0ac3140401f13e4997a37c12bdf07b2cd7270d4fe23b2e3b1335
2023-03-20 05:03:33,False,0.5085,0.001525,1807.8,2.75705,0x82...2196,https://bscscan.com/tx/0x5bee773af6b6f2b202843795c45392bc4564acfdf2a6c344812acb70f925c2a9
2023-03-20 05:03:27,False,0.5085,0.001525,610.626,0.9313,0xd3...ec6f,https://bscscan.com/tx/0xd0a1169f60456b4f3201434698b1df074197683a9ed3ae9edf4b74c84d0d8ea8
2023-03-20 05:03:24,False,0.5086,0.001525,610.595,0.9313,0xd3...ec6f,https://bscscan.com/tx/0x02e4423e98c8dbb1b8eb133a049bdfa8599d50361ccd01590bb324ae7e7fad5b
2023-03-20 05:03:18,False,0.506,0.001525,659.935,1.00666,0xd3...ec6f,https://bscscan.com/tx/0xc50e347fda1db598d10ca058b29ddddd273740566ec994d8519cbf932c465a3c
2023-03-20 05:03:15,False,0.506,0.001525,659.899,1.00666,0xd3...ec6f,https://bscscan.com/tx/0x8b5a3d45943c64dbfdc2552e670d06015cee19ffdf3283a3a2721d2baeef8c97
2023-03-20 05:03:12,False,0.5061,0.001525,659.863,1.00666,0xd3...ec6f,https://bscscan.com/tx/0x88c467df91d81c7615e23e5651821b31c195cfdd7da8879bcbbf94c1b1dd7e15
2023-03-20 05:03:09,False,0.5061,0.001525,659.827,1.00666,0xd3...ec6f,https://bscscan.com/tx/0x040352f8144e5af3da3f97b75e1c0f05c2140824712cdacad5f203e26d34b26b
2023-03-20 05:02:00,True,0.5092,0.001533,1934.9,2.96744,0xd3...ec6f,https://bscscan.com/tx/0xca2c0cd4c1529fcdc4cfd89a8b419d158406e7ac0d80dfcc13bb23e8e5ba32fb
2023-03-20 05:01:12,True,0.5116,0.001533,1067.3,1.6362,0xd3...ec6f,https://bscscan.com/tx/0xb42e51e23fb9e5de85108724c649545aebea9bc69204e61d126473ac10b787dc
2023-03-20 05:00:42,True,0.5114,0.001532,923.629,1.41583,0x2c...015a,https://bscscan.com/tx/0xd7e9378ee659c85751674c16d14f774313803280ea8be136bf4a2f31480015c4
2023-03-20 05:00:42,True,0.5114,0.001532,923.7,1.41583,0xd3...ec6f,https://bscscan.com/tx/0x6a7a62a051c6949d0c4bb52af016b62b8aab6cc4064718b98272970e64dbd58c
2023-03-20 04:55:54,False,0.509,0.001525,50.0,0.0762,0x40...bf97,https://bscscan.com/tx/0xeb081e420c22719631e32ba37d36faacf0ca9e0ba1c0fad0fea08c102e0bb3ac
2023-03-20 04:54:06,False,0.5068,0.001525,1614.14,2.46186,0x32...069d,https://bscscan.com/tx/0x5ab34ee8bb566d5b85adf92aee28de70d435533b058d9a6e789e401841b3317a
2023-03-20 04:53:51,True,0.5094,0.001532,97.2514,0.149,0x34...b2a8,https://bscscan.com/tx/0x5e913796efda8fd3525eadc55b51d18d5a8976c42346c3140c599a18eca562f6
2023-03-20 04:53:21,False,0.5069,0.001525,1650.0,2.51687,0x83...6678,https://bscscan.com/tx/0xda6afe4751d3beae3b07bb328da83497b68d86b452d261eae75f66e6ca83c750
2023-03-20 04:53:21,False,0.507,0.001525,2388.42,3.64385,0xdb...8aba,https://bscscan.com/tx/0xe00552b19ea88530038a38ccda9ec254d4aa1432aeea3e4a65df7b90ca819a55
2023-03-20 04:53:21,False,0.5071,0.001525,2386.4,3.64149,0xd8...bcda,https://bscscan.com/tx/0x945b5b0d15d7e44999cd393eb09dd82cf6cb6d52f1f5c2a174e986edf40e96f1
2023-03-20 04:53:21,False,0.5072,0.001526,1719.6,2.62445,0x3b...290a,https://bscscan.com/tx/0xb4fd542d47a9db3555bb18abc707bef0e7f89cf72655f5507a7021898f45faca
2023-03-20 04:53:21,False,0.5073,0.001526,1648.1,2.51568,0x56...0086,https://bscscan.com/tx/0x4811b938982c549b5acb263a8694aa99ffb73dd5bfa7acb5e9a877499f04a37b
2023-03-20 04:53:21,False,0.5099,0.001526,1322.87,2.01948,0xb0...a41e,https://bscscan.com/tx/0x210c375ab705ce46309b67101ab5ed1c02919c09b80ba385d1ca73ff005c3666
2023-03-20 04:53:15,False,0.5099,0.001526,1075.6,1.64217,0xb3...55e7,https://bscscan.com/tx/0x6b87396e6797402f2bbfb3d07e5ba31bc05325c5583ebaf5fe2e7f03d7b4e48d
2023-03-20 04:53:06,False,0.51,0.001526,1074.65,1.64087,0xd3...ec6f,https://bscscan.com/tx/0x235f25653cb4ba3724d3833497a6de0a20e415fc6d6471ec79c06dbd081b1e03
2023-03-20 04:53:03,False,0.5074,0.001527,1123.1,1.71501,0xd3...ec6f,https://bscscan.com/tx/0x07674a34a3d73b2b710960266efd260118e52bcdc6fa8e990101e9e86de6c3a7
2023-03-20 04:53:00,False,0.5075,0.001527,3079.05,4.70261,0xd3...ec6f,https://bscscan.com/tx/0x8d793f03c0e10e9bece3309a0997c45a92f8516c89ba932de03eeb40879965d8
2023-03-20 04:52:57,False,0.5077,0.001527,3471.94,5.30412,0xd3...ec6f,https://bscscan.com/tx/0x1cb5e4b7dec6ab7b7ab74a7f108c592ce428abaa534f5b6a2ec70278f81fe3b5
2023-03-20 04:52:54,False,0.5078,0.001528,3235.22,4.94386,0xd3...ec6f,https://bscscan.com/tx/0x8a278546d12d8b1be68df33e83c564a9273e945b6176a82170bb9e9a0944b4b8
2023-03-20 04:52:51,False,0.5104,0.001528,2504.46,3.82808,0xd3...ec6f,https://bscscan.com/tx/0x487cc44a170b3da3709ffb8d33812d094a22e0a96c1432e516c81c2f1c273062
2023-03-20 04:52:48,False,0.5105,0.001528,2402.32,3.6727,0xd3...ec6f,https://bscscan.com/tx/0x6121dea6567a84571b0229966b2267228b7366a1e978d6bc598f7afc9b325a8a
2023-03-20 04:52:39,False,0.5106,0.001529,4031.22,6.16464,0xd3...ec6f,https://bscscan.com/tx/0x6b16d8f15489af032eb9e1a56668837fee6f79c9e1b821777d17718f9d2192ce
2023-03-20 04:52:36,False,0.5107,0.001529,1089.2,1.66599,0x00...78d2,https://bscscan.com/tx/0x7840ccb8e7ea948f7df4fd36fcc9a98f5bb1e253094341c8f87177bf9cb3657b
2023-03-20 04:52:36,False,0.5109,0.00153,6761.25,10.3451,0xd3...ec6f,https://bscscan.com/tx/0x156cf1b1784a70244f165d185a611935b0a5bb7b6913a6a4025f891125478a3a
2023-03-20 04:52:24,False,0.511,0.00153,396.519,0.6068,0xd3...ec6f,https://bscscan.com/tx/0xdcde19bfd5d12d024b1e50edc86568fcc8d992baac3ce87a85e4dff3ee93e0a7
2023-03-20 04:52:21,False,0.5085,0.00153,396.506,0.6068,0xd3...ec6f,https://bscscan.com/tx/0x00684f1eca4a373bde359c6752f946e250d794c34cb58fc894f2ccd051f62896
2023-03-20 04:52:15,False,0.5085,0.00153,1767.89,2.7061,0x7a...c707,https://bscscan.com/tx/0xe72c4486798c6d530b9b965e337106dad6f782f5750adeec2a594838c1c58527
2023-03-20 04:52:15,False,0.5086,0.00153,2228.63,3.41192,0xd3...ec6f,https://bscscan.com/tx/0x0f3a7789f9a6bc9ffe40eff83c6292f8870116dae4e428715b0113beba644135
2023-03-20 04:52:12,False,0.5087,0.001531,527.3,0.8073,0xca...34d7,https://bscscan.com/tx/0xa9fa53e762f126fb514d2bc374d0b3be92a90c810c8b118df1c7c1f62e85e3b9
2023-03-20 04:52:06,False,0.5087,0.001531,1857.6,2.8445,0xaf...847e,https://bscscan.com/tx/0x867603bc70774d8e71b109dd67acb600de12fef8936cc92c03d81f2a69e59d0f
2023-03-20 04:51:57,False,0.5089,0.001531,2034.3,3.11558,0xa0...cc8d,https://bscscan.com/tx/0x531d976656930e8feb883875eaa9e8914b8c63510f0fc1f87433c0f5d7648221
2023-03-20 04:51:57,False,0.509,0.001531,1948.54,2.98474,0xd3...ec6f,https://bscscan.com/tx/0x92ade19494a12ad29f37289d9b36b4d5911edfc3b77bb8952bd84bad8362ea24
2023-03-20 04:47:12,False,0.5095,0.001531,535.931,0.821,0xd3...ec6f,https://bscscan.com/tx/0x538619307499e63e7b676cb4f66b077414fd35c09ca293e25d39463f820f5c24
2023-03-20 04:47:09,False,0.5095,0.001532,535.907,0.821,0xd3...ec6f,https://bscscan.com/tx/0xa428af9f778de759533268d847c9c589cc1184ab84981a1096c6940014f118cd
2023-03-20 04:44:21,False,0.5093,0.001532,814.752,1.24828,0xd3...ec6f,https://bscscan.com/tx/0x8110ae344bcdc240e83e51218e91cbda1c8b422d6301ce95e8e270f398f41e24
2023-03-20 04:44:18,False,0.5119,0.001532,814.697,1.24828,0xd3...ec6f,https://bscscan.com/tx/0xdf98aa1f3820292afdea3652893da2e4aaaed4414f7c4aa8bbd5baaaa1f5accb
2023-03-20 04:44:15,False,0.512,0.001532,2216.62,3.39673,0xd3...ec6f,https://bscscan.com/tx/0x9c88b0945144af877922f1c409aca04e74b3835ec4213aa40e18b946a3b80a76
2023-03-20 04:44:12,False,0.512,0.001532,1327.62,2.03473,0xaf...847e,https://bscscan.com/tx/0x092366c506e9c44620ab5f516b73f5dfabf1ba0e91e0336a131985e45aea69c9
2023-03-20 04:44:12,False,0.5121,0.001532,1520.2,2.33017,0xd3...ec6f,https://bscscan.com/tx/0xebfaa4cee9856a6fb973ed3de183bf4c0171f755849acbb33601a24714d7c6fa
2023-03-20 04:44:09,False,0.5121,0.001532,461.1,0.7068,0x34...7c76,https://bscscan.com/tx/0x4c73da5a575aeed639533f3156f6abbcc05707c055448f3370e507a6a5061ce0
2023-03-20 04:43:27,False,0.5096,0.001533,238.186,0.3651,0x06...c9f0,https://bscscan.com/tx/0x668db617838635cfc14c27502b16faec692293cb519f6031abc95dcaa15a00b9
2023-03-20 04:37:33,True,0.5152,0.00154,80.2772,0.1236,0xec...9221,https://bscscan.com/tx/0xf33d92520fe90bf3ff770d8245c26dfcf27ae1db2288332b097a245ec30852f6
2023-03-20 04:32:24,False,0.5123,0.001533,1560.91,2.393,0xd3...ec6f,https://bscscan.com/tx/0xfe0a268fc31152422ddf9547f0dbf293b21c26072e3f876e257cb2cce2af04f1
2023-03-20 04:32:06,False,0.5099,0.001533,4097.57,6.28336,0xd3...ec6f,https://bscscan.com/tx/0xd185c37661330932ce1a0846fead3392a6ead1de009e8cdf760d060a23104ec0
2023-03-20 04:31:18,False,0.5104,0.001533,2063.0,3.16429,0x78...e75e,https://bscscan.com/tx/0x2c8cbf6780e226a6c63cfefe585d2a7804b83b0617fe17ce88063149736986f2
2023-03-20 04:26:33,False,0.5132,0.001534,1909.6,2.92949,0x9d...6dab,https://bscscan.com/tx/0xa5f9b842924e5c40fbc528f82872bbc6ec8a9a932f2e2e898d1fd6944ff69f29
2023-03-20 04:26:33,False,0.5133,0.001534,1908.43,2.92817,0xd3...ec6f,https://bscscan.com/tx/0x5abfbd477d17ee654f3eaed198f324bbecbb663e59278ca7ff3174f24d5fc3fe
2023-03-20 04:26:27,False,0.5134,0.001534,1909.27,2.92992,0xd3...ec6f,https://bscscan.com/tx/0x35c36a50f3ecf0988b9305e4d3a9cea429c2f7f72e9178134732d166139e2cde
2023-03-20 04:26:21,False,0.5135,0.001534,1910.58,2.93239,0xd3...ec6f,https://bscscan.com/tx/0x1cde6ff1b17a3bc1daf0c70d89933e594410b8206e9ae475b4ace726cd1fc319
2023-03-20 04:26:18,False,0.5135,0.001535,1515.08,2.3257,0xd3...ec6f,https://bscscan.com/tx/0xe587bcf5e7a55e21c98af38e3749fa5f4c8cba5cad30d17f917551c060597341
2023-03-20 04:26:15,False,0.5135,0.001535,382.9,0.5878,0x43...fe22,https://bscscan.com/tx/0x0f2ee2d55095e38240a0644006b16d13d5357003900f1c246f54fed472c84fcd
2023-03-20 04:26:12,False,0.5135,0.001535,382.356,0.587,0xd3...ec6f,https://bscscan.com/tx/0x3c3573d16abd253245083bba1e23d14a4b7d736cc1a4a71715ebfc2f9cca2f48
2023-03-20 04:26:09,False,0.5136,0.001535,3002.6,4.61026,0xd3...ec6f,https://bscscan.com/tx/0xa344d3a87dee292311b84088437919300a11a55ce49cbea87613bee4ec1ff24d
2023-03-20 04:26:06,False,0.5137,0.001535,913.158,1.40231,0xd3...ec6f,https://bscscan.com/tx/0x8fba2ebe6e653a840c6b24925c95e754b1cac5a85d8e937f53d4207c3399e60e
2023-03-20 04:26:06,False,0.5137,0.001535,1033.7,1.58756,0x00...78d2,https://bscscan.com/tx/0x1b78e951ef4dec9d8cae792205ccc3f90dfc702ca5efda677325cc86e054a5fd
2023-03-20 04:25:57,False,0.5112,0.001535,876.639,1.34645,0xd3...ec6f,https://bscscan.com/tx/0x6ee7fd39f9ec97e7119e91e274d7eefcfc7c46c9773b0b1ead187fec38a73422
2023-03-20 04:25:54,False,0.5112,0.001536,1659.5,2.54913,0x34...7c76,https://bscscan.com/tx/0xecd661a2ed062c6ff9e15ce8b8caab74be0fc0c81850d8d22cc69b1bc3488eac
2023-03-20 04:25:54,False,0.5113,0.001536,1658.03,2.54723,0xd3...ec6f,https://bscscan.com/tx/0xc3f26d5e924d2c10f08ccdc5ca8642262520cf9df6ccb798812191e30c08962f
2023-03-20 04:25:36,False,0.5143,0.001536,416.021,0.6391,0xd3...ec6f,https://bscscan.com/tx/0x0710236a2eeafb69e82cbe6d8170595a63f006f3bbc4ac2bf7ac9d903c95fee3
2023-03-20 04:22:21,False,0.5139,0.001536,5519.59,8.48257,0x62...1f10,https://bscscan.com/tx/0x93a9feb3caaad4f8324a43a7793a509795a161b13a5542329749b225a832e711
2023-03-20 04:21:39,False,0.5142,0.001537,29.429,0.0452,0xc8...5889,https://bscscan.com/tx/0x65e5f4dc755959854cf0543c4304044742b0bbb283895498ee07a66b99b72b20
2023-03-20 04:15:46,False,0.5143,0.001537,36.9004,0.0567,0x1f...b7bb,https://bscscan.com/tx/0x6157bba4034aaa24c9127198fb85e897d8073639832215c2ac51f78f3406941c
2023-03-20 04:08:49,False,0.5145,0.001537,12.0,0.0184,0x1c...3b32,https://bscscan.com/tx/0xdfc01b0112107942ae6247a66f7e6bf0ae31b83ae3636f9a08d0878374a3f5ac
2023-03-20 04:07:07,True,0.5169,0.001544,2882.7,4.45292,0xd3...ec6f,https://bscscan.com/tx/0x8f5ce705a8b90688e05c9a9b12ffc8efa70ead0afff3af8dac9b3629ed38f35d
2023-03-20 04:06:40,True,0.5194,0.001544,2882.7,4.45184,0xd3...ec6f,https://bscscan.com/tx/0x2b75e57f120f69988f66b5c84c97d095a61a7f3b3748396b1dad05d936f664ac
2023-03-20 04:05:40,True,0.5168,0.001544,1496.4,2.31051,0xd3...ec6f,https://bscscan.com/tx/0x976876a9aaf40d4b6aa33547bc2458ca78641cd1052b85c32976be0bcef244c8
2023-03-20 04:05:34,True,0.5194,0.001543,1496.4,2.31022,0xd3...ec6f,https://bscscan.com/tx/0x710916c2ad455c0744eb26304bc70897b064158170501df5eb82469576b46cef
2023-03-20 04:05:31,True,0.5193,0.001543,1496.4,2.30994,0xd3...ec6f,https://bscscan.com/tx/0xa83f64c3c7626a614f0e8e4c081f133060d80700b6b92ac9cf3ddf29d19f3dc9
2023-03-20 04:05:16,True,0.5192,0.001543,1496.4,2.30965,0xd3...ec6f,https://bscscan.com/tx/0xc91694e5a1cf81b97a0804307386bea1e2026dc0448a8fcfc5ef3980f18b26f6
2023-03-20 04:03:49,True,0.519,0.001543,987.4,1.52386,0xd3...ec6f,https://bscscan.com/tx/0x0232fa080e0a2037276b3814b705373f2424b96619a3a76d2b8e877cfd24323b
2023-03-20 04:03:43,True,0.5189,0.001543,987.4,1.52374,0xd3...ec6f,https://bscscan.com/tx/0x9a5b00c01d84fe690928c717c42afc6b8012985facd8f81245fb6f5033315b6a
2023-03-20 04:03:40,True,0.5188,0.001543,987.4,1.52361,0xd3...ec6f,https://bscscan.com/tx/0xa7d0d1879bd3870afff96e3b6225d0c75913e971be101913c48dab9c853fd227
2023-03-20 04:02:52,True,0.5189,0.001542,987.4,1.52349,0xd3...ec6f,https://bscscan.com/tx/0xb1ba174d88cdaec11a3d755c2a70a13e93da3678375da2dcd0d57a394354f72b
2023-03-20 04:02:49,True,0.5188,0.001542,1031.3,1.59109,0xd3...ec6f,https://bscscan.com/tx/0xd52239431ed2a7786dcf0d052ddcd718d6d087abbf91ee9526f0da9e0d3f0d5f
2023-03-20 04:02:46,True,0.5189,0.001542,1031.3,1.59095,0xd3...ec6f,https://bscscan.com/tx/0xc9580e73d7ebf222c653df785b4d066c3ba444088c851bd559774b8d0bf524b8
2023-03-20 04:02:43,True,0.5188,0.001542,1031.3,1.59081,0xd3...ec6f,https://bscscan.com/tx/0x4d7ffb8e1c842800503465cb74838a686b4ea0fd3cb96d8737dec6d7b522bfc3
2023-03-20 04:02:40,True,0.5188,0.001542,1031.3,1.59067,0xd3...ec6f,https://bscscan.com/tx/0xb102f27bda75ac7a483ba84b19f9152d09a04c0e00ec794b73f47bc1f35f3979
2023-03-20 04:02:37,True,0.5187,0.001542,985.2,1.51944,0xd3...ec6f,https://bscscan.com/tx/0x0667be26834d09856646e023e04c5979e25163b13a6c7891e4aa311451dad2d3
2023-03-20 04:02:34,False,0.5161,0.001534,99.6394,0.1529,0xff...5f01,https://bscscan.com/tx/0x6982ea29c6fa01ca31730e90268f18a51d38a7b5f3dc4f876dd6c86aec1169e6
2023-03-20 04:02:31,True,0.5187,0.001542,985.2,1.51933,0xd3...ec6f,https://bscscan.com/tx/0x42c440145ef633972b318a20c612fe8efa131e4d6da11115aa91997433143d67
2023-03-20 04:02:28,True,0.5187,0.001542,1021.3,1.57487,0xd3...ec6f,https://bscscan.com/tx/0x1dfb2c91f95e7be5e9f2685a1d74f2b799d46f9d80bd690c15e6c9c4b9063d5d
2023-03-20 04:02:22,True,0.5186,0.001541,2698.93,4.16117,0xd3...ec6f,https://bscscan.com/tx/0x8952435ef2d0a032491b05e3ea141197c8f38afa6b00ed32b5c18478523e8dc3
2023-03-20 04:02:19,True,0.5185,0.001541,1021.3,1.57438,0xd3...ec6f,https://bscscan.com/tx/0xf4e6a5ed0da738b0f9f574d575b384c31e06903f565828221a714df8d0b96684
2023-03-20 04:02:16,True,0.5158,0.001541,2830.8,4.3631,0xd3...ec6f,https://bscscan.com/tx/0xc3e30f76b86d935e8f075eb5caf18ccb84fd39a9eda0e520ad0970058e705937
2023-03-20 04:02:13,True,0.5157,0.00154,2830.8,4.36207,0xd3...ec6f,https://bscscan.com/tx/0x4355e3639f330e69a8836b2607e6bc9c469cd8818f4f1f10a5bccfd6f03b9e73
2023-03-20 04:02:10,True,0.5156,0.00154,614.284,0.9464,0xd3...ec6f,https://bscscan.com/tx/0x48b426340eff6ec1e3c87bdcdc2375d0d168db27d41cfefc555cd4ed67f237c5
2023-03-20 04:02:10,True,0.5156,0.00154,2271.96,3.5,0x62...1f10,https://bscscan.com/tx/0xed6979e4abd007c45fe4aeed12bbf0c1e4c6eaf4d136ded1b87dd331bd50dc8a
2023-03-20 04:01:01,True,0.5152,0.00154,1064.4,1.6395,0xd3...ec6f,https://bscscan.com/tx/0x86c84058bc8aeead1646d73bfbc033f9b89b0ed3ca5a3dafd47dd0e91d9f1282
2023-03-20 04:00:58,True,0.5152,0.00154,1064.4,1.63936,0xd3...ec6f,https://bscscan.com/tx/0xdcb880cecc5e51681f765730c3da37791bf30f51df31d4e8235d2ea3d0bffb66
2023-03-20 04:00:52,True,0.5152,0.00154,521.3,0.8028,0xd3...ec6f,https://bscscan.com/tx/0xdac30dc9b2c2f74906dd69caf785b50eecff7430e2a6f926156505729dc20be7
2023-03-20 04:00:49,True,0.5151,0.00154,521.3,0.8028,0xd3...ec6f,https://bscscan.com/tx/0x5679cb2a3e08c64948df08bf8a4ead01440a279ce92dda6db3e96060a1adc895
2023-03-20 04:00:43,True,0.5177,0.001539,495.1,0.7624,0xd3...ec6f,https://bscscan.com/tx/0x4b0db492c21f24edd3e4e9cffb3dd322af2e8782fa5a2de7275e7b2de184c56a
2023-03-20 04:00:34,True,0.5177,0.001539,397.007,0.6113,0xd3...ec6f,https://bscscan.com/tx/0x135fba3041810da33c5d66edb3864325d7c213d893b4fffcbeedafeec6af7951
2023-03-20 04:00:31,True,0.5177,0.001539,482.1,0.7423,0xd3...ec6f,https://bscscan.com/tx/0x18363f67878d75594d7d9f4c7833cf6110a414763603d050b88670ce0f93d5e8
2023-03-20 03:58:01,True,0.5149,0.001539,3247.63,5.0,0xed...4f31,https://bscscan.com/tx/0x0b3bd79cba9e3a69e7bc53779e9da5a459f2eddd128dcac9d7e611e7df65b327
2023-03-20 03:57:28,True,0.5173,0.001539,809.1,1.24547,0xd3...ec6f,https://bscscan.com/tx/0x362e53e0e4065fbb269ae86e524d86d6791a8aa255b1bfd70d28d0544196b681
2023-03-20 03:52:55,False,0.5146,0.001531,10.0423,0.0153,0xff...5f01,https://bscscan.com/tx/0x59f0e28f0e0d19d6c638f5f45f466921616a8305bea43c8ae3e2adf15bbc39ed
2023-03-20 03:49:55,False,0.5112,0.001531,3575.92,5.47765,0xd3...ec6f,https://bscscan.com/tx/0x8aeeef26ec6d4715ac42ff62fe9f85a652c6378bc661c9d968723196fefcfb1b
2023-03-20 03:49:49,False,0.5113,0.001532,3708.36,5.68223,0xd3...ec6f,https://bscscan.com/tx/0x6b4d472276fe57d0e5be7d9be776b1a876f9ccc673613a1cbf986d8c9fb80918
2023-03-20 03:49:40,True,0.5164,0.00154,60.0,0.0924,0x76...0f68,https://bscscan.com/tx/0xa7004401c3cf48510e94736c3946fe71c921fbffe6c8bbd2d68ffd23de778f5a
2023-03-20 03:49:13,False,0.5139,0.001532,4170.55,6.39251,0xd3...ec6f,https://bscscan.com/tx/0x5045798acc8027acc5c81b8d3d823d0a6c0f541021ed0825ee21b0892959442b
2023-03-20 03:47:58,False,0.5114,0.001533,4067.29,6.23637,0xd3...ec6f,https://bscscan.com/tx/0x8e0d321fb90c83176ca55577e121ebafbbcb2048e3fb87376c7f9076f3dd4934
2023-03-20 03:47:34,False,0.5142,0.001533,4083.01,6.26261,0xd3...ec6f,https://bscscan.com/tx/0xe428fac3ffb43befe5ae14a9ee1f3444e4a936f599727ed706f44c43be0d0667
2023-03-20 03:47:07,False,0.5118,0.001534,7.69316,0.0118,0x97...2c91,https://bscscan.com/tx/0x3e5bca38ad657420e338f47f6a6fff7ddb37d3406e28b54f486df05ff63cf181
