datetime,buy_order,price_USD,price_native,amount_token,total_native,maker,etherscan_url
2023-03-21 08:47:38,False,0.4944,0.001506,44.438,0.0669,0x75...ea35,https://bscscan.com/tx/0xaba623650aa572f5370028f058c5769bc9c2033f4eb69ef9a70e792b38af8873
2023-03-21 08:44:26,False,0.4944,0.001506,504.0,0.7594,0xc1...b919,https://bscscan.com/tx/0xb14fd71f930985e429546a94f77c1c013bb63b395c6f447ce1ff2d5ac99e9c56
2023-03-21 08:44:23,False,0.4944,0.001506,361.4,0.5445,0x56...0086,https://bscscan.com/tx/0xa699b290b62f5023ee937f9deccc514712b779016d10ca9bb67433996128b5de
2023-03-21 08:44:23,False,0.4944,0.001506,731.067,1.10164,0xd3...ec6f,https://bscscan.com/tx/0xffc74c33d429dc7dab6f1e2be19e44b1da8a6f343804c19e8b7a805ccf8bb1b8
2023-03-21 08:43:47,False,0.4969,0.001507,1962.73,2.95796,0xd3...ec6f,https://bscscan.com/tx/0x0c5ba822174ea7d8e2df0a08c0ac01725285fc4abec26e0344e2cfd7cd6d1d5a
2023-03-21 08:43:17,True,0.4969,0.001514,599.798,0.9085,0x70...8487,https://bscscan.com/tx/0x902c4f9d4d037eb3f8e7965b67d6f2ec8217e33a585b5abcb57c2b593c8e2ec0
2023-03-21 08:42:44,False,0.497,0.001507,1604.35,2.41809,0xd3...ec6f,https://bscscan.com/tx/0xe791ed4fd1daf4d2d850d0d5197662676235bbbb1fb96b1b453acaeed3aec1f9
2023-03-21 08:42:41,False,0.497,0.001507,1664.09,2.50847,0xd3...ec6f,https://bscscan.com/tx/0x23cafcd627cc8ef784e72e014baea8f8c64b90d06da05ca15e256cacfd41726d
2023-03-21 08:42:17,False,0.4971,0.001507,1739.57,2.62262,0xd3...ec6f,https://bscscan.com/tx/0x6f664651e2e23262fc5a44c1e74786690c4cb56e11a9e1e277a1a1ceed76b0b5
2023-03-21 08:38:26,False,0.4944,0.001507,463.1,0.6982,0xaf...847e,https://bscscan.com/tx/0x63aa559636988aae3b5c2616799a3525c3d468da3bd45606bed2d5e8a5f839b1
2023-03-21 08:38:23,False,0.4945,0.001508,3503.24,5.28293,0xd3...ec6f,https://bscscan.com/tx/0x540eebe8ef0cd5db20a535d7d8a4eabb0c7de3dc4b2bdca26a6436f2153c9f98
2023-03-21 08:38:23,False,0.4947,0.001508,4667.62,7.0412,0x56...0086,https://bscscan.com/tx/0x1eb167ebc850c757c39ad9f8da3d75aa89b947d3302ccf5f2defac285fc97878
2023-03-21 08:38:20,False,0.4949,0.001509,7858.81,11.8613,0xd3...ec6f,https://bscscan.com/tx/0xa9bbf430522af49b761fc7255691644cc518b4619cc8b998cfc6b5fd7d042200
2023-03-21 08:38:17,False,0.4951,0.001509,1327.42,2.00424,0xb0...baef,https://bscscan.com/tx/0x5434f41dc16a7e0a9fac5300fd961ae2cfcc3e942fe47709caebda1032f1a2c2
2023-03-21 08:38:17,False,0.4952,0.00151,2365.08,3.57152,0x00...78d2,https://bscscan.com/tx/0x15ce88313ade5d7015122ac9a4c0ddca8c04e7f84bcff56c8eac1aa7e718fd91
2023-03-21 08:38:14,False,0.4953,0.00151,200.268,0.3024,0xd3...ec6f,https://bscscan.com/tx/0x66c6d48ac0b309e23c95794ee4673dd4d98f44c69ce10300b6b9dce3e93dc383
2023-03-21 08:38:11,False,0.4977,0.00151,200.325,0.3025,0xd3...ec6f,https://bscscan.com/tx/0x615f23b2679138662c41e63b4416156a7968cc6efd37943cd5a41534cda808f7
2023-03-21 08:38:05,False,0.4977,0.00151,885.2,1.33697,0x34...7c76,https://bscscan.com/tx/0x699ac1b110e96903fc2f3fece9b840387219b3384d2d9035b0db85a1cd562683
2023-03-21 08:38:02,False,0.4978,0.00151,1146.6,1.73193,0x3a...231f,https://bscscan.com/tx/0x5a3db642b247dc69765f936c95d4b6d69d8981225407f225dc2cccc62111e2e5
2023-03-21 08:38:02,False,0.4978,0.00151,912.81,1.37891,0xd3...ec6f,https://bscscan.com/tx/0x6b58df9a1e318ddd3f52d2143ad8db82460067530127bbd2e62514b102d0f4f5
2023-03-21 08:37:59,False,0.4954,0.00151,199.609,0.3015,0xd3...ec6f,https://bscscan.com/tx/0x4c58e1226a43a4cbcbfbbda735c306eb0e23305e0babbb1fbbc9a13e5b40afab
2023-03-21 08:37:53,False,0.4954,0.00151,1045.6,1.57966,0x7a...c707,https://bscscan.com/tx/0xc5413df7478b5b582e0e15f30341e1956407ff73bb5a92127eb1814a33b52553
2023-03-21 08:37:47,False,0.4956,0.001511,8900.0,13.4514,0x83...6678,https://bscscan.com/tx/0x9394125290d866bf1b59131076765dbaa3caed1556fe297040160a9495964818
2023-03-21 08:37:44,False,0.499,0.001514,35652.4,53.9843,0xd3...ec6f,https://bscscan.com/tx/0xa93ea12909da397458066f087b1f5f22f352ae104053cd88c1f2ab39584df052
2023-03-21 08:37:44,False,0.4998,0.001516,2411.69,3.65752,0x00...78d2,https://bscscan.com/tx/0x9cb3cf8333c71fbb9bc0d83f30d2fb607eb7c3d8f968f11fd5a2a01e6f3d5276
2023-03-21 08:35:23,False,0.5002,0.001516,1798.4,2.72789,0xb3...55e7,https://bscscan.com/tx/0x2fa79e5cf6bbb0827623e477c1ebd4840bf78cec248d0952301f14baf862e2ed
2023-03-21 08:35:20,False,0.5004,0.001517,2409.27,3.65611,0x00...78d2,https://bscscan.com/tx/0x010114bbb36b537482cdf7de52fdff0aff1bba2482b155a935000d7e0bf03455
2023-03-21 08:35:20,False,0.5003,0.001517,3274.89,4.96853,0xd3...ec6f,https://bscscan.com/tx/0xdcf17245ee452137150c33080f08f22a6b0b6da19fc1336e7fc9c457815f0db7
2023-03-21 08:34:41,False,0.4999,0.001517,707.16,1.07327,0xd3...ec6f,https://bscscan.com/tx/0xbb2c5a94e86366e666a15336a433b6b9adddd5dbc0765a6f6340be7cc8386e21
2023-03-21 08:34:38,False,0.4999,0.001517,808.4,1.227,0xc1...b919,https://bscscan.com/tx/0xace1f974b231a68cc0382e76419650d06773ba8b639c39b5d221eff7d8f86900
2023-03-21 08:34:11,False,0.4974,0.001517,342.8,0.5203,0xaf...847e,https://bscscan.com/tx/0x82efb84453707e5dabe36e9c75f03a56ad605c233007c1bce34919eaaaea1990
2023-03-21 08:34:11,False,0.4974,0.001517,342.282,0.5195,0xd3...ec6f,https://bscscan.com/tx/0x6c056f486d28cd5b6ad9d97deeedfbdd8eb3d7f5b9499f10eb7c6182ad6d1b61
2023-03-21 08:34:08,False,0.4974,0.001518,814.411,1.23628,0xd3...ec6f,https://bscscan.com/tx/0xb67df4da3c918a457451fa74698bb13887b4c1d6a1724c120568d224d066dc1d
2023-03-21 08:34:08,False,0.4974,0.001518,493.2,0.7487,0x56...0086,https://bscscan.com/tx/0xb382f1a39ebe1ea3d3514b45a885dd33a72c2b3c830d5bce41ef2e40715c8809
2023-03-21 08:34:02,False,0.4974,0.001518,362.6,0.5504,0x3e...a7c8,https://bscscan.com/tx/0x615c0cdc8fc5be4eb3e3032e64937ca85b96cf5fe561425e4de8245089bb3511
2023-03-21 08:33:50,False,0.5,0.001518,2148.33,3.26179,0xd3...ec6f,https://bscscan.com/tx/0x29e6c828c6b3470a75b4f987b14c905dce274deabbcd7baf6af8f83b0e8c8708
2023-03-21 08:33:47,False,0.5001,0.001518,674.123,1.02364,0xda...c952,https://bscscan.com/tx/0xe913728d5291b5cfcbde360b480fa0d2170af633f7764a71ff43afb4ca24555d
2023-03-21 08:32:53,False,0.5001,0.001519,11584.5,17.5997,0x91...79fe,https://bscscan.com/tx/0xa0bbf1fc4eebadf00b9db1309f749bae699e765d7cbf38da51d63b0d9e5f0efe
2023-03-21 08:30:05,False,0.5007,0.00152,242.639,0.3688,0x07...862d,https://bscscan.com/tx/0x5af60c6d9148730d3183905c1ed6bdec9821bd2a56dc77238829282f6a70069d
2023-03-21 08:27:13,True,0.5031,0.001527,594.978,0.9088,0x70...8487,https://bscscan.com/tx/0xa4fbd5407dc5547a9b337c9e7a35176886a4ab5c54c93083d9beb6a783fc78ac
2023-03-21 08:26:13,False,0.5008,0.00152,14406.1,21.9095,0xda...6e1f,https://bscscan.com/tx/0xd3fe3b708c486115b3abdc26420dcf7a1fc5239a525a9f6302994f60ebbd29ae
2023-03-21 08:20:10,False,0.4985,0.001521,2150.1,3.27221,0x98...5cc4,https://bscscan.com/tx/0x17df24b4522cc0add7222cff962586e3aaa06c436a8a01d8b9eaa86499438231
2023-03-21 08:20:10,False,0.4986,0.001522,3933.27,5.98753,0x3f...573a,https://bscscan.com/tx/0xe96bbd0c2aefd1198c4ad85d185682ce45b7ab4a05e510abb898ee388d9b5ac6
2023-03-21 08:19:44,False,0.5012,0.001522,2934.49,4.46838,0xf2...bfcf,https://bscscan.com/tx/0x94a743415f17747746f77a88ca76292000224e761e72ff28862038b54e1f1c2e
2023-03-21 08:19:44,False,0.5015,0.001523,7630.97,11.6249,0x8b...88f6,https://bscscan.com/tx/0x6249690f4d705a0e600b2b28b281199c44caaacb09a3a4df66772e0c26026b07
2023-03-21 08:18:51,False,0.5021,0.001525,27545.0,42.023,0xda...c952,https://bscscan.com/tx/0xf92ada3ebf9cfa7d206688c7d5914e1bccf7bd7aa595dcf60828b89375f3f550
2023-03-21 08:14:28,False,0.5,0.001527,93.7517,0.1431,0xc3...c2a2,https://bscscan.com/tx/0xe63da55bc93c92325b3c20e52c9ac17139f432d45c54a40fa3a2d46cbb51c342
2023-03-21 08:12:37,True,0.504,0.001534,2374.25,3.6442,0x00...78d2,https://bscscan.com/tx/0xa22190ad8b42ca0c39747fbf92846c00796be995aba2e56c2248ed11520d5ee1
2023-03-21 08:11:19,True,0.5042,0.001534,1486.99,2.28199,0x52...1c7e,https://bscscan.com/tx/0x00b5d9b5efb56e55380213d7110f7a51ec3b55c82cfe6eeeb8b974c7d6783bf0
2023-03-21 08:11:13,True,0.5042,0.001534,2281.02,3.5,0xda...6e1f,https://bscscan.com/tx/0xadcae18bb4e59eebdab08ce7638870448aaf24c2b8ed07209fee61a118a24dde
2023-03-21 08:11:10,True,0.5069,0.001534,2281.46,3.5,0xf2...bfcf,https://bscscan.com/tx/0x512c3a8dd34733c3451f11742a7da79367c85e4ca154a604de5266978a442d61
2023-03-21 08:11:10,True,0.5069,0.001533,591.099,0.9067,0x70...8487,https://bscscan.com/tx/0x3f54a888be7d98611cc3caf24ddbca4e41be6fd663a752fd203b04a046a3319a
2023-03-21 08:11:10,True,0.5068,0.001533,2282.0,3.5,0xda...c952,https://bscscan.com/tx/0x47f97bdef148258f53971c77f0116154ee8cd00b7bc40c3378f6908df1d14e0e
2023-03-21 08:11:07,True,0.5067,0.001533,2282.44,3.5,0x91...79fe,https://bscscan.com/tx/0x97d67dc62edf34f6b71373bbcb7d8c13832925cdb8cf1fccfb642d100b079a2a
2023-03-21 08:11:07,True,0.5066,0.001533,2282.87,3.5,0x2f...e155,https://bscscan.com/tx/0xa6ff4b8153d1b432ac2d9cae404861fd4f5953e7d442afed3ab89db4631fb3a0
2023-03-21 08:10:46,True,0.5045,0.001533,806.158,1.23581,0x8b...88f6,https://bscscan.com/tx/0xa6fa22012355efdd7861e975090213aca02591b404ae769ede74ec4354b64d8c
2023-03-21 08:08:58,False,0.5018,0.001525,45.2513,0.069,0x90...48cd,https://bscscan.com/tx/0xcce72bb4abb7a61be379d147c59303ebc2c76e71b046d3fab90e11c472857e7f
2023-03-21 08:08:49,True,0.507,0.001532,6525.31,10.0,0x91...79fe,https://bscscan.com/tx/0x2c9d09a14713221b9f4c89d0290428a3b9515d9c80c846a5db38761dea12db86
2023-03-21 08:08:49,True,0.5068,0.001531,3916.89,6.0,0x0c...8533,https://bscscan.com/tx/0x43d43fd5fc3f9a725ca524b22e6d4cd3245eff9dfbdada5b7bfe1bfc033f7b7d
2023-03-21 08:08:22,True,0.5065,0.001531,603.633,0.9244,0xed...4f31,https://bscscan.com/tx/0x8472a6e3c28706fbd03c4e4e4dcff1d087dc9daf630b1293dd2ac66a1ed7db4d
2023-03-21 08:08:19,True,0.5074,0.001531,3265.22,5.0,0xda...c952,https://bscscan.com/tx/0x3dfa036e41d15a415c7af28ae395b4cf78895846b11510c1dd4f7ce7dc06b76f
2023-03-21 08:08:16,True,0.5073,0.001531,1226.01,1.87703,0xed...4f31,https://bscscan.com/tx/0x4798b7404973d8b6be067182d1ec15eb782da45b814063a614ec1e866f493b12
2023-03-21 08:08:13,True,0.5072,0.00153,6533.78,10.0,0xda...6e1f,https://bscscan.com/tx/0xb4accc65c70c77310ad976a70f984c4cde04a0c486e301954351172ba8ad82e0
2023-03-21 08:08:13,True,0.507,0.001529,3268.22,5.0,0xda...c952,https://bscscan.com/tx/0x0ed5b12b706fc097a57ae5e44152cbeadfc5a74649863dc4dd08638c077e01fc
2023-03-21 08:08:13,True,0.5068,0.001529,2374.25,3.63146,0x05...7eea,https://bscscan.com/tx/0xabcfa12e1d644b92ac237ade3a6d7980073db86645be52f62de18b66cff179bf
2023-03-21 08:08:04,True,0.5053,0.001529,4752.89,7.2675,0xca...34d7,https://bscscan.com/tx/0x5fc830f6c5b876e1d07db0121943d37ce243bd8f22abf95c5611b31c68373c20
2023-03-21 08:07:52,True,0.5052,0.001528,2289.65,3.5,0x62...1f10,https://bscscan.com/tx/0xfde828f87958b7f3f52d7568c032835d17fa876b791c0d5be7d73e6281590047
2023-03-21 08:03:10,True,0.5056,0.001528,1236.9,1.89047,0x62...1f10,https://bscscan.com/tx/0xd5474e33008d47006943be31494352a4f68c77f666064aeafb2d0a72263a2d79
2023-03-21 08:02:46,True,0.5055,0.001528,1129.92,1.7268,0x8b...88f6,https://bscscan.com/tx/0xe87893c878126f57f3260c070acdc5a6243aedcccd8ed70857b25f5386eaec85
2023-03-21 08:02:28,True,0.5055,0.001528,2290.54,3.5,0x8d...1b76,https://bscscan.com/tx/0x80e4adb16067011d9ef62797a5f43d5031280e3ab61dbac735440f0dec41313e
2023-03-21 08:02:28,True,0.5054,0.001527,2290.97,3.5,0x2f...e155,https://bscscan.com/tx/0x4a00708df0f33a2db01e487d81a48b39c814e12f16f7127da55a920273d333d6
2023-03-21 08:02:28,True,0.5053,0.001527,1596.0,2.43787,0x00...78d2,https://bscscan.com/tx/0xa298d5b6caea1305e506af699092adb0c6a16b794fe764befc18520aa3290930
2023-03-21 07:56:17,True,0.508,0.001527,589.117,0.8997,0x70...8487,https://bscscan.com/tx/0x739595b91b9cb62a92410784aa123ca63d1646f0a1d1fbb42df5247cb3db9db5
2023-03-21 07:56:05,False,0.5027,0.001519,28.1916,0.0428,0xc4...8651,https://bscscan.com/tx/0x0f79231fab270f62dc3560d0441cb3f116568957a66ec0990bd0941d68ecbc0a
2023-03-21 07:53:56,False,0.5055,0.001519,89.3289,0.1357,0x02...f2c0,https://bscscan.com/tx/0xe7d533f08ddccbbcdc457e4fe5222e75cc1ec3d90def8e7ef34cef2e79bd55b2
2023-03-21 07:46:32,True,0.5079,0.001528,268.106,0.4096,0x51...1bf0,https://bscscan.com/tx/0x483e1d99255d42bb46873c62d4513927bc09118250b71222fad343a2981be607
2023-03-21 07:41:11,True,0.5077,0.001527,589.546,0.9003,0x70...8487,https://bscscan.com/tx/0x20cfea30356d495b7fe55b36a1ff35039224c62f4332de64b4e6a6ec3887046d
2023-03-21 07:39:26,False,0.5027,0.001519,300.0,0.4558,0x52...a560,https://bscscan.com/tx/0x641eeefaef776ea4d89d4d7aa010dfd9f034245f96e42e03d6fb8fb72878aa1e
2023-03-21 07:37:56,False,0.5026,0.001519,10.0,0.0152,0x14...4e59,https://bscscan.com/tx/0x2df90b0ad21f287815162f232fb22836ee3564d8bf1a8b11af5f874cb7f396d4
2023-03-21 07:30:50,True,0.5052,0.001527,1827.9,2.79146,0x3e...a7c8,https://bscscan.com/tx/0x9660b9254ec542214a2762dbce8b3dea99bcb58dcab00bd981b8620690105661
2023-03-21 07:28:56,True,0.5076,0.001526,2292.26,3.5,0xda...6e1f,https://bscscan.com/tx/0x1ce03b7b14d8245a99dfe94ad4acdd28f18d3d8e1b58167278b63b876fff7103
2023-03-21 07:28:56,True,0.5074,0.001526,6551.72,10.0,0xda...c952,https://bscscan.com/tx/0xc7942e8ef76e989b0ed3e28dde948e03fb832ce715276b5b369b878ec0898f31
2023-03-21 07:28:47,True,0.5073,0.001525,2293.95,3.5,0x91...79fe,https://bscscan.com/tx/0x5b8f615df490be069aceaef8ab2b51afbacd70b0eb111e679c3e8a211f1c7669
2023-03-21 07:28:44,True,0.5072,0.001525,2294.39,3.5,0x0c...8533,https://bscscan.com/tx/0x123d959fcc126e7791d6b2bbea7f7ae9c00e0218bfebe528db989d18a10c0578
2023-03-21 07:28:35,True,0.5071,0.001525,338.705,0.5166,0x62...1f10,https://bscscan.com/tx/0xdc9427c7a956226b9813e66069e436bf259c3d637f2e7bea51d8d8b994154a83
2023-03-21 07:28:35,True,0.5071,0.001525,2294.89,3.5,0xda...6e1f,https://bscscan.com/tx/0xce2af934d5389150775702ec79798812efa9394f0fafa0e803b5780811396a6b
2023-03-21 07:28:35,True,0.507,0.001524,2295.33,3.5,0xda...c952,https://bscscan.com/tx/0xb344ce0e7a5b2352d47ec46c0a70f24d869a354002863633f58615056fa115e0
2023-03-21 07:28:35,True,0.5069,0.001524,2295.77,3.5,0x8d...1b76,https://bscscan.com/tx/0x125c086354bdd241d20b7793f7cfce39398795236b97aaf4dfb37401e1fdd9b9
2023-03-21 07:28:35,True,0.5068,0.001524,2378.23,3.62502,0x00...78d2,https://bscscan.com/tx/0xd5cbcb08dc2bd5ce8d15c3dda62600ae35f0b8b05b014a92440083cd1ac8f372
2023-03-21 07:28:20,False,0.5042,0.001516,40.0,0.0606,0x44...d7ca,https://bscscan.com/tx/0x86e38ce5b9f5c9dbad768b8b546a41380df5278308d9e34ed802ceccee1ee4ef
2023-03-21 07:26:17,True,0.5044,0.001524,590.979,0.9006,0x70...8487,https://bscscan.com/tx/0xd0fdd90530dce4944b1fb6f0857874bc6935f9ea56e2edd3a5070649f3b08c7a
2023-03-21 07:25:05,False,0.5019,0.001516,88.0019,0.1334,0x76...d234,https://bscscan.com/tx/0xf69dc537c7e19a489a0cd200b1c4429f73d0befdd47e8d0ac1afb8d1a4ac8f52
2023-03-21 07:21:14,False,0.5042,0.001516,118.593,0.1798,0x0f...2ca5,https://bscscan.com/tx/0xab7f0316c28e62f510fae9dd55dd4df795eb931a4e221a02ae206ddd5fe84ee6
2023-03-21 07:14:06,True,0.5059,0.001524,84.6336,0.1289,0x39...ba14,https://bscscan.com/tx/0xea7a3776e3fe86eac210e38c2568cab28ba5b0925e7f2a9a3a8b540d8637405b
2023-03-21 07:10:12,True,0.5058,0.001524,590.433,0.8998,0x70...8487,https://bscscan.com/tx/0x32f021f5195f432ab26c08f594ef68bc6843e75b337d5e4eed3f17bc4e916986
2023-03-21 07:10:03,False,0.5033,0.001516,123.852,0.1878,0x9c...6d5f,https://bscscan.com/tx/0x1c34bf873fa5a95d2d7b8345ca46c977e082be23ad8bfc1455c1fa81daf10330
2023-03-21 07:04:00,False,0.5037,0.001516,19.784,0.03,0x02...f2c0,https://bscscan.com/tx/0xf1330bd3874f7ff795ef04ff670e7c22419579199276d3247c12ea1ed04ebf88
2023-03-21 07:00:39,False,0.5032,0.001516,39.6479,0.0601,0x02...f2c0,https://bscscan.com/tx/0xacda116b62e9c68897ee48aa6fa7d1d541b55d09fb63921a8f6c521538fa4336
2023-03-21 07:00:33,True,0.5057,0.001524,296.44,0.4517,0xd3...ec6f,https://bscscan.com/tx/0x433ba07ac8f073b6dfc047cd22fa5a4df4910acfb27fac75ee85bad2d8ac5ba2
2023-03-21 07:00:21,True,0.5083,0.001523,549.7,0.8377,0xd3...ec6f,https://bscscan.com/tx/0x7a7a5de758eb1dbb707be45afc6e1ad5f4ebf28c010c865952dffbc584fb68b4
2023-03-21 07:00:18,True,0.5083,0.001523,549.7,0.8376,0xd3...ec6f,https://bscscan.com/tx/0xf5333874a1e4a9a7ef058dc5d26564985e71407747f6b38543a3e30017346075
2023-03-21 06:59:57,True,0.5084,0.001523,700.1,1.06679,0xd3...ec6f,https://bscscan.com/tx/0xc9499252af03ace121199b2c29645322815873d92254a620365a56b13e27c813
2023-03-21 06:54:12,True,0.5084,0.001523,588.9,0.8973,0x70...8487,https://bscscan.com/tx/0x532bf2924f7a001535c8a7e228ac5c11400b8efd4e6303ead84af562bea30be6
2023-03-21 06:38:11,True,0.5081,0.001523,586.397,0.8934,0x70...8487,https://bscscan.com/tx/0xd7712b24625d65d1b246c9bbc3b2b5f0b63d4b61b28e18e94fdd80ef4250ae90
2023-03-21 06:36:12,True,0.5109,0.001523,461.05,0.7024,0xce...5a49,https://bscscan.com/tx/0x8d548a69225d1526ed57d010413d8775a288feadb1c0050e91561046ed8821ea
2023-03-21 06:22:18,True,0.5116,0.001523,585.68,0.8922,0x70...8487,https://bscscan.com/tx/0xc35639b3ca3053b645555eb45a936206775703274dfaab2aec2a3537a5341669
2023-03-21 06:16:03,False,0.5062,0.001515,5.51796,0.0083,0xab...a224,https://bscscan.com/tx/0xc58752605c488fde220a9942fe252ebc140017822d5fdf1833fee27fabcd0b86
2023-03-21 06:14:48,True,0.5088,0.001523,40.0,0.0609,0xab...a224,https://bscscan.com/tx/0xb9a6ce0df4290587a8689df6cee7553b3d4cfef82052b7a01a0d863e34d0a3da
2023-03-21 06:13:51,False,0.5062,0.001515,13.6186,0.0206,0xab...a224,https://bscscan.com/tx/0x008b0b3a559055fe1dec042fbf4e03376c7f03603634f5c6fa33ea3622d9fa49
2023-03-21 06:13:45,False,0.5062,0.001515,5.80642,0.0088,0x2a...4fae,https://bscscan.com/tx/0x8d3ad1e8377ce18cec8196c4520ef8b96c0ae9219c9fc2123da0ff4cdbf9c9b8
2023-03-21 06:07:03,False,0.5089,0.001516,9200.82,13.9523,0x91...79fe,https://bscscan.com/tx/0xef284fe2d299f32eeb5d2fc1ce04496c89c0d20f742917b3ab189575e4c736d2
2023-03-21 06:07:03,False,0.5092,0.001517,2866.31,4.34869,0xed...4f31,https://bscscan.com/tx/0xed3887a6a9ffca0df0356ee93081eb9b7bae7b0476e92ce42d243d4c9cb5e27c
2023-03-21 06:07:03,False,0.5093,0.001517,2104.3,3.19325,0x4d...74b8,https://bscscan.com/tx/0x5d80deefbe20200c95646458be785572c64f059403354e340b5176014aab4487
2023-03-21 06:07:03,False,0.5094,0.001517,2104.37,3.19392,0xd3...ec6f,https://bscscan.com/tx/0xcd39e010e36ef0306607c27cf0943abac93427052f96f527a30a4a0119a30515
2023-03-21 06:06:12,True,0.5123,0.001525,584.872,0.8922,0x70...8487,https://bscscan.com/tx/0x9b1500a1c505ed2451552f29269a5e36a1e16d34cded5997d8556300ac5138ab
2023-03-21 06:05:45,True,0.5093,0.001525,5967.02,9.1,0x9e...8837,https://bscscan.com/tx/0xb7af7db4d7380a872847b4033d48d4c5b0187ceb03cc7d7cf02707d4acda6e03
2023-03-21 06:04:54,False,0.5092,0.001517,120.603,0.1829,0x3f...573a,https://bscscan.com/tx/0x22bd49af00d918af04da6c1de432e3720b04c266afd9b73e97b811e45fc7e0d1
2023-03-21 06:04:54,False,0.5092,0.001517,3132.13,4.75229,0x62...1f10,https://bscscan.com/tx/0x5ed5eb3cf9f23472cc9a63557500ebcbe56ce53a5d68675a6a3814b2f7296c8c
2023-03-21 06:02:24,True,0.5094,0.001525,12.9766,0.0197,0xeb...272e,https://bscscan.com/tx/0xb199d4d09a53b41d2ddd5ba77f8501a0f111390dfd780984dd96dd44469b6a4c
2023-03-21 06:02:21,False,0.5068,0.001517,20.5214,0.0311,0x52...8d7e,https://bscscan.com/tx/0xaac349d288f79e41c6d9fabe464d3d8635d2f3a0983ef48e9fd22e53f4e7b592
2023-03-21 05:59:39,True,0.5094,0.001525,660.787,1.00773,0x1d...50bf,https://bscscan.com/tx/0x13e0176533798972f78319388464b4ff38e33b24845e52f79839583f0d19524d
2023-03-21 05:56:39,False,0.5066,0.001517,92.0,0.1396,0x88...70af,https://bscscan.com/tx/0xa2ff5f80f0fc1c04f2ae75e00760dfa23e9b2a0f1d1b4109436c106b07ff4cb6
2023-03-21 05:52:54,True,0.5088,0.001525,30.0,0.0457,0xe3...83eb,https://bscscan.com/tx/0xe9a41cae3f97704981950fa6a98fbba7fc7731204855f6d2ca1a9fb3b4334b00
2023-03-21 05:50:18,True,0.5113,0.001525,584.997,0.8921,0x70...8487,https://bscscan.com/tx/0xeed749ece0c461f9220313d707fe3f7a173952958cf7ad1acb862f09a3b0463e
2023-03-21 05:44:54,True,0.5113,0.001524,780.057,1.1895,0xc0...38a2,https://bscscan.com/tx/0x272cdaefbfaa763c77381d8792cdd59eba72f966bc8f6533025fea942320dd46
2023-03-21 05:44:18,False,0.5087,0.001517,5.37762,0.0081,0xfb...a591,https://bscscan.com/tx/0xebff63b116b75222f1de2e48e8aa5343f71c9833f292d14a1d3b1fef65e811e7
2023-03-21 05:42:03,False,0.5065,0.001517,220.607,0.3347,0x2d...8533,https://bscscan.com/tx/0xe78c7b4f7568f00d21fa4a1908a27a68b662ade2eb0c082a44a8f994a6cde8b3
2023-03-21 05:39:09,False,0.5065,0.001517,2175.1,3.30047,0xf2...bfcf,https://bscscan.com/tx/0x484e8af7f4c73b10dbd76f1ac0ee8bf4cef22784c3f608ad2a1bc943d45be378
2023-03-21 05:39:09,False,0.5067,0.001518,6892.26,10.4622,0x0c...8533,https://bscscan.com/tx/0x152fe3316ae17431e2c4c2fb6950a431ba2c3b21a795f1ab6e33163cf10ef262
2023-03-21 05:37:51,False,0.507,0.001518,34.9519,0.053,0xe1...6452,https://bscscan.com/tx/0x068258dc63bfd44dafbdeeab534385ae2864b4f0bb8e566b6d684541ae5d9f0d
2023-03-21 05:35:10,True,0.5121,0.001526,584.966,0.8926,0x70...8487,https://bscscan.com/tx/0x90314343f5c6a42cdd4f039d979ab28d90dd44f923d6084530a467e91ec312ff
2023-03-21 05:34:13,False,0.5068,0.001518,100.838,0.1531,0x7d...4787,https://bscscan.com/tx/0x021c129f6c745a8c98620c27de9eef5a4a4c564ef0378ea44ee0dd72502390b3
2023-03-21 05:33:58,False,0.5093,0.001518,50.4806,0.0766,0x75...8a6c,https://bscscan.com/tx/0xb6e06c203cf18e491d8deb0c85c05dea224de3ee48c7353529547d73ab30fe01
2023-03-21 05:32:13,False,0.5096,0.001518,199.312,0.3026,0xf7...3f4a,https://bscscan.com/tx/0xfd11dbfd9be5f5113664dc68c61aea4fa1d09401df2aec0929ec915aabba6f33
2023-03-21 05:27:04,False,0.5095,0.001518,3.61858,0.0054,0x8a...a9d0,https://bscscan.com/tx/0x62535250e78af723ac4d393f740728cf756e76803782442cf724c34b9127ae00
2023-03-21 05:23:43,False,0.5097,0.001518,5.0,0.0075,0xec...def9,https://bscscan.com/tx/0xef03fa392666643912c5de0a7dee5cf5b44bccb6445df93c979eb50aa7e1d87f
2023-03-21 05:19:19,True,0.5116,0.001525,585.343,0.8932,0x70...8487,https://bscscan.com/tx/0x72962d497d64414af4581c06230fa78903b420b22e4f057bc36405eac1eeb0a2
2023-03-21 05:18:40,True,0.5114,0.001525,4724.1,7.20714,0xa0...cc8d,https://bscscan.com/tx/0xd5197994b7725a0deaa54eeb75078c7432c8e8a6e43d73c46337756c0fa76ddb
2023-03-21 05:18:37,True,0.5112,0.001525,2294.83,3.5,0x52...1c7e,https://bscscan.com/tx/0x58584fcc846a7b2a80f69481ddfb16533cab9e49242b73fb88ef1f771b184972
2023-03-21 05:18:37,True,0.5111,0.001524,2295.27,3.5,0xda...c952,https://bscscan.com/tx/0x67ba205b82112a847ab727faa6e32c6202f26fa4d870fb7afd86a0ed5806f386
2023-03-21 05:18:37,True,0.511,0.001524,2295.71,3.5,0x3f...573a,https://bscscan.com/tx/0x040a668731809b58207c1d3becea75b88b381528a9fba0d700107bfa0a49777f
2023-03-21 05:18:37,True,0.5109,0.001524,2296.15,3.5,0x8b...88f6,https://bscscan.com/tx/0xd8d3ba790362165d76b1ac170c56d59c05b8367361ff0de760143e04129becd9
2023-03-21 05:18:37,True,0.5108,0.001524,1806.9,2.75378,0x00...78d2,https://bscscan.com/tx/0x98d200d94568dca92f517009e2d06699420e21a4eff2afab6313025498110bd1
2023-03-21 05:13:58,True,0.5113,0.001523,1632.6,2.48778,0x0e...7558,https://bscscan.com/tx/0xb0a5f4648ce6c2b746ed95c258a3e9d53f0f468b188017e74ca09462f5b5c34e
2023-03-21 05:12:40,True,0.5111,0.001523,2297.24,3.5,0xda...6e1f,https://bscscan.com/tx/0x47b8bed55793cd7511d2b006814750158af8ef616f1a1b9f8e6ec018d968e200
2023-03-21 05:12:40,True,0.511,0.001523,2297.68,3.5,0x2f...e155,https://bscscan.com/tx/0xea2a243e3791e0dd40bffd56797d4d2389e9099adcc649fc32d0696bf4ac5f3f
2023-03-21 05:12:40,True,0.5109,0.001523,2237.93,3.40834,0xef...cab1,https://bscscan.com/tx/0xf4fcb48c573217c635e4aa63328efd153da0bdc0a94d52106251441e25d7efdf
2023-03-21 05:12:40,True,0.5109,0.001522,389.967,0.5938,0xed...4f31,https://bscscan.com/tx/0x460e2677bf6d62b902381006ebde302cefc6a0aee3446a086576c09eb82fac55
2023-03-21 05:12:13,False,0.5083,0.001515,32.1236,0.0486,0xcd...6be4,https://bscscan.com/tx/0xb358516383fc83ab40df1d128ddd0ecb689ce21c5e1392c039feb2a0f9b7a47d
2023-03-21 05:05:01,False,0.5052,0.001515,11.0335,0.0167,0xa2...5f10,https://bscscan.com/tx/0xd69a64914205ee8c800c69c59551dce7b9e44da89b0b2ad0346cad79ecc5f60f
2023-03-21 05:03:10,True,0.5101,0.001522,587.307,0.8943,0x70...8487,https://bscscan.com/tx/0xebe129f1e7fbed74ed5b80c74bb3a265c6862f4bb4abee7d99b24a1061ff272b
2023-03-21 04:57:19,False,0.5071,0.001515,350.081,0.5304,0x6c...31cc,https://bscscan.com/tx/0x30934ac8da6eac062e22425e8969fc971da2445e3b16f79fc638a243575ed4f4
2023-03-21 04:49:46,False,0.5044,0.001515,100.0,0.1515,0x85...c862,https://bscscan.com/tx/0xbf0dc2f8d2733263f65a1a29c73b6489c7816859a179635fa68d7e99a6c9cd5a
2023-03-21 04:48:37,True,0.5069,0.001522,10.0,0.0152,0xa2...289c,https://bscscan.com/tx/0xfada287f47192df5bb49b46dbe43960f1d04a55badee07dea688d5cde3de2806
2023-03-21 04:47:10,True,0.507,0.001522,587.575,0.8947,0x70...8487,https://bscscan.com/tx/0x093dca55113c40da2104fc76e4319668fce3694b3efc26a7cc833445c0bd56a0
2023-03-21 04:31:09,True,0.508,0.001522,587.308,0.8942,0x70...8487,https://bscscan.com/tx/0x19ce3f42ae95e790a6378a517030db04555250453b3c56cb38fdbcd1e4e9eb01
2023-03-21 04:24:48,True,0.5104,0.001522,2298.87,3.5,0xda...6e1f,https://bscscan.com/tx/0x536e255fb7804fe3534370f5e752e4667fba7aa627f09266e2b66be66f374870
2023-03-21 04:24:48,True,0.5103,0.001522,2299.31,3.5,0x0c...8533,https://bscscan.com/tx/0xfd7de6c78ec189895c363742f5c4b4e550bb9c4208da7dc5aee7aaa58aed5a82
2023-03-21 04:24:48,True,0.5102,0.001521,2299.75,3.5,0x62...1f10,https://bscscan.com/tx/0x7a60cf9315d9c0985b09a14e74619571f40119329917fbbb08b57a7ba0b388ba
2023-03-21 04:21:17,False,0.5071,0.001514,47.3496,0.0717,0xd5...7d28,https://bscscan.com/tx/0x27fd2c3fec0649b8e5f8c1673baf1fce0ad665f8d37d13fa20d5a6b730e214d2
2023-03-21 04:21:11,True,0.5096,0.001521,1182.72,1.79973,0xd3...ec6f,https://bscscan.com/tx/0x99342470d45914abe9830795e4c8f5f5a7a2ee490a6b1ee3c9b4d90a969a28f3
2023-03-21 04:21:08,True,0.5095,0.001521,2481.4,3.77535,0xd3...ec6f,https://bscscan.com/tx/0xc4f6c4c00cd3887086d8765610c0fc9e555ea91293b516007abaa8642bdb604d
2023-03-21 04:20:40,True,0.5094,0.001521,2732.4,4.15634,0xd3...ec6f,https://bscscan.com/tx/0x53ca80bf7fa8ee30bae94e241de40268c0211a7984b4ebaf3283295fb58699df
2023-03-21 04:20:12,True,0.5065,0.00152,15168.0,23.0553,0xd3...ec6f,https://bscscan.com/tx/0x0a5872a587a31e7280ce17ba5d30313202ece06e96188681478a38365bc19ba2
2023-03-21 04:20:06,True,0.5062,0.001519,3.29155,0.005,0x63...477a,https://bscscan.com/tx/0x4efc0513bb1d38258b70b88e2567e053b2d9f5e8f0c6a0a43351d75ca8e96dc6
2023-03-21 04:16:55,True,0.5087,0.001518,3244.9,4.92847,0xd3...ec6f,https://bscscan.com/tx/0x7f365016800d8ba2c7f0c40b7551c82f00cd3e9aad5050c2be3e65bff185825a
2023-03-21 04:16:27,True,0.506,0.001518,3284.3,4.98696,0xd3...ec6f,https://bscscan.com/tx/0x62cdd1d50a4bc042289d13207c03b775cc27e5d9d91bac963fd6f9681ec12575
2023-03-21 04:16:24,True,0.5059,0.001518,3284.3,4.9856,0xd3...ec6f,https://bscscan.com/tx/0xbfccf32e978311dc32e2734c980ee1a4a915b7870c757802b6406657772b12a6
2023-03-21 04:16:18,True,0.5057,0.001517,3284.3,4.98424,0xd3...ec6f,https://bscscan.com/tx/0xb7e7a7946fe91665c5dcd8cf3e704d011a4e91915d611ed82c047a42bd3a0ac0
2023-03-21 04:16:12,True,0.5057,0.001517,588.21,0.8925,0x70...8487,https://bscscan.com/tx/0x5dd0ef8557226882d9a072be4b2106c3c5b8863dd30f8f5882f71d79e0c3427c
2023-03-21 04:16:12,True,0.5056,0.001517,3141.1,4.76542,0xd3...ec6f,https://bscscan.com/tx/0x90a4fa908cf63d830766a8aee4f2c19a459cabbc9f3cbc1355d5810852f10750
2023-03-21 04:16:04,True,0.508,0.001516,3141.1,4.76418,0xd3...ec6f,https://bscscan.com/tx/0xdece0b1f735dd0117144a3a32575bfd184a9cb47cb84e61b3c39492824766123
2023-03-21 04:15:58,True,0.5079,0.001516,3141.1,4.76294,0xd3...ec6f,https://bscscan.com/tx/0x0cbdd2635cc56f6b15924fe664154efc59b1afaacc4018b0f248b3a09a003f3f
2023-03-21 04:15:49,True,0.5077,0.001515,3480.2,5.27567,0xd3...ec6f,https://bscscan.com/tx/0x78e706ff47429b6cdd7a14da23f5471d87dbce7b724c12566297368575464046
2023-03-21 04:15:46,False,0.5051,0.001508,23.95,0.0361,0x73...7534,https://bscscan.com/tx/0xad49f5fd47c2a617d5997324cfbb907ec556496bb2822eb98ce657560ad0a5b9
2023-03-21 04:14:34,True,0.5051,0.001515,2516.48,3.81381,0xd3...ec6f,https://bscscan.com/tx/0x2850db8b22b0760c9027c097acd116a837991f76a814a07368606e0ef231406b
2023-03-21 04:13:43,True,0.5077,0.001515,2309.87,3.5,0xda...6e1f,https://bscscan.com/tx/0x765ee23c988c9f49a3533fa6548c2993879be84de257ca58738b5e3dc08cd847
2023-03-21 04:13:23,True,0.5076,0.001514,3753.1,5.68539,0xd3...ec6f,https://bscscan.com/tx/0x21eee0cb4ed5eb1e49912b2d9c4fe9b72b9e1cf2040fa6e076d93e97d405b502
2023-03-21 04:13:04,True,0.505,0.001514,2741.78,4.15228,0xd3...ec6f,https://bscscan.com/tx/0xde8368b5acb8e06d2e3613d27451fb9b238e239aa03f70bcb726b0acf0bb15fb
2023-03-21 04:13:01,True,0.5049,0.001514,1012.58,1.53326,0xed...4f31,https://bscscan.com/tx/0x4a78583e934d7d7db463ba2e27993c256f5f7129aee9b0ca3cda5167df80987b
2023-03-21 04:11:58,True,0.5051,0.001514,1379.1,2.08804,0xd3...ec6f,https://bscscan.com/tx/0xdd8c222bb423049135908b0e81b2418719773d5c049d5aa910d692614ce15660
2023-03-21 04:11:55,True,0.505,0.001513,1722.8,2.60809,0xd3...ec6f,https://bscscan.com/tx/0xa399999be85b7dc1b8d2301cf2cd202c10e28dd5be2132091408010225f0cec8
2023-03-21 04:11:48,True,0.5076,0.001513,2150.09,3.25442,0x98...5cc4,https://bscscan.com/tx/0x60219c35bb90be90707d9dee23704b1b78d5923901a5327933e072182d00a9c9
2023-03-21 04:11:48,False,0.5053,0.001506,9837.53,14.8207,0x1b...3ab4,https://bscscan.com/tx/0xd7973185e0cd04766c5523118d8b64c9e03f31281fba044cb9f4de5863ba917d
2023-03-21 04:00:25,True,0.5079,0.001514,4256.2,6.44581,0xd3...ec6f,https://bscscan.com/tx/0x9500e1e86ec5b4e246d0ca5272a3799f0e6078154f77b5b37d0a3b164527e07f
2023-03-21 04:00:13,True,0.5078,0.001514,590.276,0.8937,0x70...8487,https://bscscan.com/tx/0x4bffe09f3e4e4d468513acd26800a194ca49385de92316c549626bdc10547369
2023-03-21 03:45:10,True,0.5077,0.001514,590.137,0.8935,0x70...8487,https://bscscan.com/tx/0xf7448214d9bfc746d9b51135921b0c18e644b2443e1e3beba3b906a709afff4c
2023-03-21 03:41:49,False,0.5024,0.001506,13.7763,0.0207,0x7d...a2a7,https://bscscan.com/tx/0xcb92f83c8b899284106b33d0d42c4f3ddfeec69f4521b8910e6b86c824dd89c8
2023-03-21 03:41:13,False,0.5048,0.001506,25.8462,0.0389,0x75...8a6c,https://bscscan.com/tx/0xe574581b0b54ce3cbf9fb63e071dea9a53b18c6a31634a705c01767174e06599
2023-03-21 03:34:04,False,0.5039,0.001506,40.0,0.0602,0x1b...5c84,https://bscscan.com/tx/0x9bb1d9caa43bbb94130d915c38fe56be600555113813ab891205f5cee8025e80
2023-03-21 03:29:25,False,0.5023,0.001506,115.879,0.1745,0xb4...bf80,https://bscscan.com/tx/0xe0e72c5982c7da2870224a695748676c58e2a186ef6696150bbbdaab283fd3bc
2023-03-21 03:29:10,True,0.5074,0.001514,590.916,0.8946,0x70...8487,https://bscscan.com/tx/0x63da3c53bee70dd9397b47b8713d98fdbfac437d14b107832c51c49e697b7e07
2023-03-21 03:22:22,False,0.5047,0.001507,9264.09,13.961,0xf8...8086,https://bscscan.com/tx/0xefe35015c12ee8704bfa9cfb2fa8ef52d177b1919c23d532f2a4bca33b48e9c0
2023-03-21 03:22:19,False,0.5049,0.001507,30.443,0.0459,0x02...2d77,https://bscscan.com/tx/0x6a125a3c971a8695be8f42f35833ba4a21fb9ebef7fa9265be0120024cb8dc87
2023-03-21 03:21:46,False,0.5024,0.001507,50.0,0.0753,0x74...6ad9,https://bscscan.com/tx/0xe938167fbb763486c641e348cfd261fffdce960e18797ec8cadde5c377604de4
2023-03-21 03:20:37,False,0.5027,0.001507,215.0,0.3241,0x36...d127,https://bscscan.com/tx/0xa6551234dd786de8dbe433e03da2b9bc32510377523115bc0a94c01f520f2923
2023-03-21 03:17:13,False,0.5027,0.001507,27.2107,0.041,0x75...8a6c,https://bscscan.com/tx/0x9b8bd00676ad52974df80a60ef80bfb30b4e5a76f23e44e17800da85ffd4040a
2023-03-21 03:15:01,True,0.5084,0.001515,4.41798,0.0066,0xd3...ec6f,https://bscscan.com/tx/0x184f0ada084062e86c242ca144fd43f908ff560277e8d61d376eac0fd7de75e9
2023-03-21 03:15:01,True,0.5084,0.001515,3534.9,5.35525,0xf9...5ebf,https://bscscan.com/tx/0x3872a1d1c0de687fac7ff83bec680c566314f8192fa776d24ded703cf119561d
2023-03-21 03:14:55,False,0.5057,0.001507,78.0627,0.1176,0x3c...cfd2,https://bscscan.com/tx/0xc7731805717e726242b2b6e5a9e195e604bbcc829a9df2da4e31c4a94c6c1ed5
2023-03-21 03:14:13,True,0.5085,0.001514,589.403,0.8927,0x70...8487,https://bscscan.com/tx/0x79aad6ffd155e4acf06f2207e7a3dffa5519298fe1fe48335ea35deb2c394727
2023-03-21 03:12:29,True,0.5087,0.001514,79.221,0.1199,0xce...3352,https://bscscan.com/tx/0x6dab794d5003d625c3f7804dde0661f07a0a6d7a49997a76bdd1a21f0732198b
2023-03-21 03:10:00,False,0.5061,0.001507,50.003,0.0753,0x75...8a6c,https://bscscan.com/tx/0x37aa69b842b46471cb8bb60d0c6dea6e72b4aebd4520eb28caef05901962fdf8
2023-03-21 03:02:55,True,0.5056,0.001514,32.7221,0.0495,0x74...a19a,https://bscscan.com/tx/0x611878ddebf573e6346b2bb5b0649e4c21b8a9a27bb04e5c211dcc0605beffa7
2023-03-21 03:02:34,True,0.5058,0.001515,19.4104,0.0294,0xdd...ebcf,https://bscscan.com/tx/0x88acb029e1ec4d18ccc9cc5d067e143f7f0a883c701bd0e1cab8c3dd291d9fa3
2023-03-21 03:01:52,False,0.5032,0.001507,8.0,0.012,0x0b...6b4e,https://bscscan.com/tx/0x93133c13217993b8eaa82fd3c395f6c38986990786dbef6792837cb4baf5e450
2023-03-21 02:58:10,True,0.5087,0.001514,588.616,0.8915,0x70...8487,https://bscscan.com/tx/0x3026bca17b5b1f6c7eabdfb1db226c3e0ee483c11a3814ff7f6a7a0a754d095b
2023-03-21 02:53:22,False,0.5036,0.001507,28.4,0.0428,0xdc...c79d,https://bscscan.com/tx/0x3b534fb12b3afba32693c4dc045b520d6a4d2971f1caee3fdee558bbe91603be
2023-03-21 02:51:31,False,0.5038,0.001507,27.5211,0.0414,0x04...3568,https://bscscan.com/tx/0x3c325dc5057a2044fef1b06707f590323e6ab30a0f448b3fb4938c6c489b1982
2023-03-21 02:46:43,True,0.5088,0.001514,21.6042,0.0327,0xfa...537b,https://bscscan.com/tx/0xea722d64b18d3e09864efc95a5a93edd80e71923a1f423edc4750e589c15f607
2023-03-21 02:43:01,False,0.5064,0.001507,1679.25,2.53086,0xb1...1bfc,https://bscscan.com/tx/0x9811e4553b2f232d683e7042ef9bb4441e2ad00e9fc9bbb28d7717829e356694
2023-03-21 02:42:19,True,0.5083,0.001514,589.189,0.8924,0x70...8487,https://bscscan.com/tx/0xd5ca70232067bd1cecc3678169b5617ea7ce1aeaedf5d212f8872e54ee7d59b2
2023-03-21 02:39:28,False,0.5023,0.001507,10.0,0.015,0x28...6de9,https://bscscan.com/tx/0x87b08922dc06425a4dd4a05805930f5995c503f13b59b41f3aa8169b00a0bde5
2023-03-21 02:37:19,False,0.5043,0.001507,11.43,0.0172,0x17...f88b,https://bscscan.com/tx/0xace4bbe4271362f847f4f9172f9ce3ab97150338fecd4a287a3ab1f0f19a6679
2023-03-21 02:37:13,False,0.5046,0.001507,12200.0,18.3968,0xb1...1bfc,https://bscscan.com/tx/0x59f49556ad4dc7f7fca702cc3a89d8b3f819118223de0109ff2e45478cd0dd61
2023-03-21 02:36:43,False,0.5046,0.001508,1502.3,2.26665,0x00...78d2,https://bscscan.com/tx/0xf54be09598789ad49dbd8ea4820d2b248e5b83166c5d1ab69aa8c76aeb0dc5c0
2023-03-21 02:36:19,False,0.5021,0.001509,2382.96,3.59596,0x00...78d2,https://bscscan.com/tx/0xf55275780007f1bc5717f11ceb65e99ce167695e713a5edf1b7a7b24a7a9a6d4
2023-03-21 02:36:10,False,0.5022,0.001509,3668.5,5.53727,0x95...13b9,https://bscscan.com/tx/0x2338fd671afdabda4c45c94d2146aa5675b4ede841a101fe557a3d773d33d8b2
2023-03-21 02:34:30,False,0.5046,0.001509,1560.56,2.35604,0xd3...ec6f,https://bscscan.com/tx/0x4ee88c6c48ec6d300358a2e437f6004ef3273aebb4645138e50666db01518358
2023-03-21 02:34:27,False,0.5047,0.00151,2378.24,3.59109,0x00...78d2,https://bscscan.com/tx/0x4df72a5733aebd06fd9b709d9c433229418718c517841ea6cc0c78583f25321a
2023-03-21 02:34:27,False,0.5048,0.00151,5347.65,8.07743,0xd3...ec6f,https://bscscan.com/tx/0x58cb4c22a3b3d17a608e5d3d01ba61a83bf4dec950c8e419994b0a6f3166c23f
2023-03-21 02:34:08,False,0.5049,0.00151,13.23,0.0199,0x47...585d,https://bscscan.com/tx/0xd849290c42a2b72119c3ff93f62fa17710cf6d437f89f6bd2683027b33bd88bc
2023-03-21 02:33:32,False,0.5049,0.00151,29.8566,0.0451,0x8a...22b6,https://bscscan.com/tx/0x2678ef3af225c47cb365b8217cecb8aed876dd64a0b559b9c20004aca22fd147
2023-03-21 02:27:11,True,0.5048,0.001518,590.124,0.896,0x70...8487,https://bscscan.com/tx/0xaef93a2aa8b6121826d621c1f274b4446f7918329d23681f8e255997450f9d77
2023-03-21 02:17:41,True,0.5067,0.001518,830.454,1.26084,0xdd...ebcf,https://bscscan.com/tx/0xe84e9f7093b729351a0281dbefd93329cc87997eaefe7fa65d06de576358d036
2023-03-21 02:16:01,False,0.5016,0.00151,12.0,0.0181,0x02...3562,https://bscscan.com/tx/0x88622e8cfa6e1b5de5fc52ab1f3a4d99f65d0575d4e3ba08ea2c3db8da4a1a56
2023-03-21 02:12:10,True,0.5052,0.001518,589.641,0.8951,0x70...8487,https://bscscan.com/tx/0x6aa736073e79181887078442d13231053d76e08aacc26552380e9add11672010
2023-03-21 02:08:46,False,0.505,0.00151,84.0,0.1268,0x3d...3d57,https://bscscan.com/tx/0x1e380c0ec550f5fd104961cc9b403f35ac5ae7c8d99ac8c3a327959d7110b2c3
2023-03-21 02:07:01,False,0.5051,0.00151,15.013,0.0226,0xb4...6d63,https://bscscan.com/tx/0x39d617c940c2c40cc324f1f3d5524c141b1807b85ca026a97855722aeaea17f7
2023-03-21 02:04:31,False,0.5055,0.00151,50.0,0.0755,0x8d...d19e,https://bscscan.com/tx/0x7ba9dad6a6e8386292bfc7c03298a8d0d653cdd5ccb9323780f12eb2a982f35d
2023-03-21 02:00:07,True,0.5086,0.001517,3617.79,5.49153,0xd3...ec6f,https://bscscan.com/tx/0x7a359f57af2aeb0a50658f43618aa323e88d7a1c949ff31564e74377af7a82d0
2023-03-21 01:59:40,True,0.5062,0.001517,3275.22,4.97011,0xd3...ec6f,https://bscscan.com/tx/0x3cf6cce7d23f8135272eb388fa882ea1198936184c4886b785bc473cc6d22fb3
2023-03-21 01:56:10,True,0.5065,0.001517,588.736,0.8932,0x70...8487,https://bscscan.com/tx/0xacfb1b9a0a5fe318d86703cfb232aa8beacda688353dec19efc7a4d89e4f3349
2023-03-21 01:54:10,False,0.506,0.001508,11.0,0.0166,0xb2...fbcd,https://bscscan.com/tx/0xf57ddbcb2899d07e3ac0c94fb317ef123f50df48cbb1d69e9c07f08fb4053762
2023-03-21 01:50:49,False,0.5062,0.001509,4.0,0.006,0x6f...c51b,https://bscscan.com/tx/0x78664b3c643d333cf8819529e4b5e456cd6752ac30157be8715ebcba221ddab0
2023-03-21 01:45:28,True,0.5064,0.001517,17.0,0.0257,0xb9...2e12,https://bscscan.com/tx/0x8375ae8ffb4e061476f10f7a8d631e51455c378780b8b32f76f3c1f237171b31
2023-03-21 01:41:13,True,0.5063,0.001517,588.355,0.8926,0x70...8487,https://bscscan.com/tx/0xe91260d57fa497938bbe5de63fcfde378d4515526ed5df39e3e84ea23a2d361c
2023-03-21 01:31:09,False,0.5022,0.001509,213.945,0.3229,0x0b...56ac,https://bscscan.com/tx/0x5d5c057472fe8017473a0ccc22d925401971128c0acc5767b99ef88ac1760bb0
2023-03-21 01:29:45,False,0.5021,0.001509,9.30152,0.014,0xf7...3cc9,https://bscscan.com/tx/0x2aede44eace27a5debb4779795c1d95143775477c637db9f21c9d33a71ecdbd7
2023-03-21 01:26:18,True,0.5068,0.001517,590.63,0.896,0x70...8487,https://bscscan.com/tx/0xc430fb0e5488f26e01167979f9ea70908f5255f268c3f33b1281bc3f2918d8a7
2023-03-21 01:25:27,False,0.5019,0.001509,100.794,0.1521,0x89...fa67,https://bscscan.com/tx/0x4c940379e3ee552d5b208e9f3204ee8dd1dc38c9b165827598852418d54cf8f9
2023-03-21 01:11:15,False,0.5027,0.001509,99.7112,0.1505,0x03...534c,https://bscscan.com/tx/0xaaba05c25a182ebf96fac016ffa3da56d97e26efe3b2a178fc6c923d156f8f31
2023-03-21 01:10:54,True,0.5054,0.001517,34.7322,0.0526,0xdd...4cd0,https://bscscan.com/tx/0x65a329ed2c132522526d2d198a4b31f7a859542a4ebab78e6302bfff6bed45fa
2023-03-21 01:10:18,True,0.5028,0.001517,592.059,0.8982,0x70...8487,https://bscscan.com/tx/0x33a73aad2671e630f0b636546f45b7da72909920274ce93db1216b1b413e8529
2023-03-21 01:09:54,False,0.5004,0.001509,2397.24,3.6189,0x00...78d2,https://bscscan.com/tx/0xc2fa709c60b9e472bdac9f675560fc60f7951bee5bc6efc6ed5a005e16fb241a
2023-03-21 01:09:21,True,0.5055,0.001517,100.0,0.1517,0x3d...3d57,https://bscscan.com/tx/0xdf9fd25e06d5836f1bee53d2590d4d8a31e03a59837dbaf652ef5da365bc4775
2023-03-21 01:06:03,True,0.5055,0.001517,39.1646,0.0594,0xa8...1f41,https://bscscan.com/tx/0x06dfd681ab3ba2bd80a385451fb941fe0a11fb24ec1df2632db840382f979f18
2023-03-21 01:05:48,False,0.5029,0.001509,31.0,0.0468,0x02...db7f,https://bscscan.com/tx/0x1d43d74771a55b78a693e9b5d848fab42ae1cbac88639a0d9b8088145d082ccc
2023-03-21 01:04:48,False,0.5004,0.001509,71.4443,0.1078,0x4a...9895,https://bscscan.com/tx/0xbd94c52df79e6a9d1bc93a85168af79c45954a544e37068300f516bd1835c776
2023-03-21 01:02:15,True,0.503,0.001517,9.30152,0.0141,0xf7...3cc9,https://bscscan.com/tx/0x6f0b65a8f0a70cc973e3df54d0eeb6ef08409b9ba32719c36336069f180c2d0f
2023-03-21 00:59:06,False,0.5029,0.00151,5029.19,7.59442,0xd3...ec6f,https://bscscan.com/tx/0xf1dc4f54fa70dac84690bd9ca711cffac9620c2f5c148775c904a7aa1d075c89
2023-03-21 00:58:45,False,0.5031,0.00151,5257.95,7.94324,0xd3...ec6f,https://bscscan.com/tx/0x216cf03fd6ff34c3143a8db565ccdcb52a3d2312d6abe3ffda44d8ebc2ef1d6a
2023-03-21 00:58:39,False,0.5033,0.001511,2387.7,3.60826,0x00...78d2,https://bscscan.com/tx/0x81949ae767d5a5b9ad63b6db2e126fa14659334415d75b5409214ce3bcf3c1b0
2023-03-21 00:58:39,False,0.5036,0.001512,10023.8,15.1556,0xd3...ec6f,https://bscscan.com/tx/0xce3e70446b0a9286dd5f18113c039884e996882154e17b9402da1b48ad856c4b
2023-03-21 00:55:12,True,0.506,0.00152,591.008,0.8984,0x70...8487,https://bscscan.com/tx/0x8ac4e29b72889d0b9d081be7f69dd0ab2d82c5ffe9312aff9d87c6abc4aca787
2023-03-21 00:54:48,True,0.5057,0.00152,50.0,0.076,0x3d...3d57,https://bscscan.com/tx/0x314e8bb14fff9a305ea89930aaacee556bebdf722a7fc2c05757dd1ff92b587c
2023-03-21 00:54:24,False,0.5007,0.001512,2157.74,3.2639,0x98...5cc4,https://bscscan.com/tx/0x79cd22590c654762c0523ef66dbc7a38ef425035ba40526347d5ea07b64270e9
2023-03-21 00:54:24,False,0.5008,0.001512,2575.6,3.89674,0xd3...ec6f,https://bscscan.com/tx/0x156e8103b1bae86feb1a0544a38b026809fb9b95817f0554d699aa462a68c784
2023-03-21 00:49:09,False,0.5039,0.001513,143.245,0.2167,0x95...28f3,https://bscscan.com/tx/0x5df6cf7ac45118f862778abed2f59dd34921bbe0e01eb118aab53aaddcb45008
2023-03-21 00:48:27,False,0.5041,0.001513,1829.45,2.76839,0xd3...ec6f,https://bscscan.com/tx/0x9023f20347e4f82aa562d4fea550e71445ec6ef1b563a60e458b49145c15af72
2023-03-21 00:48:21,False,0.5017,0.001513,570.489,0.8633,0xed...4f31,https://bscscan.com/tx/0xa570ca15177c8ef8a7fa2f6b776b8673732b65f2144f4269fddf16cced56f4ea
2023-03-21 00:44:42,True,0.5083,0.001521,19.7236,0.03,0x3d...3d57,https://bscscan.com/tx/0x234230ab67d6d13c0529bb170c3d9aae9a0b626f88247fd7d8e892b7a3527759
2023-03-21 00:43:57,True,0.5059,0.001521,179.844,0.2735,0x95...28f3,https://bscscan.com/tx/0xe1ad00e58da2c6a7848805190f6aa2c3c3e6a4470e1a1608821efd9179be4dd6
2023-03-21 00:39:21,True,0.5064,0.001521,587.65,0.8937,0x70...8487,https://bscscan.com/tx/0xf0a498b255254ba662cc011b2044207612edacd92c0b497b9a148a378dfb798b
2023-03-21 00:36:57,False,0.5043,0.001513,1.0,0.0015,0x15...df10,https://bscscan.com/tx/0x7f786040dc1b841b8095b997d0f0d5eb517a36f2c2f58ba0f66910e156da6751
2023-03-21 00:32:46,False,0.507,0.001513,48.864,0.0739,0x44...d7ca,https://bscscan.com/tx/0x2b212b6ffa422683d7e1953d55c2773c544ba99fe43b210d447741e97b95e639
2023-03-21 00:32:34,False,0.5044,0.001513,14.278,0.0216,0xb8...9548,https://bscscan.com/tx/0x0ecb419dd4a3748117bb16d2c49b880e911f10cccced45cc02f68576d1926aa8
2023-03-21 00:31:52,True,0.5068,0.00152,99.7034,0.1516,0x3d...3d57,https://bscscan.com/tx/0x8a95d705cf4076271c217a2f898ce6337511b1d55a4149b44d595ca6a285b7c2
2023-03-21 00:25:19,True,0.5073,0.00152,48.9635,0.0744,0x76...0f68,https://bscscan.com/tx/0xd70fa42b85d765856c8f7eac702867854ba79cda4ca20f2dcac554837b709545
2023-03-21 00:24:19,True,0.5098,0.00152,587.524,0.8935,0x70...8487,https://bscscan.com/tx/0x518f1ee3070a250f45fdf1fcb61ccedd170b4ec6e2917ba68ad36a48d2d2baa6
2023-03-21 00:21:28,True,0.5096,0.00152,1180.0,1.7945,0xd3...ec6f,https://bscscan.com/tx/0x0ac240ebeec7e49a3b153a09cb4c5c9429fe94b1d524411ed544c9f31aa2acb6
2023-03-21 00:20:25,False,0.5071,0.001513,150.0,0.2269,0xeb...ba30,https://bscscan.com/tx/0xe19af61c8b4bf6685b3347285a595a65a07a314d2d51027ab967bf8a82d94a64
2023-03-21 00:16:04,True,0.508,0.00152,2188.57,3.32786,0xd3...ec6f,https://bscscan.com/tx/0x2d7e491a4a3319f4cd06c7493cd38f72ec27a7d6200862c9bf33b168311af10a
2023-03-21 00:16:01,True,0.5079,0.00152,1014.0,1.54165,0x2c...015a,https://bscscan.com/tx/0x9bf27e508e72ff574986cf5e6c86c795e7bab42e0b048bd527537f585cb0e613
2023-03-21 00:15:58,True,0.5079,0.00152,1014.0,1.54152,0xd3...ec6f,https://bscscan.com/tx/0xecc400d0164d6f02ce232e4216703a7a0552fd90a074de0139702ac1cfe1af93
2023-03-21 00:15:55,True,0.5078,0.00152,3079.7,4.68108,0xd3...ec6f,https://bscscan.com/tx/0xbb0a6e9426564a34968697cefded113b35d048fcf6e811ecaed2d2da601ca4fd
2023-03-21 00:15:52,True,0.508,0.001519,1181.4,1.79539,0xd3...ec6f,https://bscscan.com/tx/0xdd0c09bcd0f7ad2369c8344388288652425ec7733a6b5de259dd5dd46ac94112
2023-03-21 00:15:46,True,0.5079,0.001519,1181.4,1.79521,0xd3...ec6f,https://bscscan.com/tx/0x076e24e2faf83a2b621dab9cd7972bbea0231e9e0f21a1d3fa63baf4b87b1b25
2023-03-21 00:15:43,True,0.5079,0.001519,1181.4,1.79503,0xd3...ec6f,https://bscscan.com/tx/0xa29c1c0380ce5bfd6fc1516742fbe0fad4014c1d3814d838bfc591d30a6b221e
2023-03-21 00:15:40,True,0.5078,0.001519,3227.5,4.903,0xd3...ec6f,https://bscscan.com/tx/0xdd03d3fac12136c42b415327681d2aa3330dc104883c9935236c991281fceec7
2023-03-21 00:15:37,True,0.5077,0.001518,2644.51,4.01638,0xd3...ec6f,https://bscscan.com/tx/0xd66535d36eb63661063f4a64cea2f9b4e9b14f3715565b4d734cdd5e22ce8651
2023-03-21 00:15:31,True,0.508,0.001518,1281.4,1.94583,0xd3...ec6f,https://bscscan.com/tx/0x8d4da78285ad80bfe7b6ba3ebf2ef3bbc63a48738f80568ae3270030b45d1709
2023-03-21 00:14:22,True,0.5083,0.001518,1250.9,1.89931,0xd3...ec6f,https://bscscan.com/tx/0x1c58cb85589c989ce224c61ee4e7785bfce79990c81ddd3218f163f198bbb68b
2023-03-21 00:09:47,False,0.5084,0.00151,63.4036,0.0957,0x7d...8ff5,https://bscscan.com/tx/0x5769d4ae75d6bf52bf02c2aecd2ce5e38aab8abb7e774cb522c028c1fe1f91e2
2023-03-21 00:08:35,False,0.5056,0.001509,30.0,0.0453,0x5c...4731,https://bscscan.com/tx/0x7ff2dbaed8d33062d15ea378aecc8ccdc7e845d7c20afeafc4d48b7dd7239d18
2023-03-21 00:08:26,False,0.5058,0.00151,10.0,0.0151,0x7d...8ff5,https://bscscan.com/tx/0x746bd35d87c7f3fe613c29efbdca1d4c6a1088ac66a0e34c14f08750254aea7c
2023-03-21 00:08:17,True,0.5112,0.001518,2691.7,4.08633,0xd3...ec6f,https://bscscan.com/tx/0x1bf01b98d294aa3ed92d04df8327288a247f00e8cb319bd470046f9d57a000fe
2023-03-21 00:08:11,True,0.5112,0.001517,585.363,0.8885,0x70...8487,https://bscscan.com/tx/0xa20c72f8cdb74f35e173325f7d2141195b8deec2b494d5234340a33582958dbc
2023-03-21 00:07:59,True,0.5085,0.001517,2691.7,4.08522,0xd3...ec6f,https://bscscan.com/tx/0xd586374f06e20ce5815832f24c294d99df1505c6daff66750efa0cd91760a1bc
2023-03-20 23:55:44,False,0.5085,0.00151,10.0,0.0151,0x9c...aea8,https://bscscan.com/tx/0x3fff0920cae52d576bad84a8aeb0bea0d426c026ef6622f55199df5282715e6d
2023-03-20 23:53:11,True,0.5085,0.001517,585.392,0.8883,0x70...8487,https://bscscan.com/tx/0x93e736f81fdf9a0f2d8341d23bb7824a7942b0a5b75ee6dccc1f899c4774a1bb
2023-03-20 23:52:50,True,0.511,0.001517,115.512,0.1752,0x50...eef6,https://bscscan.com/tx/0x32cf213ab2182b9b21bc738853031702eb32569aff930bf289a21db1dc68b217
2023-03-20 23:51:38,True,0.5087,0.001518,45.7034,0.0693,0x7b...8cff,https://bscscan.com/tx/0x54b449506e951af2989e8a234ff4f741bc8ab5475fdfc365d76a3ae49120dcb6
2023-03-20 23:49:02,True,0.5111,0.001517,430.436,0.6531,0xfc...5bc6,https://bscscan.com/tx/0x107bc5cf76c91cf7d93c35b7ac6efd9e974dd93b95d50e6d5cb4a8c2bb13b584
2023-03-20 23:44:20,False,0.5056,0.00151,2367.21,3.57441,0x05...7eea,https://bscscan.com/tx/0xf0182793065d7f91f0c83752f421337b044741481a6a8db0b8554a6e3b076e08
2023-03-20 23:43:08,False,0.508,0.00151,1166.8,1.76208,0x00...78d2,https://bscscan.com/tx/0xfc35cd65d6421c6adfce3a7597b8a10034025f14f166b17b8fac63534828fff4
2023-03-20 23:43:02,False,0.5081,0.00151,293.557,0.4433,0x43...d70c,https://bscscan.com/tx/0xfaa1608df4cabf6cff158e6726735ef44ea2af5cd3e640cfa47e1f63df8e7ca8
2023-03-20 23:41:11,False,0.5053,0.00151,11.153,0.0168,0xb0...add3,https://bscscan.com/tx/0x4cad07576f41055d37cad3aa27e7b3a0eca4c742828995554f2611650df9db87
2023-03-20 23:37:11,True,0.5081,0.001517,586.196,0.8897,0x70...8487,https://bscscan.com/tx/0xd281105c0723eb9e8db99a147f376a42ea706a4226ff8a7c2beb3278cb02a154
2023-03-20 23:31:35,False,0.5081,0.00151,123.873,0.187,0x4d...69df,https://bscscan.com/tx/0x7334e296dde615c4d44a97d057dfa376c4b099c9fbd2cbbad769eb83709c9489
2023-03-20 23:31:11,False,0.5056,0.00151,2371.89,3.58247,0x09...18f7,https://bscscan.com/tx/0xdb9ad0b8764d70ee3d8cf7c5f245d459a8728adf5daa3f4a4c918916b3f7f899
2023-03-20 23:28:20,False,0.5081,0.00151,2369.55,3.57964,0x00...78d2,https://bscscan.com/tx/0xe29fb30bde35544d39e709d2752f8d50a8c283876d3a0b767e92f541bc91fc9d
2023-03-20 23:26:50,False,0.5058,0.001511,2368.8,3.57921,0x00...78d2,https://bscscan.com/tx/0x7bd266b18d416e88f5bf62f174cbefdbd35f2f49c772dfe58ca5328f9a307043
2023-03-20 23:26:23,False,0.506,0.001511,2368.85,3.57998,0x00...78d2,https://bscscan.com/tx/0x920e045f795ebc9a65fe4a5c7201fe690ae7d32db25ed0cba33d017428d1e550
2023-03-20 23:22:17,True,0.5112,0.001519,585.596,0.8895,0x70...8487,https://bscscan.com/tx/0x07eb22861c7414964408311fc880fc1d37523a8cab835c9786a1bd0e5db98575
2023-03-20 23:21:26,False,0.506,0.001511,797.869,1.2059,0x26...0dd3,https://bscscan.com/tx/0x9042f8f7ffa9559161fe1966a17755c8d190e60266925292bde352863b96f0bc
2023-03-20 23:21:02,True,0.5086,0.001519,20.0,0.0303,0x52...2d92,https://bscscan.com/tx/0x7711eafbdae6f8048294d9faee34876eda4b13ffc507264880e46f1704f0ff50
2023-03-20 23:19:23,False,0.506,0.001511,508.5,0.7685,0x2c...015a,https://bscscan.com/tx/0x9c260550751cab63e03d7ba8c7479b39bb9f75c5b6631326b7087f2bbd4f6f7a
2023-03-20 23:19:20,False,0.506,0.001511,503.8,0.7615,0x0e...7558,https://bscscan.com/tx/0x240011c3b86863d09e62f80832268f29f866f12ccc726ad4fe5217b653745414
2023-03-20 23:15:35,False,0.5084,0.001511,428.9,0.6483,0x4d...74b8,https://bscscan.com/tx/0xbe54dc022c244f07906494493b398bce584eca7dfb26a56ccbcaaf86225eb192
2023-03-20 23:13:50,False,0.5085,0.001511,116.444,0.176,0xe5...92e7,https://bscscan.com/tx/0xdde919edfe88a41c895bbd0923321e7ead337c6ccd5ba001864c76badc86e3e5
2023-03-20 23:13:47,False,0.5085,0.001511,24.0,0.0362,0x55...8243,https://bscscan.com/tx/0x363501b7065d89b8940af249ded87f4ce37dae360fb6c88feb0b6aa0eae57bfd
2023-03-20 23:12:59,False,0.5085,0.001511,438.6,0.663,0x7a...c707,https://bscscan.com/tx/0x9ba7ff50145844f443be0e3a716c9b5e5aa2f961e79daade945c95e6b0094f28
2023-03-20 23:09:05,False,0.5053,0.001512,5055.63,7.6442,0xd3...ec6f,https://bscscan.com/tx/0xcb02bf144e3f9b0c4f5d23addb790888bd0e05530a8bee9ddd29afaac11250e0
2023-03-20 23:08:47,False,0.5079,0.001512,3781.22,5.71935,0xd3...ec6f,https://bscscan.com/tx/0x6d16b9e22c5831caa1e17f4576dfb7695292d132e0c90204cda26c51a64a934d
2023-03-20 23:08:17,False,0.5082,0.001513,7929.64,11.9999,0xd3...ec6f,https://bscscan.com/tx/0xe3dd467d6130d5a7367fab8b6591303608a01b76b3475cec691b3bfb82fd4eb9
2023-03-20 23:08:14,False,0.5085,0.001514,8090.97,12.2522,0xd3...ec6f,https://bscscan.com/tx/0x60c10c460bf2cb9cb54a52994810937e189999843fbadb146b14ccbc128ad7e4
2023-03-20 23:08:11,False,0.5088,0.001515,8155.4,12.3581,0xd3...ec6f,https://bscscan.com/tx/0x5c9fc506622b97ba04b10cabf1e5a4d50809d2d940de95c86755e7bd26997d98
2023-03-20 23:07:35,False,0.5089,0.001516,3744.33,5.67667,0xd3...ec6f,https://bscscan.com/tx/0xe79311157b98198b61a804f9115bdbde7760bf0f5dcd4a52bb6277cfcc41d0b8
2023-03-20 23:06:17,True,0.5112,0.001523,585.207,0.8917,0x70...8487,https://bscscan.com/tx/0xfdc5b14cad79292cca30c5dc18016d1514cddac72687fbeef32524103a0db7e3
2023-03-20 23:06:11,False,0.5087,0.001516,3594.38,5.45073,0xd3...ec6f,https://bscscan.com/tx/0x2a83f06368f4f09c8ebbb58fea7739666f95d1231a79720f4e2b6e19009d229c
2023-03-20 23:06:08,False,0.5089,0.001516,3594.96,5.45324,0xd3...ec6f,https://bscscan.com/tx/0x6bdc49b068b0a9f9547717f0c8dbb117c38d358c2040a991f44b07909ef74a4b
2023-03-20 23:06:05,False,0.5063,0.001517,3556.51,5.39652,0xd3...ec6f,https://bscscan.com/tx/0x0e334b02bd88c7a965a838035cd48996a8529abdca924df9e39fb7fa195f352c
2023-03-20 23:05:59,False,0.5064,0.001517,38.8846,0.059,0xb8...7e50,https://bscscan.com/tx/0x4436bfc7dbcd8c4477390467a5623b29e7ad5732fb3b53c65967e2e28aae1530
2023-03-20 23:05:47,False,0.5089,0.001517,3597.39,5.46019,0xd3...ec6f,https://bscscan.com/tx/0xcc99f1c12bfbb869f9a2817bf0eb904e936ad7c3719474f941dae1ce8a1ea9c1
2023-03-20 23:05:32,False,0.5065,0.001518,2471.02,3.7515,0xd3...ec6f,https://bscscan.com/tx/0xd9cbbb46b7be38bc37c163a36b3a3afd37ec7268933fb9853461308064f12c5b
2023-03-20 23:04:14,False,0.5063,0.001518,3.27351,0.0049,0x75...234d,https://bscscan.com/tx/0x196d2d219d3382bd763d7c1c4908e16bda0c35a1caccfbff9f48b93d8b111dcc
2023-03-20 23:03:19,False,0.5088,0.001518,614.8,0.9335,0x3e...a7c8,https://bscscan.com/tx/0x3d0977abbb25e5f0fe82f99f4868cc4888549258769feff6ba3c8bbcc65256b7
2023-03-20 23:03:16,False,0.5088,0.001518,369.937,0.5617,0xd3...ec6f,https://bscscan.com/tx/0x3e0135be36d60ab72fe18621c3d098d75473197023cb57e4b1f5156ce3cca09a
2023-03-20 23:03:12,False,0.5088,0.001518,369.994,0.5618,0xd3...ec6f,https://bscscan.com/tx/0x57487d8314864b8e7a9086be61033c39e02ba4376ccb9284408a6d149afaefa7
2023-03-20 23:03:09,False,0.5088,0.001518,370.025,0.5619,0xd3...ec6f,https://bscscan.com/tx/0xeaf215cf937bf66bd888dc8821028a2c387949ecc06de70e8fc68045053ecbfe
2023-03-20 23:03:06,False,0.5089,0.001518,370.014,0.5619,0xd3...ec6f,https://bscscan.com/tx/0x7218940bc6d4c2c8eb389ddc553a4f037dd68caf599f64a6b878cc09d1577e2a
2023-03-20 23:03:03,False,0.5088,0.001518,218.428,0.3317,0xd3...ec6f,https://bscscan.com/tx/0x9a1cfbafe31db8bbab552126dacde3e7c3ea8a5b5720d735dc67bdcc7f5b02fa
2023-03-20 23:02:54,False,0.5088,0.001518,581.86,0.8836,0xd3...ec6f,https://bscscan.com/tx/0xa8fe6018065684d607a642f7c96432de0d2c80145de03336d8b094296ba06fdc
2023-03-20 23:02:50,False,0.5063,0.001518,581.832,0.8836,0xd3...ec6f,https://bscscan.com/tx/0x779845217bd693294d800e81bb221716510afb7f5b17fc0b33cd1fe05fc3c2a1
2023-03-20 23:02:47,False,0.5064,0.001518,362.544,0.5506,0xd3...ec6f,https://bscscan.com/tx/0xe8ab567c13a762b1dbcab82fe7484518f1c946ad1a3aef3473dcbe61f4a70be7
2023-03-20 23:02:11,False,0.509,0.001518,261.658,0.3974,0xd3...ec6f,https://bscscan.com/tx/0x58af153a9f60ed34d4b52ccd06553a86960d67cd33304655166793e277dd1d9b
2023-03-20 23:02:08,False,0.509,0.001518,261.652,0.3974,0xd3...ec6f,https://bscscan.com/tx/0x7dfb02e31f9e9632138ce7a40a6e385032a4da56bf39a9539a8cbc57e7397751
2023-03-20 23:01:59,False,0.509,0.001518,26.0,0.0394,0xe9...6073,https://bscscan.com/tx/0xfcc8429010706f10ef1b52949b4583aa46bbcdfb2a0c05ed4fed5c13b85a5271
2023-03-20 23:01:23,False,0.5065,0.001518,372.9,0.5664,0xb3...55e7,https://bscscan.com/tx/0x88471a695e7b6aca94b06791974cfb02974f499f36d5a5cd83278bbfb5a9e507
2023-03-20 23:01:17,False,0.5065,0.001519,347.3,0.5275,0xa0...cc8d,https://bscscan.com/tx/0xfab4edb351103ec20f7f13d86cc7e8d400464ecb124f77a7b0333fac15210152
2023-03-20 23:01:17,False,0.5065,0.001519,346.705,0.5266,0xd3...ec6f,https://bscscan.com/tx/0x675e1dc60d3c907bfeee42932dab16e59eff140079864e4a89a5afa2e68a636e
2023-03-20 23:00:11,False,0.5068,0.001519,3267.04,4.96344,0xd3...ec6f,https://bscscan.com/tx/0xb8d62a20d311a6d8179a7d2b007a8a01995046e5220e48fd8d2cccdc04932dfd
2023-03-20 22:58:44,True,0.5116,0.001527,151.164,0.2308,0x5c...d14f,https://bscscan.com/tx/0x2738e6167173573005ec7cd9d807d083baf1ad42e62b746f52ab082366779966
2023-03-20 22:57:59,False,0.5091,0.001519,795.9,1.20936,0x9d...6dab,https://bscscan.com/tx/0x08c670faa21a6f58d381ee9eedda260daa78d31beb6e85770934427b2cb01fcc
2023-03-20 22:57:59,False,0.5092,0.001519,473.57,0.7196,0xd3...ec6f,https://bscscan.com/tx/0x14e357a95d5f0a09baf1bd8a0370ede572e60a9b10d980bf892389c868bdeae6
2023-03-20 22:50:20,True,0.5081,0.001527,586.031,0.8949,0x70...8487,https://bscscan.com/tx/0xfbe5983e8da23161a9e25a3bc48513ae1c075368277cca761b42d09aefa859b8
2023-03-20 22:44:41,True,0.509,0.001527,1100.3,1.68024,0xd3...ec6f,https://bscscan.com/tx/0x56c487c2dcbbe9ccfe7b65ce040216581afacdb38aadb811b43d870a1cde5b51
2023-03-20 22:44:35,True,0.509,0.001527,523.4,0.7992,0xd3...ec6f,https://bscscan.com/tx/0xe4f56ace81bf7c5cfb11e74acd6371e0994a0c26c48795c99a9c8158ba511f5c
2023-03-20 22:41:56,True,0.5117,0.001526,5597.98,8.54579,0xd3...ec6f,https://bscscan.com/tx/0x342b6a7506110aaf00fcae12e5d10f9354735b157c9ca00bd93e479819981959
2023-03-20 22:41:20,True,0.5116,0.001526,3472.0,5.2983,0xd3...ec6f,https://bscscan.com/tx/0x8647984d9ebe4b130089bbde45f260bc7359fcef29392b5f65d420f005e0aad6
2023-03-20 22:38:38,True,0.5117,0.001525,1885.22,2.87622,0xa0...cc8d,https://bscscan.com/tx/0xccb8578f98722d0af6aa013621e3d169edb83e4c2a832c3cdef0e2f16a310572
2023-03-20 22:38:38,True,0.5117,0.001525,1793.9,2.73648,0x00...78d2,https://bscscan.com/tx/0xbbb6ad57233335a7862e7d11d648272ae14a93c3c5a9693b663e2608148fd7fc
2023-03-20 22:37:20,True,0.509,0.001525,3604.58,5.49733,0xd3...ec6f,https://bscscan.com/tx/0xdb0718a7c30a55a1ed523d6452fa4b88e1be9e6b1c4b31e85063334553e4a992
2023-03-20 22:35:20,True,0.5091,0.001524,3604.15,5.49503,0xd3...ec6f,https://bscscan.com/tx/0xa6772b70b99d16649b23f4cb60510baa8a517b7c7cc4b8af0aee9a21f20ce7ca
2023-03-20 22:34:20,True,0.5091,0.001524,3516.23,5.35939,0xd3...ec6f,https://bscscan.com/tx/0xd2b89a17749c959d4b6e31a5752553f1a85c784b8c9271fc6e0c36d34f403d43
2023-03-20 22:34:17,True,0.509,0.001523,584.935,0.8914,0x70...8487,https://bscscan.com/tx/0x9798faf0eb08a147b3ac61bf148ee415d699dbdbe72bb9af7c9548be463463d3
2023-03-20 22:32:53,True,0.5117,0.001523,396.8,0.6046,0xd3...ec6f,https://bscscan.com/tx/0x7c21944302c622dbd2f4dbaaeca31257a446c4b2d3c8a9995fc4eafb04b06de0
2023-03-20 22:32:50,True,0.5117,0.001523,396.8,0.6046,0xd3...ec6f,https://bscscan.com/tx/0xc7ebc0fcc15811f60b70ab1924562a905f07409dfeebdca41064c810a94ee973
2023-03-20 22:32:47,True,0.5117,0.001523,396.8,0.6046,0xd3...ec6f,https://bscscan.com/tx/0xe148e4b3b06515b659f80d8a06723e1d607851578029b6ca0bf0f988354ad731
2023-03-20 22:32:44,True,0.5116,0.001523,396.8,0.6046,0xd3...ec6f,https://bscscan.com/tx/0xafdab7d0669cee4bfb4742a84f23a565d8c3aa4e38d591177805008492a6014e
2023-03-20 22:32:38,True,0.5091,0.001523,296.8,0.4522,0xd3...ec6f,https://bscscan.com/tx/0xb8e82d9af2820e34eff20b8f3f40abd360396742d20975bb2343264ffac9f47c
2023-03-20 22:32:35,True,0.509,0.001523,396.8,0.6045,0xd3...ec6f,https://bscscan.com/tx/0xa5a1379ec9828cbe06f2fc86e01ad193a62349e65f5ef8a5b7b5eb1aa8f3af2e
2023-03-20 22:32:14,True,0.5116,0.001523,396.8,0.6045,0xd3...ec6f,https://bscscan.com/tx/0x293a6857d4f76407e0e25988b2e818e4343662d0665130c3d1b5a6418c2d1e11
2023-03-20 22:28:11,False,0.5092,0.001515,40.0,0.0606,0xa5...5748,https://bscscan.com/tx/0x346e85aef3142064cec1a1ccde3e40bbeeb3389252891123be4889edbfd14d8f
2023-03-20 22:18:11,True,0.5124,0.001523,584.424,0.8903,0x70...8487,https://bscscan.com/tx/0x68ae32e5085c09c549aab6506f90bf39807223c8de13f5c4705ac8a68a7bff81
2023-03-20 22:15:47,False,0.51,0.001515,29.0,0.0439,0x78...817f,https://bscscan.com/tx/0x183a9274f4d1c9a0c49dc8e8a4b72fc42bab62024227048b9bfaaeaefdad9848
2023-03-20 22:03:08,True,0.5121,0.001523,2205.0,3.35897,0xc1...b919,https://bscscan.com/tx/0x093c0fe17921be9a71818e19e5b88937930108f81063072b8fa72e5a0f765b1d
2023-03-20 22:03:08,True,0.512,0.001523,2205.4,3.35897,0xd3...ec6f,https://bscscan.com/tx/0x6cb37a3dd1c6c43b7b1c1f22692aca95314e60ceef70fb295843fb98b163ad8e
2023-03-20 22:02:47,True,0.5118,0.001522,5007.88,7.62505,0xd3...ec6f,https://bscscan.com/tx/0x7bafee362714b5549bfb689d6b6af806a73464ccb3c4dbbac26d41f8a85888da
2023-03-20 22:02:11,True,0.5091,0.001522,585.049,0.8905,0x70...8487,https://bscscan.com/tx/0xde0a2f368d1c1a172eb18da25e64f0dbd0d050da079474b9d942e874ac2a4390
2023-03-20 22:01:20,True,0.5111,0.001522,3067.22,4.66838,0xd3...ec6f,https://bscscan.com/tx/0xdf4ef6d97b4b6fae772d0c04e4a6bc5f302e95a93d51958a61d155099eb7099b
2023-03-20 22:01:11,True,0.511,0.001521,2353.77,3.5817,0x3c...40d8,https://bscscan.com/tx/0xe4acb6284e40334881ebc67c2ac601de5405fd5dd34bc5a63c3846978da0f3b6
2023-03-20 22:01:11,True,0.5108,0.001521,5756.2,8.75616,0xd3...ec6f,https://bscscan.com/tx/0xc68c876e1a8bfeb3946fdec5e0648bab42fb8e74ba18c3b67ab597aa599180df
2023-03-20 21:57:38,False,0.5087,0.001513,27.3819,0.0414,0x5c...be56,https://bscscan.com/tx/0xf75e903b7e8a2d35abd252f33ba42cde72deb77cbe41e3a748dcf0bdbc28ccb1
2023-03-20 21:51:26,False,0.5088,0.001513,200.0,0.3026,0x49...38f3,https://bscscan.com/tx/0x232b94827132115660160bfee521b03ea4b878b13e27511cf05c11dcb7313f47
2023-03-20 21:48:59,False,0.5065,0.001513,19.8199,0.0299,0x52...8d7e,https://bscscan.com/tx/0x277b437850d411e1de9211d9832302b92cce5cd9ef1506c41f2b50a08320ee7a
2023-03-20 21:46:11,True,0.509,0.00152,584.465,0.8888,0x70...8487,https://bscscan.com/tx/0xf47c67a27e6b45091d9a1a7dbda0d0cee8f0732e5029878f4c7d908e7164cbc8
2023-03-20 21:45:14,True,0.5091,0.00152,3598.27,5.4713,0xd3...ec6f,https://bscscan.com/tx/0x4e78ab4432f4e5a1f17c0542795103ae9bd0865241f5bb60839d32c6759414bd
2023-03-20 21:45:02,True,0.5095,0.00152,4327.52,6.578,0xd3...ec6f,https://bscscan.com/tx/0x1f4fe78b0c0af820ca1e1f681087245f96ba44f68208afb246a7de0b812f0fbe
2023-03-20 21:44:56,True,0.5093,0.001519,2157.73,3.27894,0x98...5cc4,https://bscscan.com/tx/0x231322a55d418e10dcf1c83dee8e40decfdb9c0434e04def97568987d056e49f
2023-03-20 21:44:56,True,0.5091,0.001519,6208.33,9.43108,0xd3...ec6f,https://bscscan.com/tx/0xb7ced2638b43ade10227b5a38d21d421c912d15a907e278c950ad1a01a070398
2023-03-20 21:44:53,True,0.5089,0.001518,6966.1,10.5764,0xd3...ec6f,https://bscscan.com/tx/0xc8a7c2096e189546f0387c0f7b552343eebef823467a81f19d8984b5c9c467ae
2023-03-20 21:33:05,False,0.506,0.001509,200.0,0.3019,0x81...e9fa,https://bscscan.com/tx/0xe879c5ab9ded46fd05f04bd01466df671586822e47cdaa9056d3516d5a472634
2023-03-20 21:32:05,False,0.5087,0.00151,147.75,0.2231,0x82...1b06,https://bscscan.com/tx/0x52eb593eecc55ec326395befe2a2bba6ac7100cab1beff17f7f463db6a40ce36
2023-03-20 21:31:20,True,0.5085,0.001517,585.007,0.8879,0x70...8487,https://bscscan.com/tx/0xac72df561a9acd7b9d0db12fc9d534b66468bd7436678b8d725a6aa7e31d553e
2023-03-20 21:18:02,True,0.5088,0.001517,13.1769,0.02,0xf0...dbf8,https://bscscan.com/tx/0x15b9d595b7120120efa6da1c2748247313ed5de57806bbf431ebb24c58033dd7
2023-03-20 21:17:20,True,0.5087,0.001517,4.04707,0.0061,0xf0...dbf8,https://bscscan.com/tx/0x9cc5c9b64ead5dde340ce56d3876b7194e3553a903d2205d3697e565cf82dafc
2023-03-20 21:16:14,True,0.5087,0.001517,585.133,0.888,0x70...8487,https://bscscan.com/tx/0x0dd7ac435a848d8974e249eb1147385dc4bc82e7e855f69668c300fe72f64622
2023-03-20 21:15:08,True,0.5112,0.001517,15.1542,0.023,0x46...223c,https://bscscan.com/tx/0xc69bf55256c442fdeaaa33181633bfc09f602a728037af20ee0be42cad8e5aa6
2023-03-20 21:14:41,True,0.5112,0.001517,7.78138,0.0118,0xb1...8d7b,https://bscscan.com/tx/0x972208b1f40fe819e021ebdba306967dd11702de15a79a9ff64a878a6c15aafa
2023-03-20 21:11:05,True,0.5094,0.001517,12.5187,0.019,0x9a...4982,https://bscscan.com/tx/0x281959c83df11e664f944c149cbf022665ba0b8afa9066edb3f498f21c25be54
2023-03-20 21:07:56,True,0.5116,0.001517,78.8906,0.1197,0x94...1020,https://bscscan.com/tx/0xf043a502f8323b1dd902b24a904ccf3e114e64d8e9aac66a359d652ef3793533
2023-03-20 21:02:11,True,0.5112,0.001517,239.461,0.3634,0x3f...66aa,https://bscscan.com/tx/0xa63271ccb0338584824d1b2f770750af73e9f143250d06c9eeab85f9fe9937d8
2023-03-20 21:00:13,True,0.5088,0.001517,583.833,0.886,0x70...8487,https://bscscan.com/tx/0xcdd0c432ecee465b683db85af4f9a62f7df4e2b07092c2cf6df9ac87c47dbf98
2023-03-20 20:58:58,False,0.5087,0.00151,19.48,0.0294,0x5b...7d4f,https://bscscan.com/tx/0x855a00a621735e5fe46340ba63d45d2c22cce2bb987b32d75178ff754794591f
2023-03-20 20:55:10,False,0.5063,0.00151,40.0,0.0604,0x92...a4fe,https://bscscan.com/tx/0xa1bb21fa611451c6d4b6b4f181b2a3b869607f72cc8ce2e0db35f82be9ebff0b
2023-03-20 20:53:37,False,0.5064,0.00151,73.4203,0.1108,0x65...2100,https://bscscan.com/tx/0xac3ae78ec6e4af65b666e59e35e5166f48fb8fa5ead4193f2451be2be5f6e892
2023-03-20 20:52:13,True,0.509,0.001517,41.0,0.0622,0x4b...1f22,https://bscscan.com/tx/0x9875a9f9c997d6d443941b5ebb93868c0755a70816a60bfa3048ff0747798298
2023-03-20 20:50:10,False,0.5091,0.00151,2368.85,3.57741,0x00...78d2,https://bscscan.com/tx/0x9f488624244497f4b4f091fdbf84d84c370c746a2b0ea7d9676da4e2e3df876b
2023-03-20 20:47:16,False,0.5092,0.00151,12.0,0.0181,0x78...42b0,https://bscscan.com/tx/0x2a09b13c61c751a7d5c902505bb337329b428fa3393d60aac6b85cd975f1786c
2023-03-20 20:45:13,True,0.5128,0.001517,583.979,0.8864,0x70...8487,https://bscscan.com/tx/0xb13c21803ebda675974d5319ac04ee1d5675bc80af484e3f9273109a83324d95
2023-03-20 20:43:28,True,0.5126,0.001518,293.735,0.446,0xde...367a,https://bscscan.com/tx/0x95e4c1685a1c8a0b7771659c4cdf9b4ef7196f6d61b35d2a0a1fcd675084570f
2023-03-20 20:41:13,False,0.5073,0.00151,2544.89,3.84378,0xd3...ec6f,https://bscscan.com/tx/0xedbb1004110b9c082b16a3760ced44aefb930a15c16e0b2405e5478b9a56761a
2023-03-20 20:34:34,False,0.5071,0.00151,200.0,0.3021,0xbc...0860,https://bscscan.com/tx/0xb4eda09277cf2f8bb30e6a9329e50c8eed7a29133ceb4d1cba14a7a5b07d4b1e
2023-03-20 20:30:10,True,0.5122,0.001518,584.159,0.8868,0x70...8487,https://bscscan.com/tx/0x116a187d83bd31a6fc9b6b6c37a6ffa1b86697b695aee962628a682c7f0964b7
2023-03-20 20:29:07,False,0.5071,0.00151,14.772,0.0223,0x31...67b4,https://bscscan.com/tx/0xb62741dfa2d272a3e6534acb99b743d43e9c1d3e76309fc88343d0b40918d09d
2023-03-20 20:28:55,True,0.5096,0.001517,2544.89,3.86295,0xd3...ec6f,https://bscscan.com/tx/0xc48c9daacc7c2ad13431a6de51665d90124f98b288b0c1f1e5aec94da2f8b640
2023-03-20 20:14:17,True,0.5144,0.001517,581.226,0.8821,0x70...8487,https://bscscan.com/tx/0xd2f97a5dcc3cc3eac6ac1c4a34a9a803e6b4f8109e74d9ae01f23cc86e367146
2023-03-20 20:05:53,False,0.5121,0.00151,67.8029,0.1023,0xe6...b100,https://bscscan.com/tx/0xeb28d48513d6722b2487d8676bf31300d7633966c50739795ae827de461f2784
2023-03-20 19:59:59,False,0.5123,0.00151,71.7747,0.1083,0xe4...b4af,https://bscscan.com/tx/0xb37a04ca37104de85bf3984836b9a24a4e2e391a2adf7200e3cb4a281b86ff90
2023-03-20 19:59:11,True,0.5123,0.001517,581.639,0.8827,0x70...8487,https://bscscan.com/tx/0x1f0dc0198cd8817042a29f2fd6f3c7bd1cab86261659581f0e6a03a618bdc577
2023-03-20 19:57:23,False,0.5125,0.00151,39.0,0.0588,0xbe...5e93,https://bscscan.com/tx/0x1d9ef60cd41b4594b3b6cfede541c0db93e533649c86bb5b94b2e8d040c3e47b
2023-03-20 19:54:17,False,0.5122,0.00151,814.431,1.22988,0x67...2737,https://bscscan.com/tx/0xba859719f90e7fdf87b7817ebfe7035ab2583bbf9005bcf8e0947f2ac49f95dd
2023-03-20 19:44:20,False,0.5094,0.00151,88.2016,0.1332,0xaf...c7ad,https://bscscan.com/tx/0x68a60630f3ae5a632d4154f81db04dcac04feb4b918e5fd88cd498fb34b53401
2023-03-20 19:43:11,True,0.5119,0.001517,582.15,0.8835,0x70...8487,https://bscscan.com/tx/0xa023744cf5d4c9dc30ffb9a2533e63db6fba6749c59812cfe3762266a696bbf4
2023-03-20 19:41:07,False,0.5093,0.00151,2353.29,3.55404,0x00...78d2,https://bscscan.com/tx/0x5296fa188d8ca5ed5185460829171d4fe70d2bae5440679c4b2beb2d139cac19
2023-03-20 19:40:22,False,0.5094,0.00151,222.334,0.3358,0x33...82cd,https://bscscan.com/tx/0x0c2452b2c9b4b9c7dfc42fa0b145a31cda69f62354d247b73dd39db4c7da8ff9
2023-03-20 19:35:40,False,0.5118,0.00151,1060.29,1.60155,0x00...78d2,https://bscscan.com/tx/0x6b313679032fda5a9261631282689933a173f13d4526fc0d4f99f1cfa671b27b
2023-03-20 19:35:22,False,0.5093,0.00151,2321.1,3.50648,0x00...78d2,https://bscscan.com/tx/0x20359264bfdfa4fea6d611188c141dba7f03a1222bd98d782d65bac8e1882017
2023-03-20 19:35:19,False,0.5094,0.001511,2350.29,3.55126,0x00...78d2,https://bscscan.com/tx/0x4f51d768a059aaa512bebfef2509797f8d7f1a8240fe6e365fa0f9fa492dd430
2023-03-20 19:34:10,False,0.512,0.001511,25.3596,0.0383,0xf4...2924,https://bscscan.com/tx/0xe8ff0168ea7ffaedb828ef5642ad2f4d4a43f848cb91913b00bb6c481a96dec2
2023-03-20 19:32:49,True,0.512,0.001518,5.26758,0.008,0xb1...8d7b,https://bscscan.com/tx/0x1e7ae77118e98ef57dc6a4b2f7d8a6a04c4c47eb280254d16d8ad75cdf1c5410
2023-03-20 19:30:58,False,0.5084,0.001511,1.0,0.0015,0xbd...3236,https://bscscan.com/tx/0xe93bb4dbbac12bf49f727c97ffe881c7e43ed84e5c933f6d853781bd51df03b2
2023-03-20 19:30:43,True,0.5132,0.001518,43.4963,0.066,0x60...7f32,https://bscscan.com/tx/0x13b968c7e31c3cb0e97e07724b632b8bedcd288a4764a0931121e8059e41275d
2023-03-20 19:27:10,True,0.5113,0.001518,582.501,0.8846,0x70...8487,https://bscscan.com/tx/0x9c6a5e641daad856079667ed3785731576a1ef6bcbee204f010eeffad30b40f0
2023-03-20 19:23:58,False,0.5112,0.001511,90.0,0.136,0x82...3d9b,https://bscscan.com/tx/0x0c20e029f9af529343d676e6da7c2cd02d2d3fa1fa2fda9f71476feffe910c6e
2023-03-20 19:21:55,False,0.5081,0.001511,96.7221,0.1461,0x82...3d9b,https://bscscan.com/tx/0x6c03c7ca8b08e3242aa8b648055d23510042fa493ba42656bb2fbd12325e992d
2023-03-20 19:18:25,True,0.5104,0.001518,390.198,0.5925,0xf3...a5d5,https://bscscan.com/tx/0x500666c474856801836cb946514d626bd55e6cc37436a0bd5b66c8399647cf82
2023-03-20 19:13:55,False,0.5099,0.001511,27.4129,0.0414,0x1c...afea,https://bscscan.com/tx/0x08afa59cc3e065aff05d17b05dbaa26b20783e27dcbb1acd195248a14f87c242
2023-03-20 19:13:04,False,0.5099,0.001511,1366.0,2.0642,0x00...78d2,https://bscscan.com/tx/0x7305896f30f476eef69599a7c3936c2b3e7aaef94211b5c0932fc0e9edaeaec4
2023-03-20 19:12:04,False,0.5097,0.001511,2362.55,3.57066,0x00...78d2,https://bscscan.com/tx/0x5d0f063d7ac14ef718471023084f56bff6e65201ed90534241b969ab6d32d2e2
2023-03-20 19:11:13,False,0.5095,0.001511,2364.18,3.57382,0x00...78d2,https://bscscan.com/tx/0x8ec0abf6a3340996892da14c3cec94ee67161c63ae834a36c455ac2e0bb2450f
2023-03-20 19:11:10,True,0.5121,0.001519,584.409,0.8879,0x70...8487,https://bscscan.com/tx/0x40cce2e0e4ad452f43e71398e758f9fb6baa6e690e6d406e4b825ba25da0806e
2023-03-20 19:11:10,False,0.5095,0.001511,3.0,0.0045,0x7e...2035,https://bscscan.com/tx/0xce45183a405e4ca49e50106e1495638c1afb3cc35850716d8b3b9a0761669fab
2023-03-20 19:10:34,False,0.507,0.001511,568.5,0.8594,0xaf...847e,https://bscscan.com/tx/0x38b3d718f09892f0010325b16913e729d7c4a1555692d650273b80ebed8adea2
2023-03-20 19:09:49,False,0.5095,0.001511,47.2858,0.0714,0x38...2b36,https://bscscan.com/tx/0x231df47805a0d367ed6a321370146d0c18bc4df245771f31e56a4489f6aabbec
2023-03-20 19:08:34,False,0.507,0.001511,47.2858,0.0714,0x38...2b36,https://bscscan.com/tx/0x4a22573df3112f35c09dfc4dac7debe0b38f22df753eb0886e448b8da4a0a2fc
2023-03-20 19:08:01,False,0.507,0.001511,597.5,0.9033,0x3a...231f,https://bscscan.com/tx/0xa9c5858abadde9656da5ac5c079cca7c08d75345ccce111b651a0ffea6d32de2
2023-03-20 19:06:46,False,0.5096,0.001511,519.7,0.7857,0x9d...6dab,https://bscscan.com/tx/0x89745392d884436e75ecc0a89fb8dfa05d46f0d737caca12ce2c82cd10fb772b
2023-03-20 19:05:31,False,0.5097,0.001512,2283.7,3.45317,0x2c...015a,https://bscscan.com/tx/0xf31053f3fa1b68ad80bf1105c670d10be7b2095b430de0d741d450f554d35359
2023-03-20 19:05:19,False,0.5098,0.001512,879.9,1.33067,0x4d...74b8,https://bscscan.com/tx/0x1130d740b0179b35062f2d86ec33a080d8ce0cef835c2f03892f53e0d4b1ee37
2023-03-20 19:03:34,False,0.5099,0.001512,2167.93,3.27896,0x98...5cc4,https://bscscan.com/tx/0x4979d33d1305f5057a83d9897bce4864f1683db1e805851d72c21cf4ec371959
2023-03-20 19:03:34,False,0.51,0.001512,2566.8,3.883,0x0e...7558,https://bscscan.com/tx/0xe86f28d0ead16f09781869fe8b98bf96af12ea558e8b719bbf7290f7f54dbc46
2023-03-20 19:03:31,False,0.5101,0.001513,2066.4,3.12661,0x00...78d2,https://bscscan.com/tx/0xcf55d58aea48e3e0428ad49e1260d013002196ffdc48d727176f5a537501555c
2023-03-20 19:03:22,False,0.5077,0.001513,6219.77,9.41418,0xd3...ec6f,https://bscscan.com/tx/0x01111d25b333d91343bb59024b13c6ce14d0b5c3ed3f9cccafd0546af5243e88
2023-03-20 19:03:19,False,0.5079,0.001514,3211.42,4.86267,0xd3...ec6f,https://bscscan.com/tx/0xfea320194648f7eea79acb85986ef8a5bf822aa66f20903ad175b53cbf89613d
2023-03-20 19:01:13,True,0.5118,0.001522,89.4049,0.136,0xf3...ccae,https://bscscan.com/tx/0x4a8bbed0284922690f240d19cacdcf752094552f96758c5deb7084aa672a97af
2023-03-20 18:56:13,True,0.5124,0.001521,581.402,0.8848,0x70...8487,https://bscscan.com/tx/0xf4933a7951e7d6ae6d30d02fb8592ad7a1c429bccef5681d29fa18fceecc59b9
2023-03-20 18:48:04,True,0.5146,0.001521,2737.9,4.16633,0xd3...ec6f,https://bscscan.com/tx/0x18c8350adba7a4bb524546f5413232e3847619c611f4eb38f2eb94094f125aae
2023-03-20 18:47:55,True,0.5145,0.001521,3097.5,4.7124,0xd3...ec6f,https://bscscan.com/tx/0x76c684a48c057e3f4d04ff4d0b024b378f738bd00f57ef9abb59e24abe14cc09
2023-03-20 18:47:37,True,0.5118,0.001521,2250.69,3.42334,0xd3...ec6f,https://bscscan.com/tx/0x28a29ba6b63d2fac2269e14bfbdae9f8fa5f4d1b3c4d1d3484828d4e24d1b1c1
2023-03-20 18:47:25,True,0.5117,0.00152,1345.1,2.04562,0xd3...ec6f,https://bscscan.com/tx/0x8417f75b99a6d3307bcebee53079208ee14d249bb66e25dfbfaacf086232a5a0
2023-03-20 18:47:22,True,0.5142,0.00152,2167.94,3.29651,0x98...5cc4,https://bscscan.com/tx/0xaee4505a43e6b74483bef1c1b6b8f6ed9e9bb86ab8a447178fefb9cfa06369d6
2023-03-20 18:47:22,True,0.5142,0.00152,2412.1,3.66707,0xef...cab1,https://bscscan.com/tx/0x4a660dce749079b9224fed69aa6a8e14c8d3b127b309b4abe9520c408bbc3508
2023-03-20 18:45:01,False,0.509,0.001512,1977.51,2.9913,0xd3...ec6f,https://bscscan.com/tx/0x02fdd869f1028a1a75001a7e816d36fbe23cde97ad795fa5e375ea6367496775
2023-03-20 18:41:13,True,0.5142,0.00152,582.537,0.8856,0x70...8487,https://bscscan.com/tx/0x35965ddce8611344ac008ddd9a508459c9d0140c00786d822a09d51cf1015955
2023-03-20 18:29:52,False,0.5107,0.001512,89.2059,0.1349,0xe2...1f65,https://bscscan.com/tx/0x00e6511176c0b88785e4c97e629ccda134e95171f535026b6dd585661d674c14
2023-03-20 18:25:13,True,0.5104,0.00152,583.519,0.8871,0x70...8487,https://bscscan.com/tx/0xf880a1fc1f2afdcfa14ea4635768a636238388aa2d7b60d76aae3313ddf9a133
2023-03-20 18:21:55,False,0.5104,0.001512,34.7319,0.0525,0x82...2cbc,https://bscscan.com/tx/0xfccddbb216f963bcb6226182fd258c0944efc2007295799df47ab8c840438a3c
2023-03-20 18:21:31,True,0.513,0.00152,72.3569,0.11,0x6d...b1ad,https://bscscan.com/tx/0x629cbcf3cac64319bf7dcd65f54bc19f324c5b6ae7db3d2d6c65f171f3a56321
2023-03-20 18:18:40,True,0.513,0.00152,104.171,0.1583,0x1a...0c99,https://bscscan.com/tx/0x18aaeb56f7cea546cc5a696ecbae8b8112914a39dd51d02ba3f983d87b8862d7
2023-03-20 18:10:53,False,0.5099,0.001512,502.39,0.7599,0xd3...ec6f,https://bscscan.com/tx/0x1fc2a862fda808741ea75e652915d2e91b77120a03e7c7e718bda738553913c6
2023-03-20 18:10:45,False,0.5099,0.001512,720.024,1.08921,0xd3...ec6f,https://bscscan.com/tx/0x8b44edbfbe9989099fc2c4ed2dc2d7bcc3820ccf009bfdbe8b9e5f774d50d84a
2023-03-20 18:10:45,False,0.51,0.001512,2455.07,3.71438,0xc1...b919,https://bscscan.com/tx/0xfdd06fc0ae6ec81757cdf40f0e87dbddc91c9c3a6c5aa0cb7dfac21961bed30d
2023-03-20 18:10:42,False,0.5101,0.001513,2392.63,3.62062,0x3e...a7c8,https://bscscan.com/tx/0x04bef795ec8a69862cc29797bd10cbf48be856c1cbf390f4d1ba8c61f05e15c5
2023-03-20 18:10:14,True,0.5101,0.001521,584.418,0.8888,0x70...8487,https://bscscan.com/tx/0xe0332924266cca81fe4d904b639fb102d02605e71073783f857af3c3cc816680
2023-03-20 18:10:06,False,0.5075,0.001513,131.995,0.1997,0xf6...15bc,https://bscscan.com/tx/0xb5427ca4c56f864594b0d2a874b1fc68bfd767e9510879d1fd7f2c53667ba3a3
2023-03-20 18:00:19,True,0.509,0.00152,0.0283,4.308e-06,0x8b...6566,https://bscscan.com/tx/0x8b9916fb5d316103ae0f0d2df22cae461f47b2ddfff7f80af08750e731a2e6d7
2023-03-20 17:59:40,False,0.5092,0.001513,11.6289,0.0176,0x44...d7ca,https://bscscan.com/tx/0x810d9b9d7c25cf58c00a1cd58e45c4eddf094f34c80ac0421728bb778e5de5bf
2023-03-20 17:55:13,True,0.5102,0.00152,584.422,0.8888,0x70...8487,https://bscscan.com/tx/0x12734bbae9b08cd80a92d50d1a266c4e860c2ade3bd700ed90bbcc71ecfdeaa9
2023-03-20 17:53:43,True,0.51,0.00152,2381.3,3.62126,0x2c...015a,https://bscscan.com/tx/0x6eb58c1441831a32946d5d90f0931772973e32d308e9ef08313f731a719d0129
2023-03-20 17:53:37,True,0.5124,0.00152,3013.84,4.58214,0xd3...ec6f,https://bscscan.com/tx/0x21b88229792444c2a6505cb4612a76700c4568212222b3bf8ac0f4f8997bfa35
2023-03-20 17:53:37,True,0.5122,0.001519,7231.82,10.9903,0xe3...d2ff,https://bscscan.com/tx/0x4492735c33ea2d6c52238e24793d2e2301b33609b05da00778a49969fd860ee4
2023-03-20 17:51:46,False,0.5094,0.001511,100.0,0.1511,0x11...bd08,https://bscscan.com/tx/0x26d4c61fa937630df52731f89de02cf811b2276136ad5e04a880462b1eb74e33
2023-03-20 17:49:49,True,0.5092,0.001519,500.0,0.7596,0x0d...8fa1,https://bscscan.com/tx/0xd35a3d60597969d55119be44985a72a6b60070f5daa1af4ef46adedb34d792fa
2023-03-20 17:39:19,True,0.5123,0.001519,584.75,0.8883,0x70...8487,https://bscscan.com/tx/0x53673affee2599c8ab3ef261531f976879c9d60dd79d8da1054189f1cd2c74f6
2023-03-20 17:38:55,False,0.5097,0.001511,89.0828,0.1346,0x1a...0c99,https://bscscan.com/tx/0x02e88546d50741276e65bcdefcec765f99161faa98d435068edb5e3d3c72064c
2023-03-20 17:35:52,True,0.5094,0.001519,298.163,0.4529,0x9a...4280,https://bscscan.com/tx/0x5a4e2986cc3d6c02ec349c260e233a0834ea304ff57350917b73a83f40b8495a
2023-03-20 17:35:19,False,0.5093,0.001511,140.673,0.2126,0x43...31ef,https://bscscan.com/tx/0xa639f84b05ec6cd903edb1997b79df6519fb76a7d37eecaa2cce6682638be2c0
2023-03-20 17:29:39,True,0.5113,0.001519,15.7271,0.0238,0xa7...3b1a,https://bscscan.com/tx/0xd797bec648d6456ddf1b8ed1b834e25616daa61ac6f787ecc440b4718c430907
2023-03-20 17:28:30,True,0.5116,0.001519,75.0,0.1139,0xc8...bfd6,https://bscscan.com/tx/0x8c5acc1ea213ed3f23f1ce3884eceffd5ec219001f5a19b724fca132bae0e377
2023-03-20 17:27:12,False,0.5092,0.001511,1255.3,1.89753,0x00...78d2,https://bscscan.com/tx/0xa2e4b7d9520be73c19e4f3036f6148ce66499fcf16d64d1fe338167ff405b078
2023-03-20 17:27:06,False,0.5066,0.001511,791.9,1.19715,0x3a...231f,https://bscscan.com/tx/0xdda2645e35c847f60f1ff876bb969a8ce8be76f0050a21026a4f9e2f0493ce98
2023-03-20 17:26:30,False,0.507,0.001511,1503.14,2.27258,0xd3...ec6f,https://bscscan.com/tx/0xf23bfcdb1be0a5abaf24781191f63de067d8e1ca11705beaa453b531db52e846
2023-03-20 17:26:24,False,0.507,0.001512,2183.89,3.3023,0xd3...ec6f,https://bscscan.com/tx/0x1832e29ef6a6816779be69f3dd86216eb372a1e61e88d27f79e5324f5530797e
2023-03-20 17:25:51,False,0.5097,0.001512,445.076,0.673,0xd3...ec6f,https://bscscan.com/tx/0x1423f31d45595bcd0e89556b371d08188336ff6bc44dd27d99cdeb893403f7c4
2023-03-20 17:25:45,False,0.5098,0.001512,445.06,0.673,0xd3...ec6f,https://bscscan.com/tx/0x408ca776d2a971e934d7a7535c9297b167581e2663423d06c5e77013a213ee57
2023-03-20 17:25:42,True,0.5123,0.001519,77.8998,0.1184,0x04...7bd8,https://bscscan.com/tx/0x2c7c568606be8d06bac4098f4c7d9512af3c708aa4d46a667102bfa90c4ab988
2023-03-20 17:25:42,False,0.5098,0.001512,445.046,0.673,0xd3...ec6f,https://bscscan.com/tx/0x948d5d6676dd89f708d1402a1ac66dc924c47fb7d4cbef42fb4d47c64483688d
2023-03-20 17:25:36,False,0.5072,0.001512,445.03,0.673,0xd3...ec6f,https://bscscan.com/tx/0x9022b3e3507601f51c8e8f65d0b42df660988a8af9d046ee3390ac40d60813a1
2023-03-20 17:25:33,False,0.5072,0.001512,445.146,0.6732,0xd3...ec6f,https://bscscan.com/tx/0xc0c218607b20aeac88801056c6a8bf14df5926b68dd7ac3f90150d362f57f1c1
2023-03-20 17:25:30,False,0.5072,0.001512,445.13,0.6732,0xd3...ec6f,https://bscscan.com/tx/0x0408b2156d557d84caaf14c9194e53bdd4f8481de6731470650537ff65a9ea22
2023-03-20 17:25:27,False,0.5073,0.001512,621.779,0.9405,0xd3...ec6f,https://bscscan.com/tx/0xd70746e4a6aec718cc39c37eb30d045c8d13e2f43f108672379fa250549c3226
2023-03-20 17:25:21,False,0.5073,0.001512,494.356,0.7478,0xd3...ec6f,https://bscscan.com/tx/0x1f51efeb78f263b927315b556a561f4ec678342a55d9c01a252bb8998f32b51d
2023-03-20 17:25:18,False,0.5073,0.001512,1135.79,1.71821,0xd3...ec6f,https://bscscan.com/tx/0x3b888985f41f998c7ec25454de367f363bd5c5ff8ae6217ad42ba23f7d2770da
2023-03-20 17:25:15,False,0.5073,0.001512,1390.9,2.10436,0x00...78d2,https://bscscan.com/tx/0xb560a6d3fbeb384351128f636a8ef454773a44ede4e4f6e9859e8b8871a7f9b6
2023-03-20 17:25:12,False,0.5074,0.001513,747.3,1.13072,0xa0...cc8d,https://bscscan.com/tx/0x195bce4db70f33dda9e831bcb5cedee538c6882bef6f547e50d9d340e5ea144a
2023-03-20 17:25:09,False,0.5076,0.001513,8459.93,12.8054,0xd3...ec6f,https://bscscan.com/tx/0xfb2bbdf7200592e94656d41e8182c0ba8cd366c869e479468095635aba26ced1
2023-03-20 17:25:06,False,0.5079,0.001514,6671.52,10.1047,0xd3...ec6f,https://bscscan.com/tx/0x11bad4869cf86b3f73c33045da23a1daed775c957376bc6aa91e65fbe7790267
2023-03-20 17:25:06,False,0.5081,0.001515,2359.53,3.57509,0x00...78d2,https://bscscan.com/tx/0x4c9ae3e97d7fb687ff2b5c9cab7af29591c8ac00e676486ce45eb89e3afa6e95
2023-03-20 17:24:36,False,0.5107,0.001515,2189.18,3.31762,0xd3...ec6f,https://bscscan.com/tx/0x1bb7f576e198f62b394a6f9bdfbeb6213cd18521c342ee544daafa17030f60da
2023-03-20 17:24:33,False,0.5108,0.001515,2051.8,3.10996,0xd3...ec6f,https://bscscan.com/tx/0x9fbd1ef105f674d2c31a1c033cc69c0a154b1fb0e20c6d73974995571a957ac1
2023-03-20 17:24:30,False,0.5109,0.001516,2214.95,3.35785,0xd3...ec6f,https://bscscan.com/tx/0xd88e996fd9b9389af9a0e817f9640701de7d52543a91f38ad497c32dd0cb9ef3
2023-03-20 17:24:12,False,0.5084,0.001516,3062.85,4.64427,0xd3...ec6f,https://bscscan.com/tx/0xa9d5e7982a8e196b1d55a3996406cbc06ea8c9990a63485c76e42aaf8bd5eb17
2023-03-20 17:23:38,False,0.5085,0.001516,3036.34,4.60525,0xd3...ec6f,https://bscscan.com/tx/0xccafc7522086900aafe8b8b2d7b398e71885c80ab0941d2a200578e071f1f88f
2023-03-20 17:23:26,False,0.5087,0.001517,3036.48,4.60661,0xd3...ec6f,https://bscscan.com/tx/0xe0cb88e1d6ed1d0af6033bbd0004faeab2281cd48fd0b7cb40a135dd243c58b2
2023-03-20 17:23:15,False,0.5113,0.001517,2873.11,4.35984,0xd3...ec6f,https://bscscan.com/tx/0x5ae7caa49b2d3a2bec4303073b4f758f53792393ee6338a5971b4f7e38bf8edd
2023-03-20 17:23:12,True,0.5139,0.001525,582.169,0.8879,0x70...8487,https://bscscan.com/tx/0x9ca2bdcc3fa5a54a86ff389265697889905780e6fbeee43b5f976680d3cb82f5
2023-03-20 17:23:12,False,0.5114,0.001517,3036.04,4.60798,0xd3...ec6f,https://bscscan.com/tx/0x4e30c464e0b58e9c351d4cc74c9c08b1123e436e443e278f1ac3900e2f19d755
2023-03-20 17:23:06,False,0.5116,0.001518,2800.67,4.25177,0xd3...ec6f,https://bscscan.com/tx/0x790de07ee13e745507c299acfd95c13ea287ffe4d86b3267f6ad5485627eb389
2023-03-20 17:23:03,False,0.5117,0.001518,2621.31,3.98037,0xd3...ec6f,https://bscscan.com/tx/0xdd0bf862829a1bea3d2b044a0539689dcb604e8fbdb029e9d30ba9d7b060b571
2023-03-20 17:22:22,False,0.5092,0.001518,3584.09,5.44372,0xd3...ec6f,https://bscscan.com/tx/0xd318f503c24f0047c31986b44d24832cbe6eb1243b039da80db9b303bc62f777
2023-03-20 17:22:05,False,0.5122,0.001519,3403.87,5.1715,0xd3...ec6f,https://bscscan.com/tx/0xe8e738c20fe33728a8f272bd541d8195f4865c8f87988da377034e17bebd708c
2023-03-20 17:16:48,False,0.5135,0.001519,16.3627,0.0248,0x07...0daa,https://bscscan.com/tx/0xc0004c381cc0c2b39c87c5c6cab13288e01cb28b79bb8c9dbabfab4e3e36bd6d
2023-03-20 17:14:51,False,0.5133,0.001518,71.8535,0.1091,0xf7...766c,https://bscscan.com/tx/0x5db4458b98d6a39f1c4978b999f816b97e5931b1893991dd44f14e71f74bc1ba
2023-03-20 17:13:39,True,0.5164,0.001527,21.0,0.032,0xae...8404,https://bscscan.com/tx/0xb8e555726dbc65fc9286c9492d31d41a97f2c1f9612ffdc3b0f2b90ca4af24ae
2023-03-20 17:12:39,True,0.5165,0.001527,46.8942,0.0716,0xae...8404,https://bscscan.com/tx/0xcae4268436a706b081ddc39fac9b26f7acec27aa6d39374433d22f6541c5e5c0
2023-03-20 17:12:12,False,0.5114,0.001519,14.0,0.0212,0xda...7899,https://bscscan.com/tx/0xf4fd1b21a9432a791f924534fe515cc3276a86f1f84695441e1998eef674fef4
2023-03-20 17:12:06,True,0.5139,0.001526,3214.9,4.90896,0xd3...ec6f,https://bscscan.com/tx/0x83bd25b362d080bb78dc757796f816653bc81e66b66486a2879c44aac623e47f
2023-03-20 17:11:48,True,0.5167,0.001526,2646.14,4.03951,0xd3...ec6f,https://bscscan.com/tx/0xde372a6bcd3c5d4ee9c80d2a41700ddb18acc0a0b90f7c1af251b64c0be39322
2023-03-20 17:11:03,True,0.5167,0.001526,612.7,0.9352,0xd3...ec6f,https://bscscan.com/tx/0xce3261379c0ca3472567b34dbb397d264e4a1689b3931e9efe10ce01c81a8e04
2023-03-20 17:10:57,True,0.5167,0.001526,612.7,0.9351,0xd3...ec6f,https://bscscan.com/tx/0x97448738871b67caf18e72a60e0c8dffbe0adf71ffc1a0c1415cdb27c78ff610
2023-03-20 17:10:54,True,0.5166,0.001526,612.7,0.9351,0xd3...ec6f,https://bscscan.com/tx/0x48e076a7def53a64f5a3a804550658225340f2eba472f7a4040e44be6407d306
2023-03-20 17:10:51,True,0.5166,0.001526,612.7,0.935,0xd3...ec6f,https://bscscan.com/tx/0xe0125eabd2b83a6b587957b5b42a006678d1abffecfe12b9c3e7526906c86d3f
2023-03-20 17:10:48,True,0.5165,0.001526,612.7,0.935,0xd3...ec6f,https://bscscan.com/tx/0x5e90417165b740ff9dd632e3189a4065542770374ae217e61f1097850a5abe67
2023-03-20 17:10:45,True,0.5165,0.001526,815.8,1.24488,0xd3...ec6f,https://bscscan.com/tx/0x968cf1fc013e79eaa42a948fcd1e1b67db6f2155864b18ff0f00a448df9beecf
2023-03-20 17:10:06,True,0.5171,0.001525,482.102,0.7356,0x35...aca7,https://bscscan.com/tx/0xeba4ae44919fb6d098b4a5ceaa82a6759e074c1fedd43726542fc1b7a13e29be
2023-03-20 17:08:45,True,0.5145,0.001525,3681.8,5.617,0xd3...ec6f,https://bscscan.com/tx/0x1ce4cd911387a636db9fb8dae7964c27caa6c4fe82498593cc7a35a58a4739e7
2023-03-20 17:08:37,True,0.5143,0.001525,3977.45,6.06611,0xd3...ec6f,https://bscscan.com/tx/0xfafa2fb414c0f2fee7434e4fe52267eb56ae9c43cc8f536faac2f7cfb0f36692
2023-03-20 17:08:19,True,0.5167,0.001524,1630.7,2.48645,0xd3...ec6f,https://bscscan.com/tx/0xb33323857c811252e8ecd6003fa1831ee6faae4ef8122f22a3dde65ce1d4bb6d
2023-03-20 17:08:14,True,0.5167,0.001524,1228.8,1.87342,0xd3...ec6f,https://bscscan.com/tx/0xe7d18b4cb95ad83892386ec94d5bfe6fcb1d5f9cb5b60e9a5daab516c1d9463e
2023-03-20 17:07:38,True,0.5166,0.001524,2357.4,3.59353,0xd3...ec6f,https://bscscan.com/tx/0xeeb6f0684c0e1eb39c5f2009faf7bffb9bccaa89852a08fde5ef532a686df515
2023-03-20 17:07:35,True,0.5165,0.001524,487.704,0.7433,0xaf...847e,https://bscscan.com/tx/0x0467c99652ab142c3a432521de073a405e6f5bf8322adf113199d4e0f5b14baf
2023-03-20 17:07:35,True,0.5165,0.001524,2357.4,3.59269,0xd3...ec6f,https://bscscan.com/tx/0x7431d07671991b9936c52866765637e969ddaab562c17c8198a4db05d3f95e35
2023-03-20 17:07:26,True,0.5164,0.001523,867.355,1.32168,0xf9...5ebf,https://bscscan.com/tx/0x42fc836ab0d1267e2f4c026b91aeebb0541591bb51bac54f3af7b615014df4da
2023-03-20 17:07:26,True,0.5164,0.001523,688.4,1.04892,0xd3...ec6f,https://bscscan.com/tx/0x0f61c364898e3f7a4f6e745eaeb26b6fb47761c5016537090a6b8e6d8cb42ba5
2023-03-20 17:07:23,True,0.5163,0.001523,437.9,0.6672,0xd3...ec6f,https://bscscan.com/tx/0x0ef571af07ee6fb7ec7606acb0651450f19f1f3bc404be1bd927720e156f747e
2023-03-20 17:07:20,True,0.5137,0.001523,977.764,1.48966,0xa0...cc8d,https://bscscan.com/tx/0x4587f1e17f1108b2815a96a0b1ee68454bd3b083cde742de074f5da2e7ba4171
2023-03-20 17:07:20,True,0.5137,0.001523,437.9,0.6671,0xd3...ec6f,https://bscscan.com/tx/0xc22ab1e1a2170ef7ee96ece9be7d56cfe8729bb096419638f61b8e00dbc1ab77
2023-03-20 17:07:17,True,0.5137,0.001523,884.305,1.34712,0xd3...ec6f,https://bscscan.com/tx/0x8fcf78af4cf5411f5dddec7e6f512003193437cef62f4cc9cc8c98ad0112c1a7
2023-03-20 17:07:08,True,0.5161,0.001523,1736.4,2.64489,0xd3...ec6f,https://bscscan.com/tx/0x1d665dfdd17672c26b3c3446273232668c2463f0f173367bdd27d9771c059c86
2023-03-20 17:07:04,True,0.516,0.001523,1714.0,2.61039,0xd3...ec6f,https://bscscan.com/tx/0xd2cea36c627c1f3aefc9ed51e63d19b4afdb19505215ebd00c1b4fcc97d5980d
2023-03-20 17:06:58,True,0.5154,0.001521,26605.0,40.4713,0xd3...ec6f,https://bscscan.com/tx/0x5ffc9f38eb767e00df361e3155fb6802233e578a842269fb66f1873f5653ac8d
2023-03-20 17:03:37,False,0.5093,0.001511,74.495,0.1126,0x42...859c,https://bscscan.com/tx/0x5f04646cb57afe872a4259f1316a1d0f3c964a354a2afba2d2b3953895bfa142
2023-03-20 17:00:46,False,0.5122,0.001511,87.0,0.1315,0x0a...aa88,https://bscscan.com/tx/0xed1672d12119e5c5d1f71d4980ba282d97c402812d7158bbc739fe1f84ab5d76
2023-03-20 16:58:28,False,0.5098,0.001512,956.0,1.44548,0x16...4027,https://bscscan.com/tx/0xae5a61f273265df01903f0547008766784b7f4eb807bf318c5471d5feebe5dae
2023-03-20 16:54:49,True,0.512,0.00152,46.0332,0.0699,0x96...3bbf,https://bscscan.com/tx/0x117726948b7d1293e6b766277e1cdfb12fd59d3fbe48a7c93486626477f47d7d
2023-03-20 16:52:11,True,0.5143,0.001519,581.11,0.883,0x70...8487,https://bscscan.com/tx/0x4b6fe9bbe034ab4c20f513cae5457af9587ab936bb06f79e897505d8e55729c4
2023-03-20 16:45:40,False,0.5093,0.001512,440.752,0.6664,0xd3...ec6f,https://bscscan.com/tx/0xfcea03d3c1a030a9d39991f65c5fe164f606d5690d9b78d61bf8d9a742e71abb
2023-03-20 16:39:56,True,0.5142,0.001519,96.1308,0.146,0xae...cc52,https://bscscan.com/tx/0xe133f3fcc366b326b6d055a1b1efc95bca01b719ea8c693614d2d2de71fc2744
2023-03-20 16:36:50,False,0.5096,0.001512,611.795,0.925,0xd3...ec6f,https://bscscan.com/tx/0xdc2e9fb9977e28e3c3ba60e74ab422846c8c86f2878943d1c5d07766041fd909
2023-03-20 16:36:47,False,0.5096,0.001512,611.764,0.925,0xd3...ec6f,https://bscscan.com/tx/0xe373e1d202c3df61fe7f57e3bb0fb5c6fc994cd23d0563737ef584896bb20cee
2023-03-20 16:36:44,False,0.5097,0.001512,580.853,0.8783,0xd3...ec6f,https://bscscan.com/tx/0x945e664ff4838946fc977b47eb24c05453d4f84462f305e11c6214696e92fc53
2023-03-20 16:36:39,False,0.5097,0.001512,580.825,0.8783,0xd3...ec6f,https://bscscan.com/tx/0xe9003c233541738f66c1d7fd9c7a478c44fdfbd0f6f6c7c01673ad4ec3c3f98c
2023-03-20 16:36:21,False,0.5097,0.001512,51.716,0.0782,0x5e...54c8,https://bscscan.com/tx/0x894e1fab1a012661e0c670b76bdaa1bdff88556ae297c1952afdbc9d19bedcd8
2023-03-20 16:36:11,True,0.5123,0.001519,581.192,0.8833,0x70...8487,https://bscscan.com/tx/0x9a868e8c54123a038d8de4352385cc928713d9cfce2f27f1ea10e307d98d6f4e
2023-03-20 16:35:43,True,0.5123,0.001519,5.0,0.0076,0x11...e1a1,https://bscscan.com/tx/0x91cbae03c6e1d93c8d3599ffeb933e4696f4d77a15645e9fcf5f794c5f5ac31b
2023-03-20 16:34:53,True,0.5123,0.001519,67.8185,0.103,0x04...7bd8,https://bscscan.com/tx/0x97ef2441d6fa66b0680757b6a3c9516a4b551308ee080ea9cfc91a88acf5c2c8
2023-03-20 16:33:41,False,0.5122,0.001512,76.7342,0.116,0x96...3bbf,https://bscscan.com/tx/0xa2b7f82af442d11b6e3e7933d7755a6a6e0d4562a99226d0983a3996f6ea0fe5
2023-03-20 16:32:38,False,0.5096,0.001512,27.1336,0.041,0x66...89f0,https://bscscan.com/tx/0x84258b404c37122839813d8be1b9f3a4fda44d3e4bdb843e8ac4909fbf71b490
2023-03-20 16:29:47,False,0.5121,0.001512,39.158,0.0592,0xf4...009f,https://bscscan.com/tx/0xd40cabaf32d87a80ed0085f63111af36637a9b45b40be10323dc0b2a3457637e
2023-03-20 16:29:05,False,0.5095,0.001512,60.0,0.0907,0x2d...279d,https://bscscan.com/tx/0x1f44ee0caec1fe7a84b6ec2cfedc89769145c6eab4aafdad44d2c4a3656079d5
2023-03-20 16:20:53,False,0.5095,0.001512,30.7594,0.0465,0x9a...b48c,https://bscscan.com/tx/0x2397aafb92b2e475de20136fcd71aa7b79760f76ccdf50117d633ae857268dff
2023-03-20 16:20:32,False,0.5121,0.001512,75.0,0.1134,0xe7...9b4e,https://bscscan.com/tx/0xee29210e9df3a3ee127e427a81c70cf4438ece5bb264067ac478b633602a1f4b
2023-03-20 16:20:14,True,0.512,0.001519,581.308,0.8835,0x70...8487,https://bscscan.com/tx/0x7dadfe1c8b689f2b75b03dd523779236456176f80e9a94c2f90f894c7721c261
2023-03-20 16:15:08,False,0.5093,0.001512,10.0,0.0151,0xdd...2f8d,https://bscscan.com/tx/0x7d4de11a5980d1fce2b1997c0a86b7a3c8fe61b3a462eb016259704d8b649006
2023-03-20 16:14:21,False,0.5117,0.001512,460.341,0.6961,0x6b...4a1a,https://bscscan.com/tx/0x561c1514ffe11293f7ded678e78d3ac59f227ba811a47a2a3193a0a45663f23a
2023-03-20 16:10:29,False,0.512,0.001512,35.2055,0.0532,0x9a...b48c,https://bscscan.com/tx/0x197b66ab8f61ce9f01d77a1bd8585d0e4c37bb5f29fa604bf6f3fe703194975f
2023-03-20 16:09:35,False,0.512,0.001512,50.5158,0.0763,0xdb...f566,https://bscscan.com/tx/0xc8dfc77515ea37dc44c5e4b206df4afd22401e4eb78df01b2f1bb308edd881ae
2023-03-20 16:09:20,False,0.512,0.001512,246.662,0.373,0x92...b886,https://bscscan.com/tx/0xc9231b25f5bcd456f923794b47e22c6e0757638c1022422890f0f50fcb16524a
2023-03-20 16:05:28,False,0.5121,0.001512,53.0,0.0801,0xa6...76de,https://bscscan.com/tx/0x5f7f4c28f7092a68098e78fda0b53194a1466e5000bccd3d0459a2529db823bb
2023-03-20 16:05:07,False,0.5121,0.001512,53.8714,0.0814,0xb8...377b,https://bscscan.com/tx/0xc42b76d828b3601955211a90798ae34e19767b846d093e58e900ef2599270ffc
2023-03-20 16:04:37,True,0.5147,0.001519,103.847,0.1578,0x78...e538,https://bscscan.com/tx/0x00b0c26351e3ca0dd120b87956bd3e5c530b38ae1274c53c9a203fd640755eb3
2023-03-20 16:04:34,True,0.5146,0.001519,2981.63,4.53124,0xd3...ec6f,https://bscscan.com/tx/0xeaa96f734a1acc517264965af8033f5212a7539705759eb2a81e6c500392ad3c
2023-03-20 16:04:13,True,0.5145,0.001519,581.093,0.8829,0x70...8487,https://bscscan.com/tx/0x31758cbe8dc4578dad1d66fe7e46a7e3bf5d73b0503a28d5da19103ca87b50e4
2023-03-20 16:03:13,False,0.5126,0.001511,100.0,0.1511,0xb6...f5ee,https://bscscan.com/tx/0xf0aab31dd29e553b8d886e6ca674a21e661b3e488590e994cea9ae7b1b175b0c
2023-03-20 16:02:49,False,0.5128,0.001511,97.9545,0.1481,0x9a...10b5,https://bscscan.com/tx/0x75fa5d02bc44cad65d8f3a0cc33c9b6a21cb5a313363eaf5415a09aa64ee90cb
2023-03-20 15:56:22,False,0.509,0.001511,98.0542,0.1482,0x9a...10b5,https://bscscan.com/tx/0x368f8052ea949f67fccd6eec211a1a71b7b82f2a7615e737909bf18e9a2c0a04
2023-03-20 15:48:10,True,0.5138,0.001519,582.584,0.8852,0x70...8487,https://bscscan.com/tx/0x711ee1f044826e1111ad31a0141e7e378d73ef832895a8009a65d84197899088
2023-03-20 15:40:28,False,0.5082,0.001511,52.8164,0.0798,0x2e...f345,https://bscscan.com/tx/0x8cc9dee3aa9b246eb8b9707f07a41322999de5ae75e4933f0177fc4f9130d691
2023-03-20 15:32:13,True,0.5102,0.001519,583.279,0.8862,0x70...8487,https://bscscan.com/tx/0x292cbf0f3ca0b252b632abdd07629c3caa2fe43f3d6ff288222df6ea095eee7d
2023-03-20 15:31:55,True,0.5101,0.001519,65.8175,0.1,0x13...46c9,https://bscscan.com/tx/0x7e3fbdf0db0112b8b461cf687a5f4e3c3017c1ec39035a63b988b4d8e62f4290
2023-03-20 15:23:52,False,0.5073,0.001511,280.0,0.4233,0x33...8082,https://bscscan.com/tx/0xe3c6c56937613e28919c39a5cb56a97e601948380706830961f91866863160c5
2023-03-20 15:23:40,False,0.5073,0.001511,8.45,0.0127,0x2e...8a8c,https://bscscan.com/tx/0x2c72d8f5da284e938e9ad384f35ce1ae7b1dd707b696ad0af1e8551fc1f6c036
2023-03-20 15:20:22,False,0.5098,0.001511,10.0,0.0151,0xd6...d21e,https://bscscan.com/tx/0xfd6d3fb6de4859b48bc672a6bc774a4b1b6e433108e4fabfb5b17cf9fa7963c2
2023-03-20 15:18:01,False,0.5099,0.001511,1710.6,2.58627,0x00...78d2,https://bscscan.com/tx/0xcfce806c40491e45877bc54bf2d73f986db23d5a82a766e54e38757205e4a4ad
2023-03-20 15:17:55,False,0.51,0.001512,2364.88,3.57608,0x00...78d2,https://bscscan.com/tx/0xfb1d6a786a8ddee9a45bebc68fafd3d501e14d921875fac3fa3c27d9cac45327
2023-03-20 15:17:13,True,0.51,0.001519,583.169,0.8863,0x70...8487,https://bscscan.com/tx/0x44736decfa96d13eeced8e8a92cdbfb631c453843b472a70893eeddd7a1f6db6
2023-03-20 15:15:07,True,0.5103,0.001519,11.7633,0.0178,0xaa...763c,https://bscscan.com/tx/0x5fb0bff738d6aba94c8fdbed682a31d19be2bc311345fda595b4c3413faa1bd4
2023-03-20 15:14:58,False,0.5077,0.001512,242.875,0.3672,0x11...bd08,https://bscscan.com/tx/0x73726e6c87191c17a88b330f1916cdb4384a430cec0687ecc6cd863e811aacf2
2023-03-20 15:13:22,False,0.5103,0.001512,2364.88,3.57668,0x00...78d2,https://bscscan.com/tx/0x111f07e6288e473f3d178e0e6ce58624fddadc94e32aac1b8440b3f4809cf973
2023-03-20 15:12:19,False,0.5106,0.001512,4.6,0.0069,0x6f...c51b,https://bscscan.com/tx/0x2a6989dc3b254c16ccbed91a899ec0af95dd14f7e6618a814894c2f46cb6f0a7
2023-03-20 15:11:52,False,0.5106,0.001512,15.0,0.0226,0x40...3879,https://bscscan.com/tx/0xd3c5d22ca36f2d189bf26ded26e60f5ec5a13962daf26aeaedcd09388c95d8f8
2023-03-20 15:01:28,False,0.5094,0.001512,4.4073,0.0066,0x9c...28a2,https://bscscan.com/tx/0x623c130055687a034e451a8b31939b13117ec98008871354f5cea2aa781dc490
2023-03-20 15:01:10,True,0.5122,0.00152,584.485,0.8884,0x70...8487,https://bscscan.com/tx/0xe3e4be163f66243396f671df1e41b71dc53426244f7ee1cf2ebf744d269b6f7f
2023-03-20 14:57:07,False,0.5092,0.001512,1202.14,1.81831,0xec...c760,https://bscscan.com/tx/0x5917327b4009e14c632f82093fee75f9270bea5ca46ef0f2ec48dc7399c2a741
2023-03-20 14:52:10,False,0.5091,0.001512,58.7136,0.0888,0xc6...faf5,https://bscscan.com/tx/0x590f5e4f672a20ba32f567981ef34b8790f891c2fbd979fb2b0c1577b21f3c89
2023-03-20 14:47:49,False,0.5063,0.001512,60.0,0.0907,0x0a...aa88,https://bscscan.com/tx/0x44df1236c0aef997cb7c1fa95de7ff856f95947baf7b9cc9478bfc1de4f133c9
2023-03-20 14:47:01,False,0.5064,0.001512,20.0,0.0302,0x0a...aa88,https://bscscan.com/tx/0x86dbac70c4105f6c51fc754e1d3e9b17f6dfc71d1c8b36c9cf13f2ba5ca0e5a2
2023-03-20 14:46:13,True,0.5114,0.00152,583.575,0.8871,0x70...8487,https://bscscan.com/tx/0xce736dcde93559cfbfe04357987ac34b246589c5f7f1aaa988878d9fe92a2d3f
2023-03-20 14:44:58,False,0.5089,0.001512,2364.18,3.57637,0x00...78d2,https://bscscan.com/tx/0xb43a6785493d7a39a4a712ea7bb129305f2872f297595b60f55089f03638bcff
2023-03-20 14:44:31,False,0.5088,0.001512,245.078,0.3707,0xfe...697e,https://bscscan.com/tx/0x0ed8c2aa31bd62ca088eee1744952028441023fd84f5804191bc3ea61ffba8d3
2023-03-20 14:39:28,False,0.5071,0.001513,2361.85,3.57362,0x00...78d2,https://bscscan.com/tx/0x06ebde29d956e0ad4f6b2b248fe734dcfe1b5ca90b7c765d89a8924edf13c609
2023-03-20 14:38:25,False,0.5099,0.001513,1077.2,1.6301,0x00...78d2,https://bscscan.com/tx/0xe1dbaca0b3ce1c68cc8851054f4eea129f7c44298613b8152f71a000b48e2645
2023-03-20 14:37:22,False,0.5076,0.001513,2369.55,3.5863,0x05...7eea,https://bscscan.com/tx/0x7559caf33373853cc9a56ef6551a9649bb5bbe8ac92d5a5194cbfcaaaf595e4a
2023-03-20 14:37:19,False,0.5103,0.001513,853.031,1.29123,0x05...7eea,https://bscscan.com/tx/0x8f620840a5d3d02c01b36a01232a533be1765d00ee4b0f486ed6f82bced67c2d
2023-03-20 14:36:40,False,0.5111,0.001514,6178.2,9.35463,0xd8...bcda,https://bscscan.com/tx/0xc5290824bb64274b377cd5971c95384e16dd92df3652833b09a47d3ba6c8f18a
2023-03-20 14:36:37,False,0.5113,0.001514,3308.88,5.01206,0xb0...a41e,https://bscscan.com/tx/0xfdac104cdb0b5bcfa205b488a45dc4c4653e6b6b6d018dccf83cfd610c68331c
2023-03-20 14:36:34,False,0.5115,0.001515,866.9,1.31335,0x00...78d2,https://bscscan.com/tx/0x3e4ee24765bda1fbb48d9eae73bdfb56a8be353ffa9221de2e8322636685b17b
2023-03-20 14:36:24,False,0.5115,0.001515,1406.8,2.13149,0x05...7eea,https://bscscan.com/tx/0x3ed6f2097a5abc0188f9d09cfb19cad99f692df3e2bf275bdc39d132e46452c8
2023-03-20 14:33:52,False,0.5137,0.001515,96.7866,0.1466,0xef...a440,https://bscscan.com/tx/0xfa28789255087f358c181cc5eb1edb8badf879d7ca88f5b4c289ded92c23adb3
2023-03-20 14:33:31,False,0.5112,0.001515,200.0,0.303,0x48...5747,https://bscscan.com/tx/0xcb940493b0d22a70f0294034e271567ce044d91e082b8a432317f3ddd78ca28a
2023-03-20 14:32:52,False,0.5113,0.001515,953.6,1.44501,0x00...78d2,https://bscscan.com/tx/0xd0a24d39c01ec4a266b6531b12127df613c27ab14d0a3ff85fbcc08fc2ee7e16
2023-03-20 14:29:59,False,0.5139,0.001515,964.0,1.46088,0x00...78d2,https://bscscan.com/tx/0x6eee229b3b509074d4907f7f6a34799bb77df99f9617be6baf112d8ab9a597ff
2023-03-20 14:19:11,False,0.514,0.001515,5.0,0.0075,0x49...29d5,https://bscscan.com/tx/0xd37e4897a3a4848a49d9a80b4b9e6409cb95c1484110a3b7441dee70994c1f72
2023-03-20 14:16:20,True,0.5166,0.001523,2.00779,0.003,0xcd...c1da,https://bscscan.com/tx/0x69ed0dfe790c270c4a5f9a4adddbe92f12d801fb5e203df52e1f2e6913b0beab
2023-03-20 14:16:14,False,0.514,0.001515,797.0,1.20789,0xc0...647e,https://bscscan.com/tx/0x8c60893c9f1d2e6959edf4f469523a5b2621514b8eee0dcdb4a9e7a5cc490e40
2023-03-20 14:15:41,False,0.514,0.001515,25.0,0.0378,0xb4...6d63,https://bscscan.com/tx/0x32cefaae135b47eaf307f6e5d939b619f3b212b6bec963ea8e677dc9f39f4fff
2023-03-20 14:14:23,False,0.514,0.001515,29.0,0.0439,0xbb...b852,https://bscscan.com/tx/0x16990cb29bdd98c697fe9e63814ff6bd04771061fe4f7755ea6f81b0d0029551
2023-03-20 14:12:02,True,0.5142,0.001523,6.91556,0.0105,0x92...8783,https://bscscan.com/tx/0x1f7c0022cb848d6cee1481aa17c3336c71a3205aea16f35a4e375b1b4988bc95
2023-03-20 14:11:56,False,0.5143,0.001515,797.0,1.20798,0xd5...40c3,https://bscscan.com/tx/0x9a40ea501ff0eae995f4871181a481039f9e4322f6d222d86590c895f5854518
2023-03-20 14:11:32,False,0.5143,0.001515,2053.8,3.11322,0x00...78d2,https://bscscan.com/tx/0x929ce8290c96a11fe8fadb3f64a2a19a9643ef7382ca1c2f2a351b3a5ba0aca2
2023-03-20 14:10:53,False,0.5142,0.001516,89.2303,0.1352,0xa2...a5ec,https://bscscan.com/tx/0x6c93cace254de6d4505de239e220e2e16d04225ce2bcfdd5fdf3382d3be04eb5
2023-03-20 14:08:11,False,0.5143,0.001516,1702.5,2.58113,0x00...78d2,https://bscscan.com/tx/0x4fd4505cb399f357c484ea9a89ef70512fbfadeb00631360d5b91fb7802b6cb0
2023-03-20 14:07:56,False,0.5144,0.001516,797.0,1.20844,0x71...8c84,https://bscscan.com/tx/0x6a1b978fcc0c03b32de4adc411b8016d5c808cfd2209ab057190271c74427541
2023-03-20 14:07:56,True,0.517,0.001523,659.481,1.00496,0xa6...3df9,https://bscscan.com/tx/0x11cbf87b08c4e9342017dc6184c09c225cea2395d64cad61f253eee2cfbdb058
2023-03-20 14:07:08,False,0.5119,0.001516,2348.68,3.56144,0x00...78d2,https://bscscan.com/tx/0xd1d516effc62ea7ab0b187af3888e2b69e0df31ae4857087198c65a3aa0f75fe
2023-03-20 14:05:50,False,0.5144,0.001516,532.4,0.8074,0x2c...015a,https://bscscan.com/tx/0x4f46b5d3ee9614560cd2fdd2c180cf87a9306cc51188c1adc17cdd5c6d4af545
2023-03-20 14:05:50,False,0.5144,0.001516,1063.3,1.61264,0x05...7eea,https://bscscan.com/tx/0xd43a3e0b8a489696379b9c7f7bf387b70ca47410709db73bbf077dd403a9329a
2023-03-20 14:05:14,True,0.5174,0.001525,154.043,0.2349,0x03...113e,https://bscscan.com/tx/0x76540ad1c800c4bc0a7d82499afa5d8b3f734742105b8bf4cb8ed24969a403f1
2023-03-20 14:04:23,False,0.5118,0.001516,60.3716,0.0915,0x02...f2c0,https://bscscan.com/tx/0xe056f2d6178cd31fb5a2441a5faa918c74fc7b5d8a0bcf18f51cf1f81a032137
2023-03-20 14:04:05,False,0.5144,0.001516,828.5,1.25662,0x3a...231f,https://bscscan.com/tx/0x54e44f693e02f08a02c07318261b6cb6cd8573b40b9a4c7bd5119717f5fb7778
