datetime,buy_order,price_USD,price_native,amount_token,total_native,maker,etherscan_url
2023-03-26 21:04:59,False,0.4739,0.001445,6.0,0.0086,0x38...d3a1,https://bscscan.com/tx/0x16df81ad220cdd91392ff529a6c3bf389850391799cff86b02c48936f865f860
2023-03-26 21:04:17,False,0.4718,0.001445,1.29074,0.0018,0x0c...7776,https://bscscan.com/tx/0x7d9259aa038c7cdbe54889540078aecd33949f377357ffc619f3197a86b42176
2023-03-26 21:03:59,True,0.4766,0.001453,0.6744,9.8e-05,0x0c...7776,https://bscscan.com/tx/0x9e081ca3e8914561562c84602b1417a0ac2c8325476fd08a1acae5a765ee5bcd
2023-03-26 20:56:14,False,0.4719,0.001445,14.7919,0.0213,0x9f...3fb5,https://bscscan.com/tx/0x1da093f063433fd2b2534ce4b731746c77500865d67764e72739e723e971eb5e
2023-03-26 20:56:11,True,0.4743,0.001453,629.03,0.9139,0x70...8487,https://bscscan.com/tx/0xe3c78ef8477e3df8f8163d8032cfacc2dce9e52f034bad8749be4e9abe14009c
2023-03-26 20:53:17,False,0.4743,0.001445,1.823e-06,2.636e-09,0xd9...a33f,https://bscscan.com/tx/0x22c05b9dae24e7cc7d023ba36eabe84553c9497732e6487e25490941243d27b8
2023-03-26 20:49:56,False,0.4719,0.001445,41.7292,0.0603,0xe0...4cd1,https://bscscan.com/tx/0xe73d1ec679e9f065dd74ebfc1d49bc83358904016c4c071287d0b8fc8d55f91f
2023-03-26 20:49:17,True,0.4743,0.001452,0.6744,9.8e-05,0xfd...2af9,https://bscscan.com/tx/0xfcfac40d84f6b2eeeb647b75465a59cc837fbcc48950c86dd669ad4193361c24
2023-03-26 20:41:20,False,0.4742,0.001445,6.0,0.0086,0x6f...ae36,https://bscscan.com/tx/0x7ddb1259920e96d981fbb1bac860eeafe9c3c79168fe0364772bcd7eb56e7465
2023-03-26 20:40:35,False,0.4742,0.001445,70.6775,0.1021,0x4d...d9b8,https://bscscan.com/tx/0x860fb22153055bfb835c06d2850d0d16784603251cc3037eef87c160620b9658
2023-03-26 20:40:11,True,0.4766,0.001452,629.175,0.9141,0x70...8487,https://bscscan.com/tx/0x506d0235dd2adf2ef9c928ffe1364319014ddf058cf7020dc4706b62f35632e6
2023-03-26 20:38:47,False,0.4718,0.001445,31.0858,0.0449,0x53...ba85,https://bscscan.com/tx/0x19c6e89f5ac518c3f18d22e536a868d1ae86845a8d547f12cbdbdfe04d237441
2023-03-26 20:35:08,False,0.4718,0.001445,25.0,0.0361,0xef...a440,https://bscscan.com/tx/0xe89e6b3650dd282ed497799c1cc2d54ca264f764e462a644a10445b208102b0c
2023-03-26 20:31:20,False,0.4739,0.001444,44.5063,0.0643,0x50...cd42,https://bscscan.com/tx/0x96030b3d8e0cf26551b009d530bc8f79c80d64a608f1906b12efd100908eb079
2023-03-26 20:30:41,False,0.4739,0.001444,4.52,0.0065,0x50...cd42,https://bscscan.com/tx/0xc1bf9dc7d7afdd296f1eabdf764f59fb1f7c1293911148c4259807b0e3768b55
2023-03-26 20:28:17,False,0.4741,0.001445,17.5,0.0253,0x19...c92f,https://bscscan.com/tx/0xccc9bf47848145656d5debdc4577813fae9d73bcf018daf4560f9131f607de5f
2023-03-26 20:25:35,False,0.4716,0.001445,39.0804,0.0565,0x7a...cc4f,https://bscscan.com/tx/0x3a7db69c7b47e7f4d63c661270ab90e6996a6cb7188fe18842472dcc26449dd1
2023-03-26 20:24:14,True,0.4763,0.001452,629.15,0.914,0x70...8487,https://bscscan.com/tx/0x225440763052ff6e0029824dac628bcf01ce17da6da97b5ebcba7cf0d52838ae
2023-03-26 20:09:11,True,0.4759,0.001452,629.173,0.914,0x70...8487,https://bscscan.com/tx/0x679095af48b52c63b49fb046b601f0fc7f0548593fae72df66524a901ad26f55
2023-03-26 20:07:47,False,0.4712,0.001445,2478.0,3.5823,0x00...78d2,https://bscscan.com/tx/0x937718a723a1f4a4dfbab0a0dfbfdac81cab95e510541e92e18a3b9d0175024a
2023-03-26 20:07:44,False,0.4713,0.001445,2540.07,3.67275,0x00...78d2,https://bscscan.com/tx/0xe718690e765a551cd74ea3246487e3070cb4e5e60792d742ec176a6f34eddc1a
2023-03-26 20:07:41,True,0.4733,0.001452,21003.6,30.5,0xd9...a33f,https://bscscan.com/tx/0x9c2acc6bc5594aad4d5b98c111de490df28dab590d6a25f9abdcf7e98ac9e135
2023-03-26 20:07:41,True,0.4727,0.00145,13791.6,20.0,0x97...d57d,https://bscscan.com/tx/0xc07152934e51407d9e5bd282c78921fb5a7df210428bfcdd54b2f86cc3ced6a8
2023-03-26 20:06:02,False,0.47,0.001442,80.0,0.1153,0x9a...903b,https://bscscan.com/tx/0x107145747dd711f903bf97ac78dd2d0cab5da83d986abf3a1f11c1b85a2c1bf2
2023-03-26 19:59:26,False,0.4723,0.001442,53.3932,0.077,0x86...4103,https://bscscan.com/tx/0x3cc3916c981764e9f0dd096a0729c1de486166e8052d80443c158869aa59c5e0
2023-03-26 19:56:47,True,0.4749,0.001449,75.7425,0.1097,0xfd...4a20,https://bscscan.com/tx/0xc83bff8e5bedcd8738780fa94c7d99537a3a80ae097dfa8b645c46a521efd379
2023-03-26 19:53:11,True,0.4745,0.001449,631.546,0.9153,0x70...8487,https://bscscan.com/tx/0xc9686f38310dc74de19ccd1f00096857a489868bf18d062a3bcc6b3393b63751
2023-03-26 19:52:59,False,0.4722,0.001442,55.9587,0.0807,0x8b...6887,https://bscscan.com/tx/0x34e2a7f2277c09110f6fc18523f2db15d75d250c2f374263a56614339be0292d
2023-03-26 19:52:02,False,0.4698,0.001442,6.52926,0.0094,0xee...8089,https://bscscan.com/tx/0x3d8e29e67d16dcfcb212f4b2c683a2e621d7587b2a81dc60accc351aaef10ee0
2023-03-26 19:51:08,False,0.4721,0.001442,11.7904,0.017,0x42...76bc,https://bscscan.com/tx/0xf3296d8107d519e4a33482fc4946818ab95596898d9fc83c1726a7ec7089b0ea
2023-03-26 19:48:41,False,0.4724,0.001442,77.0,0.111,0x2e...f345,https://bscscan.com/tx/0x6fbad5ed6823fed7e413ea9a993b58898a42e93fc2da0ae8f18771c1a3b9c665
2023-03-26 19:42:56,False,0.4721,0.001442,90.2308,0.1301,0x18...c06a,https://bscscan.com/tx/0x7a6d11c11829d1efa3ddb37e8450e2d99e5a6670a3f112525f3d87f29d533053
2023-03-26 19:39:35,False,0.4721,0.001442,300.0,0.4326,0x18...c06a,https://bscscan.com/tx/0x4c20266cb7211ebd944806c644f7bea525d31f3297a9d768c36471dd80b897ae
2023-03-26 19:37:17,True,0.4745,0.001449,631.876,0.9158,0x70...8487,https://bscscan.com/tx/0xfbb6d95d6cee1ef9e26e327f8e3b0d266beb3d4b7b5218a7d0a5eddb8d95bd00
2023-03-26 19:34:29,True,0.4744,0.001449,360.16,0.5219,0x40...bf97,https://bscscan.com/tx/0x78e25b2d63ec53a58e58f501460be9b20bf0b8e5a271abc239bdf600acfa63e7
2023-03-26 19:33:50,False,0.4721,0.001442,1013.8,1.46198,0x09...18f7,https://bscscan.com/tx/0x8787c87e69287bde6786c7fd4b032960ef21cae9103cf19d1a7ec6492793d5d6
2023-03-26 19:33:17,False,0.4719,0.001442,1.93676,0.0027,0x2b...44b6,https://bscscan.com/tx/0x7b0ece363ee5f3d6bfafaca9df5d3fca9a0e045825d3e46f6ad770e19de59271
2023-03-26 19:32:20,False,0.4698,0.001442,33.3302,0.048,0x7d...f4bc,https://bscscan.com/tx/0x5b9cdf2466acb4de733ddd1b6d5d4a4a11213c3a4def2aaf314a4064a5aab6fb
2023-03-26 19:31:59,False,0.4722,0.001442,79.3398,0.1144,0xc8...5889,https://bscscan.com/tx/0x76a8cfc3f8dc0bd9cb84ef8567e1c3bc5a5114d5441aee7110752208ae3850ad
2023-03-26 19:31:35,False,0.4723,0.001442,2550.87,3.67909,0x00...78d2,https://bscscan.com/tx/0x0190709b36d19eafe47735b54673c6f55935ed56e7bcc9300c782a5438199a3b
2023-03-26 19:28:07,False,0.4697,0.001442,112.074,0.1616,0x5e...54c8,https://bscscan.com/tx/0x91f72ed7e8c1e5fafccd191185f7b1b23b95e728a0f51a7cdf52ba8cb6f692eb
2023-03-26 19:22:10,True,0.4724,0.001449,631.508,0.9154,0x70...8487,https://bscscan.com/tx/0x870b1dba7a88b584f767be02f356df5811bcb930186103b9339b67037082a71e
2023-03-26 19:22:04,True,0.4724,0.001449,21.691,0.0314,0xfa...ac71,https://bscscan.com/tx/0x34dcaac0c12a7a70fa20840404bb04e0f9eaa0e0bf3e867cd764789a153cde02
2023-03-26 19:06:10,True,0.4749,0.001449,631.713,0.9157,0x70...8487,https://bscscan.com/tx/0xc6968bea9c287ebcc0a25387c245686a4c7ed50c137e9a270adebb95eb12616e
2023-03-26 19:05:25,False,0.4725,0.001442,2556.3,3.68733,0x05...7eea,https://bscscan.com/tx/0xa132f24086fa912d96bcdb99f16cc622c641233f678cc5a02d24d5028a8fbaad
2023-03-26 19:04:55,False,0.4702,0.001442,2556.3,3.68806,0x00...78d2,https://bscscan.com/tx/0xf85849dbe366b8eda31dd98b81fa2ccfd092606d3e3abcac3d44e8b8c2fd511a
2023-03-26 19:04:10,False,0.4725,0.001442,212.662,0.3068,0xcb...345f,https://bscscan.com/tx/0xcf46f34def6ba9a5c6d31744f08b839e068c439d7e3bc3f874733c24ef826fe9
2023-03-26 19:00:19,True,0.4746,0.00145,0.0286,4.16e-06,0x8b...6566,https://bscscan.com/tx/0x1138e11958db488fa9840d8a6878be39ee063b282c002aa5c09fbae5640d13de
2023-03-26 18:58:43,True,0.4724,0.00145,303.509,0.4401,0x52...799a,https://bscscan.com/tx/0xc8b710c7d572c515001ec3076d892768b61b61bb9fbd491b31ab4f542119bb25
2023-03-26 18:56:34,False,0.4723,0.001443,1598.5,2.30657,0x00...78d2,https://bscscan.com/tx/0xd5c62eaba1b4e49248ac1c72dede72f327f2b7970c27b3a539147495986b2b4a
2023-03-26 18:56:13,False,0.4724,0.001443,1978.3,2.855,0x00...78d2,https://bscscan.com/tx/0xb3c20ee3a1b60baa4271fd2d9778e9576757962fb22107d4f99e57d4fd2da920
2023-03-26 18:52:41,False,0.4725,0.001443,12.0598,0.0174,0xc1...f415,https://bscscan.com/tx/0x1b975c80524a69b2d481418b1497a1dedf22ced5c2c8fedbde3812473e41e210
2023-03-26 18:51:17,True,0.4748,0.00145,631.553,0.916,0x70...8487,https://bscscan.com/tx/0x54a4db74f1d66f51fee307ed59be3b22bdd05427b08d511b601bc2e456876e1b
2023-03-26 18:44:44,True,0.4726,0.001451,72.9802,0.1059,0x7f...cdd7,https://bscscan.com/tx/0xa18befd9a8fedc70cee0f13ed1fa015eb1a1db5c2e3e5bd1c312dd64e4797fbc
2023-03-26 18:44:41,False,0.4724,0.001443,185.352,0.2675,0x91...fa15,https://bscscan.com/tx/0x9b69610c0c803077ef72e1d25ec925c449b5b9445f374b8d8ef44162c8fb6169
2023-03-26 18:43:08,False,0.4724,0.001443,72.0032,0.1039,0xf7...3f4a,https://bscscan.com/tx/0x879a6867a70fda5a54165614e795f963d118bdc48afb48ba4362f30eb36c9f69
2023-03-26 18:36:17,True,0.4747,0.00145,631.695,0.9162,0x70...8487,https://bscscan.com/tx/0xcb2e08e13b83149ff222684d9c4302c1581420400e8d1b28f07ee04edc889feb
2023-03-26 18:34:55,False,0.4722,0.001443,2.87863,0.0041,0x55...557a,https://bscscan.com/tx/0x01ada8659a348ad783a3d548f52e7482de1263250a20d84f1204d19753f4377a
2023-03-26 18:25:23,False,0.4696,0.001443,93.8693,0.1354,0xe0...dade,https://bscscan.com/tx/0x27544245cc5e661309c10b100d484f989fbbfb7ca9d8c5032010fa552ec21a22
2023-03-26 18:22:59,True,0.4746,0.001451,22.5419,0.0327,0x61...b78b,https://bscscan.com/tx/0x0da3a528ffbc631881a2bc2a44738e2f50ca375f2b471be99258dae591700336
2023-03-26 18:20:59,True,0.472,0.00145,1859.66,2.69706,0xfa...fc2a,https://bscscan.com/tx/0xb1cd5caa7e6ff4f90dfb3168fa1385570c25ab485f99cec3ad660962528caf9d
2023-03-26 18:20:11,True,0.4743,0.00145,631.48,0.9157,0x70...8487,https://bscscan.com/tx/0x6a2625d75e2980ac5f43cbcc40d84ec66d2cf581b5faa2974d46083ef015bef3
2023-03-26 18:13:47,False,0.4696,0.001442,11.1492,0.016,0x8c...7631,https://bscscan.com/tx/0x390896bfe05f1457199d71f2bc5826b82a75271dd85f84625b70bd6b1fde26a7
2023-03-26 18:06:53,False,0.4697,0.001442,512.954,0.7401,0x9f...d268,https://bscscan.com/tx/0xe067d28f3747039bb3923012d34e4d9acb3fc68cb3038b6949ca0f7f6576c5ad
2023-03-26 18:06:26,False,0.4697,0.001442,15.61,0.0225,0x5d...251f,https://bscscan.com/tx/0x6a548bb48c07ee257d7da8bc77f337a5bfd88698c4fef72f8f9ef6a46a734387
2023-03-26 18:05:11,True,0.4745,0.00145,631.453,0.9157,0x70...8487,https://bscscan.com/tx/0x858bf40a4e01baf50cb252135f150dac3376b1af9ea89962e0278fcc82b29746
2023-03-26 18:03:35,False,0.4697,0.001442,689.5,0.9948,0xc1...b919,https://bscscan.com/tx/0xf799cc31dfa46cf482a8b6ddbf34a69a9bc597ac122a51ce61672c7197599311
2023-03-26 18:03:26,False,0.4721,0.001443,2446.85,3.531,0x00...78d2,https://bscscan.com/tx/0xc8e7252e863337eed2c69d5b8caaaf5f9328486c6a153b2042ccc454e2bdc291
2023-03-26 18:02:50,False,0.4722,0.001443,2545.46,3.67402,0x09...18f7,https://bscscan.com/tx/0x749e0a40b8d56373ca1971b6665b7fe10d204f095788b97aeb735701f3d750c8
2023-03-26 18:00:02,False,0.4723,0.001443,170.0,0.2454,0x29...2e93,https://bscscan.com/tx/0x004eb5f79e8113d397e44fb593e96479a4906c9d73281996ba0b56268b0bb865
2023-03-26 17:59:11,True,0.4746,0.00145,116.483,0.1689,0x73...6744,https://bscscan.com/tx/0x4fc90c3e858c1244c78b32df0f6bfc435e6ae296ab2d2036f8f603472319c57a
2023-03-26 17:56:50,False,0.4721,0.001443,1324.9,1.91261,0x00...78d2,https://bscscan.com/tx/0x3a6a86b05652083f9b66ab038cc5d13290592730d0bd38de6ba304515eed566a
2023-03-26 17:54:20,False,0.4722,0.001443,2550.87,3.68295,0x00...78d2,https://bscscan.com/tx/0x54010fe9ad7a483e12806e8eb87dcc20dd0b36810d0fb05a30597d78875c8ee0
2023-03-26 17:49:47,True,0.4747,0.001451,54.1248,0.0785,0x2c...c9c5,https://bscscan.com/tx/0x696046df3ab5305082d1ae6dfca78ec1bd297491a828930497a12fd1690e831a
2023-03-26 17:49:11,True,0.4723,0.001451,631.013,0.9157,0x70...8487,https://bscscan.com/tx/0xfe02671e2b1c8d7ce4ed07616f57c92caadfac5ef5a5b8cecde5765514d3f3de
2023-03-26 17:48:26,True,0.4727,0.001451,49.0013,0.0711,0xc5...2dee,https://bscscan.com/tx/0xe9bb63b7ec8c4a8e44d5f7d5903bcfeca7d99c6f0a854191e2a67c6bd08a115b
2023-03-26 17:41:08,True,0.4728,0.001451,75.1032,0.109,0x64...3a6c,https://bscscan.com/tx/0x7b1f6657afa57b04a531719ab1c48ac808a8773adcdb5236810efaca0d2af7ce
2023-03-26 17:40:32,True,0.4725,0.001451,36.2881,0.0526,0x16...1cdb,https://bscscan.com/tx/0x5a0ac4f55d607a74a41d912584b376c31f998b4bb81e4ad27244897e3de8766c
2023-03-26 17:38:02,False,0.4724,0.001443,830.0,1.19844,0xe3...d2ff,https://bscscan.com/tx/0xdb3a48db06d732b4b1523e1b700e984e53d4a7265b3cd59e6179a49ad38236c7
2023-03-26 17:34:11,True,0.4746,0.001451,631.397,0.9162,0x70...8487,https://bscscan.com/tx/0xccfb740575f8d05add7538a10ce0ddd33ad1faea4a432020898721e7c35a51eb
2023-03-26 17:30:41,False,0.4697,0.001443,125.0,0.1804,0x52...0ae0,https://bscscan.com/tx/0x4bda2fc69cc6c4c1ed85b2a9be283dd39967bea2601cea11e0e4571ddab59f37
2023-03-26 17:29:53,False,0.4723,0.001443,24.1298,0.0348,0xc1...f415,https://bscscan.com/tx/0xf51fd2ff83d5242a810ed9d2efb8b8891a4c971afab831bfb8558b169c2c3f88
2023-03-26 17:29:35,True,0.4745,0.001451,60.1554,0.0872,0x52...0ae0,https://bscscan.com/tx/0xb7ffdfa96f22336ca102c6dffc866bf9fdb68d6aaee9c6460783fb97435bdb61
2023-03-26 17:19:14,True,0.4744,0.001451,631.507,0.9163,0x70...8487,https://bscscan.com/tx/0xad0d640c0cc0d0e260037bed2ebfe9d40e9ee06d19a741063cb9765648673fa5
2023-03-26 17:13:32,False,0.472,0.001443,143.903,0.2077,0x99...2fc5,https://bscscan.com/tx/0x83e33961bf406c0f0a4f70b0adaf265eaec9a6b9c17bf98d599c3d01723cfe4a
2023-03-26 17:11:38,False,0.4697,0.001443,28.362,0.0409,0x3f...c9bc,https://bscscan.com/tx/0xa4dabef248d36aaa8c02826178e03913038444da15aae795654bcb0c959dccf5
2023-03-26 17:05:17,False,0.4721,0.001443,380.0,0.5486,0x99...2fc5,https://bscscan.com/tx/0x8eb1d07e2919c1b0c30764c1b527b88c45cf5d977ff8c9d3000cde1c18c6bed7
2023-03-26 17:04:47,True,0.4744,0.001451,269.233,0.3906,0x16...e0d3,https://bscscan.com/tx/0x850406e2d9c692bbabde5bf83d87c5f163d9394acac3d7153c75ae8c8da38c98
2023-03-26 17:04:11,True,0.4744,0.001451,631.09,0.9157,0x70...8487,https://bscscan.com/tx/0x3c1b5d4c42e33b0f4dc115877770b355b2c63da28b2c9bdc9edfa0d3814e1d74
2023-03-26 17:01:26,False,0.4719,0.001443,1019.6,1.47213,0x3a...231f,https://bscscan.com/tx/0x62aff0d8aadfb717c81c554d6f7f74158f8e11d33ff50e59e298aa37326664ef
2023-03-26 17:01:05,False,0.4719,0.001443,5.0,0.0072,0x4e...c255,https://bscscan.com/tx/0xb5b46f6a30e4a1858dc0a30db3b17301e1ae6b5bb8bc1dc444b5a820534148c0
2023-03-26 17:01:02,False,0.4719,0.001443,11.3161,0.0163,0xc0...da74,https://bscscan.com/tx/0x0772817cb23b07ba24e66911e8104ccb2338db05ebaf50464a62649575c56ab7
2023-03-26 17:00:02,False,0.4719,0.001443,14.1815,0.0204,0xe6...c1e3,https://bscscan.com/tx/0x7d93bda847de73b8c378c3698ff87cb5891714b94ddcd97a37361bcff38a1a56
2023-03-26 16:59:29,False,0.4696,0.001443,5.0,0.0072,0x6d...2f2d,https://bscscan.com/tx/0xbc81885871d8973c029333e88c056fb0d974d1b25d4a9714be23102ad923ff5b
2023-03-26 16:58:56,False,0.4699,0.001443,49.3785,0.0713,0x52...6dcb,https://bscscan.com/tx/0xaaa485ef9f8dc3bca5f5455786d95d0f2f032b06051826d2b8b8879e6e9542a2
2023-03-26 16:58:02,False,0.4699,0.001444,1487.7,2.14821,0xc3...157a,https://bscscan.com/tx/0x3ddc1429f4c948938efa9b5275ff137d84ad6d968b900830a8668aeee3c41194
2023-03-26 16:57:05,True,0.4746,0.001451,14.7348,0.0213,0x8c...432a,https://bscscan.com/tx/0xd7e45aea89d61259027e835de3d68ad507c4a3a26075dc1f2d720a5124ce4e99
2023-03-26 16:56:32,False,0.4723,0.001444,915.6,1.32223,0xf9...5ebf,https://bscscan.com/tx/0xde6f5379e87c24fcc2934c480610a3e53fdc4161cf0b9a48af89209c7efbfd32
2023-03-26 16:53:53,False,0.4699,0.001444,1371.9,1.98136,0x0e...7558,https://bscscan.com/tx/0xa87c91c788e39f476816d23f4049ea2fe4c7b4da738cf58b6824180d557908ef
2023-03-26 16:53:20,False,0.4697,0.001443,5.23881,0.0075,0x14...6baa,https://bscscan.com/tx/0x5edcd17840855f37a86a858b38009d73cd94c3f843cd7599975245faa4a06215
2023-03-26 16:52:14,False,0.4725,0.001444,2337.5,3.37642,0xef...cab1,https://bscscan.com/tx/0x98e65450621a253e00ee6f4c9ec1dc481b8c661fd6c61647296e1468123a5c9a
2023-03-26 16:51:53,False,0.4728,0.001444,16.0,0.0231,0xf1...1e20,https://bscscan.com/tx/0x10df8d1492815e2d27c39ffc885b17a3a1638e7f9ec1f73a3c8cce5e08850128
2023-03-26 16:51:17,False,0.4703,0.001444,2.48514,0.0035,0xe6...46da,https://bscscan.com/tx/0x173f9f950701f45d8e7a9f70021163ae35f24f48985ae062a5378c6e1bd60ffc
2023-03-26 16:49:53,False,0.4728,0.001444,38.0,0.0548,0x3d...3d57,https://bscscan.com/tx/0xf754424bc203c0d06da09b000d5221221d9c79d3437df1babfa9939e23ab1e03
2023-03-26 16:48:23,False,0.4729,0.001444,1.8172,0.0026,0xec...8254,https://bscscan.com/tx/0xe2250d1e5515135a2f03d3c44cf29b2d4bbd3a620ae350debe0ee4f2e803bb9f
2023-03-26 16:48:20,True,0.4752,0.001451,630.56,0.9154,0x70...8487,https://bscscan.com/tx/0x833e4b1edcf8e20adaf9400ed1a99fdeff767eba49385fd46c837af08c501447
2023-03-26 16:46:02,False,0.4729,0.001444,3.32142,0.0048,0xae...7ec5,https://bscscan.com/tx/0x826a97861d69626e9beb90e605b1c3210a75a11ce004e0e293b4eafce8cf1263
2023-03-26 16:45:41,True,0.4752,0.001451,208.447,0.3026,0x6a...3ce2,https://bscscan.com/tx/0x60ab34a2137a0436d71ab450f3e0400c3ac6e65ecda5f82c21eff1fdc9f85f4b
2023-03-26 16:45:29,True,0.4752,0.001451,73.1318,0.1061,0x2c...c9c5,https://bscscan.com/tx/0x56c87d8b013ac11430f35ecfc7b4c24bbf1299bb3cc307b19188bf650a2a13eb
2023-03-26 16:45:26,False,0.4729,0.001444,4.99405,0.0072,0x92...44a9,https://bscscan.com/tx/0x3748dbd89625f62a3d82606528f246af292d0875ddbdbd421b918f0b4ab80dce
2023-03-26 16:43:44,False,0.4705,0.001444,296.955,0.4289,0xc6...a958,https://bscscan.com/tx/0x82dfbbea69598e112577c4e36164bee091a47fb0f84c0e1190a895b5ec07c688
2023-03-26 16:43:11,False,0.4705,0.001444,6.0,0.0086,0x4b...20f3,https://bscscan.com/tx/0x19710b0e62e94f7bb4ac51f134ef8b4f65e491ab9c445f89d3c80af4dc4550a1
2023-03-26 16:40:41,True,0.4729,0.001451,1008.78,1.46447,0x16...e0d3,https://bscscan.com/tx/0xacc61e8054126e4fdb72f1689360e124136301c480e97a478682fad6ddc3c54c
2023-03-26 16:40:35,False,0.4705,0.001444,1.8172,0.0026,0xaf...d3b1,https://bscscan.com/tx/0x7f9d874c5a4de93c14ead310db5831868fb13685783768939492df140b4a2438
2023-03-26 16:39:32,False,0.4704,0.001444,1.8172,0.0026,0x11...9e58,https://bscscan.com/tx/0xe852de6a15ed90f7ad52e5e3522648d87f74e5b108647495d81ddbf467362929
2023-03-26 16:38:17,False,0.4727,0.001444,1.48514,0.0021,0x58...19fc,https://bscscan.com/tx/0xe29a1db197b254724266ce5f3747a2934ddecd7737fbf7ad38faf1e8af41f57e
2023-03-26 16:37:32,False,0.4703,0.001444,39.6382,0.0572,0xba...00b4,https://bscscan.com/tx/0x959f17fb32d97330c1a1d84b0b4480802313f98433c24631ba49a77181639e07
2023-03-26 16:36:05,False,0.4728,0.001444,2.51888,0.0036,0x80...33bb,https://bscscan.com/tx/0xebf7e05046ce1d9a8c49ad7a9b4db9e05816b59466f545bc2e8dc0567936448b
2023-03-26 16:35:35,False,0.4705,0.001444,3387.4,4.89347,0xa0...cc8d,https://bscscan.com/tx/0x00eb3995d09c1078d185ab6e723987b5e892bcdf4afb3cdaa6e17a656c4e001e
2023-03-26 16:35:26,False,0.4705,0.001444,306.703,0.4431,0xf2...eb09,https://bscscan.com/tx/0x19313347d57a84345d7c81af6ea87bf7a86f0c5a6eb89b41bbc26a6d283d70ce
2023-03-26 16:33:01,False,0.4736,0.001444,1793.2,2.59106,0x3a...231f,https://bscscan.com/tx/0xea6c347c881baaab0885bf945c9699dbff2b2d39f3c4933df8dfa544c3947570
2023-03-26 16:32:14,False,0.4713,0.001445,1947.02,2.81373,0x98...5cc4,https://bscscan.com/tx/0x893dc0e1608b52e8451d69c6aa958a647c7c2cf68c61630689fef9324397307d
2023-03-26 16:32:11,True,0.4737,0.001452,628.555,0.9129,0x70...8487,https://bscscan.com/tx/0x972caf5a6f9a36568ff7951a0a6fd83c3a2880ee76beb08536f47f7e7da59680
2023-03-26 16:31:32,False,0.4738,0.001445,5492.78,7.93979,0xfc...535e,https://bscscan.com/tx/0x2971da22480f8cd8b818b47a622baf4b823a35a73ba2930314e12741613aab5f
2023-03-26 16:30:08,True,0.4765,0.001453,2.30306,0.0033,0x8a...f68b,https://bscscan.com/tx/0x15a9ec07b52ae12e0ad55645a6410046e93fbbc4962bd68e8e3229293b7c88b2
2023-03-26 16:16:11,True,0.4767,0.001453,627.965,0.9124,0x70...8487,https://bscscan.com/tx/0x370d00e0f1fa7ab2b3f915c7d3c7ccf33f653e99de0537a7ead4b08fa8270321
2023-03-26 16:13:20,True,0.4744,0.001453,113.191,0.1645,0xa4...6ea4,https://bscscan.com/tx/0x5b6c73bef6e48590b4e1c572f915f04c59cf01d5f9fc112bed0b21b9f97df9c2
2023-03-26 16:11:11,False,0.4743,0.001445,20.7509,0.03,0x02...f2c0,https://bscscan.com/tx/0xdb2a701f88b1a2206288675c773206ca554c186f00d1fc64b4dde0f050f52231
2023-03-26 16:10:14,False,0.4719,0.001445,113.182,0.1636,0x98...b33f,https://bscscan.com/tx/0x7042970735c60d1e05e1b769f45d88d3c2add8c96980aa4335cffce370b54dd7
2023-03-26 16:07:53,True,0.4766,0.001452,4307.4,6.25756,0x82...2196,https://bscscan.com/tx/0x80efde3b3a74a318964b085ff170df22d3fcabd048146fbb579640fecb0ddb11
2023-03-26 16:07:41,False,0.4742,0.001445,105.766,0.1528,0x02...f2c0,https://bscscan.com/tx/0x497da6ef972d85e6b46f4b255001b86e331ca7c1f2a54989a6a6a4c3b03904b8
2023-03-26 16:07:32,True,0.4768,0.001452,50.0,0.0726,0xde...d365,https://bscscan.com/tx/0x91e675b3a6244afce33f6d80f68056d11d16c298ced34ca725644771c415a176
2023-03-26 16:05:32,True,0.4744,0.001453,111.182,0.1615,0xf7...6616,https://bscscan.com/tx/0x00e288a5d3c24f9d672cf717289750b8cc85eb07b03ec6f99381ad5c12412438
2023-03-26 16:03:17,True,0.4768,0.001452,6291.13,9.13559,0x2c...015a,https://bscscan.com/tx/0x4f2e83b80ffb361c94775f2dff3518fd8c9ddef3503861e10db4120b58a6ee73
2023-03-26 16:02:23,False,0.4719,0.001444,630.659,0.911,0x9f...7a6a,https://bscscan.com/tx/0xa130a3f8aac969685e962848d9d8cac0513c55e0d4bc4b53e676bf91469b53b7
2023-03-26 16:02:14,True,0.4743,0.001451,137.756,0.2,0xab...9ef8,https://bscscan.com/tx/0x7bd74aa46c10f1759db3c38f1a56142906438259d9cca5d507b7a6daa7434bc3
2023-03-26 16:01:26,False,0.4743,0.001444,27.7728,0.0401,0xa4...dd96,https://bscscan.com/tx/0x2235f57969002dfc49da572e9f6d94f36a2b0a80b49386fb477f1375d4facae9
2023-03-26 16:00:11,True,0.4762,0.001451,628.959,0.9131,0x70...8487,https://bscscan.com/tx/0x5579924e0341e12730772dc0425c97066cf032e40dd63de2cd4643548d2e7716
2023-03-26 15:58:41,False,0.4714,0.001444,4.78425,0.0069,0x07...221f,https://bscscan.com/tx/0x17e27d30aec8a209ee325be8e5a611b1d6c9720ade536880d6fba8164ab0c161
2023-03-26 15:56:56,False,0.4738,0.001444,23.3262,0.0337,0xe9...891f,https://bscscan.com/tx/0xb90e8660fa3d5f6d5db122d77aff49494e44a16eb1afb4399a0a0937c51a2365
2023-03-26 15:48:14,False,0.4713,0.001444,132.962,0.192,0x8b...d720,https://bscscan.com/tx/0x562f27510a796248c1af71bc805f4b08342c4977163248e6203505594efaf798
2023-03-26 15:47:17,True,0.4736,0.001451,59.7584,0.0867,0x2c...c9c5,https://bscscan.com/tx/0x8e9aa6d538d2c710a7f08a31b33ec926b04f70166e0bfcfaae9e15d175c6968b
2023-03-26 15:44:11,True,0.4759,0.001451,629.964,0.9145,0x70...8487,https://bscscan.com/tx/0x48868437b3565585bd985d1482c616d071034f10a6fdf76aa9f5267332c6f150
2023-03-26 15:44:08,False,0.4733,0.001443,850.0,1.22722,0xa4...6d51,https://bscscan.com/tx/0x96131e36a97bfdf4f665c28f1c9e0caab601fce9cf49f9c472258932462429a8
2023-03-26 15:38:56,True,0.4757,0.001452,9.3709,0.0136,0xde...367a,https://bscscan.com/tx/0x30a2afe713331d249511f2fa99a14b04b4c937ce6dcffc6b6e5f429dd964f139
2023-03-26 15:35:21,True,0.4755,0.001452,116.014,0.1685,0xa4...f0c2,https://bscscan.com/tx/0x2dd979d8137e417da238db99905d7f17f17325b420185962a294dede924a5936
2023-03-26 15:29:19,False,0.4729,0.001444,132.2,0.1909,0x4c...a7ed,https://bscscan.com/tx/0xc236bb7f73bddc1bc654da82aaf5a0ccb489a34f2e8b815811b781e8719eb86a
2023-03-26 15:29:16,False,0.4727,0.001443,5.02989,0.0072,0x93...1532,https://bscscan.com/tx/0x18732a8e3376fc8de5f85b193ee254839380dd4fdcb37415fa0a4d7f78a7f317
2023-03-26 15:29:10,True,0.4753,0.001451,630.742,0.9156,0x70...8487,https://bscscan.com/tx/0xe32c24016fbe02cd0f8ecfa654fd0065f9292a34abc6a42b0b7a48362f8475ab
2023-03-26 15:26:49,True,0.4729,0.001451,68.8833,0.1,0x74...c182,https://bscscan.com/tx/0x58778635705dc9d2d04527e9214037c41fd9955500181f48b1c7f9c337c90a2b
2023-03-26 15:23:22,False,0.4728,0.001444,1061.93,1.534,0xcd...aa3f,https://bscscan.com/tx/0xb818adcd707ca1485da0195ef2391899afb224d9ea9a7f246a8938361eeeb58a
2023-03-26 15:21:46,True,0.4727,0.001451,220.215,0.3197,0xa7...08aa,https://bscscan.com/tx/0x5a26c0c3cd41e8914022ae9d2f15b603949e98bc151bb8533875a1ea05572f27
2023-03-26 15:20:10,True,0.4753,0.001452,116.012,0.1685,0x88...2c0e,https://bscscan.com/tx/0x8cd538dc10bfe32d2568770b234a39f4bb49e2a4e538a8d580278dac12194a3b
2023-03-26 15:18:55,True,0.4727,0.001451,20.0,0.029,0xde...d365,https://bscscan.com/tx/0xa1e73bc69fa48275dcaf8ae43a5ad154073bd8e483c52d92c7d6f8c3ca6cac13
2023-03-26 15:14:52,False,0.4726,0.001444,50.0,0.0722,0xdc...b42b,https://bscscan.com/tx/0x972e6f757e6ae260c2e16b6c6b5092421ce1e25fadfd2aeb4b9ffb84c598bc33
2023-03-26 15:14:10,True,0.475,0.001451,630.705,0.9156,0x70...8487,https://bscscan.com/tx/0x10f91bb294ded38759ed8531b432e73dec2069189ad330c1edec0b12e3f7537b
2023-03-26 15:14:07,False,0.4726,0.001444,823.913,1.19017,0x5f...b83d,https://bscscan.com/tx/0xb2f9d55b9794a2b4de74c76ed4120cf444d1b2e8d8e9a8b3af8d67022a1a7132
2023-03-26 15:11:40,True,0.4752,0.001452,116.011,0.1685,0xb2...7c6f,https://bscscan.com/tx/0xa4764206f8fe73d02d6100395bfe24475f67528c173dbc84e761769a4129da85
2023-03-26 15:09:28,True,0.4725,0.001451,34.4826,0.05,0x8c...07b4,https://bscscan.com/tx/0x4cb59d7769ee5f39e6b3bb06ef1771e7b15e64f27b221b3afde6fb23bc2ff2e0
2023-03-26 15:08:22,False,0.4725,0.001444,38.8487,0.0561,0xab...9ef8,https://bscscan.com/tx/0x6354bebbde00962d4e32345a800984567a6479329536fb728eb74767c61191d5
2023-03-26 15:07:01,True,0.4751,0.001451,1420.1,2.06162,0x82...2196,https://bscscan.com/tx/0xd8d9210b3814cba802d3c26fc251c94e642367cefae1a094945d32fb267cf768
2023-03-26 15:05:43,True,0.475,0.001451,856.6,1.24345,0xca...34d7,https://bscscan.com/tx/0xbe8cb41b80b71005fd4d228031449df211eef4de7891560914cadd4210d223c3
2023-03-26 15:05:37,True,0.4726,0.001451,1455.8,2.11306,0xe3...d2ff,https://bscscan.com/tx/0x3fca36b326e005f5b31eb262fa71c74c1f9464f39fe91beb5a9d103ef80003a8
2023-03-26 15:02:37,True,0.4749,0.001451,400.0,0.5805,0x76...31b3,https://bscscan.com/tx/0x14611e393e9b56f612ebff239e1e9c3de6780dabb845dc9af1f1f101e59dd897
2023-03-26 15:00:10,True,0.4725,0.001451,315.605,0.458,0x76...31b3,https://bscscan.com/tx/0xfba2302aa4d6cbbb33b5f9afb8e3cc4411ba148c9412dbfdcb8def5fd35721ea
2023-03-26 14:58:16,False,0.4722,0.001443,40.2239,0.058,0xc3...8c05,https://bscscan.com/tx/0xcdb44638f7c486fd8d99ef0d916fe81870dbcb3e0c3bf99848e027f7c531809e
2023-03-26 14:58:13,False,0.4724,0.001444,206.0,0.2974,0x8f...fb20,https://bscscan.com/tx/0x4ef16ef68f5774a688889b2e1e3dc5119d1f4fbb9a58b915959519e93920d543
2023-03-26 14:58:13,True,0.4748,0.001451,631.139,0.9159,0x70...8487,https://bscscan.com/tx/0x692ccea0cffab8b8f546a617e71d544271eda40167cc78b7e1a4ecd4a2761e49
2023-03-26 14:54:46,True,0.4724,0.001451,990.629,1.43762,0x71...5cae,https://bscscan.com/tx/0x21ff0839ff37a1997d3e5083c9ccdd9d8109d9bccd95b059da91d6a7c0a29260
2023-03-26 14:54:46,False,0.47,0.001443,29.6147,0.0427,0x0b...cf46,https://bscscan.com/tx/0xd42d9fe76a3229224405ab8a80299dd8e45611f41d188382e45fb3a2f1e89415
2023-03-26 14:54:34,False,0.4724,0.001443,435.684,0.6291,0x89...7a42,https://bscscan.com/tx/0xa0477b886f444e9f1e5140d5ce2026a6ccc4ec2422e32d49f937aafef93cf6ad
2023-03-26 14:54:10,True,0.4752,0.001451,116.061,0.1685,0xbb...1bde,https://bscscan.com/tx/0xb1b2fa784e6ce20e469f75c84e5430f569872d4c18e0a96b6c156f26fbdca390
2023-03-26 14:47:10,False,0.4704,0.001444,545.641,0.7879,0x7f...cdd7,https://bscscan.com/tx/0x0288408f153c7ad1f6185b007dca03816dc2369a7751550945fe54b931a56309
2023-03-26 14:47:07,True,0.475,0.00145,7438.58,10.7922,0xfc...535e,https://bscscan.com/tx/0xe89e96e5dd561caa235653933b0e3aebf0ec2ce8d66550922407d1a8278a6963
2023-03-26 14:42:10,True,0.4728,0.00145,631.013,0.9152,0x70...8487,https://bscscan.com/tx/0x4da5718abaec72e990510ede0d0f66f6a14bf90486a7e9f3298f36932d7cd1d2
2023-03-26 14:37:16,True,0.4728,0.00145,415.473,0.6025,0x35...aca7,https://bscscan.com/tx/0xcbd0579f0defe16ccb828bd4cdf65d36e613252de7ffd80844d30099f7484423
2023-03-26 14:27:10,True,0.4729,0.00145,631.033,0.9151,0x70...8487,https://bscscan.com/tx/0x58be441a5e88f7eb7620d5ee3cb1acc4d59ec401012142fbfeb340e23f44edb4
2023-03-26 14:24:31,True,0.4753,0.00145,1034.36,1.5,0xc4...74b8,https://bscscan.com/tx/0x182ead48d7ea87a89c0df65532b56eed0c1ad0b43f118cca1179dfd1470c38d4
2023-03-26 14:23:46,True,0.4752,0.00145,192.161,0.2786,0xbc...6a41,https://bscscan.com/tx/0x068e67d5cd9ec87eb2957ed76f1045eb9d55f53e74dc9ece6ab46ae08b1a8260
2023-03-26 14:11:11,True,0.4751,0.00145,630.686,0.9145,0x70...8487,https://bscscan.com/tx/0x07078e59d9c80ef3ed4216b4a822e8df085b6999cf426e1834c0ec8c3ff345a4
2023-03-26 14:10:50,False,0.4704,0.001442,34.5199,0.0498,0xc0...da74,https://bscscan.com/tx/0xd1c9d89583cbeae50ea763ef490542679ea161091465fe536e452aa6cbdc572d
2023-03-26 14:06:44,False,0.4704,0.001442,53.0,0.0764,0xaf...58ca,https://bscscan.com/tx/0x41f561354339d6ab33dfd11fcdcc542901200bc6cac3709511578bcd1d9cec68
2023-03-26 14:05:41,True,0.475,0.00145,66.3144,0.0961,0x2c...c9c5,https://bscscan.com/tx/0x63fdddb66a1a090725abd03e401d02c38b69e0bc8eed32a6f9e6764dc5eee768
2023-03-26 14:03:02,True,0.4748,0.00145,67.2834,0.0975,0x9c...ca11,https://bscscan.com/tx/0x2cb3b99b249e4769dd5a53d184f3548438b62abb799bfe0b03f252e3e0cabadc
2023-03-26 14:00:38,False,0.4701,0.001442,22.892,0.033,0x8a...f656,https://bscscan.com/tx/0x4bc9c6bb718c822d8a38c391ff5987872e032e47706bb068df6c7b443a752104
2023-03-26 13:56:11,True,0.4715,0.00145,631.712,0.9159,0x70...8487,https://bscscan.com/tx/0x61faefbe1bb77408d54ac41a649dd3db5306c84034304bc25c45eaff42c5fcf3
2023-03-26 13:54:41,True,0.4737,0.001449,36.2568,0.0525,0x2b...b6cc,https://bscscan.com/tx/0xec7e45c00f82f98c73bc08807ee709471e5528abfd963b2744caf2ee8c560a13
2023-03-26 13:46:20,True,0.4715,0.001449,295.0,0.4277,0xc2...a328,https://bscscan.com/tx/0x8e77729f709e715561f7547f2b36ea57b8ef0a7f1c17a22fc3974ba003f3b429
2023-03-26 13:44:56,False,0.4695,0.001442,976.3,1.40852,0x00...78d2,https://bscscan.com/tx/0x267d14bce4343ecc912ae4685a95c36027648da85f81a4ed0b1073b428865872
2023-03-26 13:40:11,True,0.4744,0.00145,632.498,0.9171,0x70...8487,https://bscscan.com/tx/0x2ed1eda9a9da0e3b3ca773df793fcc810d8edeaf9d88f1f3063242cdb5d6ca87
2023-03-26 13:38:26,False,0.4721,0.001442,2556.3,3.68834,0x00...78d2,https://bscscan.com/tx/0x7554a069c5576966e059bc7e15e55d343276a51672e14c8d3ce7e35abc9bd9df
2023-03-26 13:38:23,False,0.4722,0.001443,2555.52,3.68794,0x00...78d2,https://bscscan.com/tx/0xae6f247450a10d0db86ea60f39e5b53da8bfd8211b367b164fddff8dfa2b7b87
2023-03-26 13:34:00,False,0.4722,0.001443,2413.36,3.48347,0x00...78d2,https://bscscan.com/tx/0x507c7128a504b49a128225f5b8366f06a96a5126c8fe3b6eeea00f8b278261a5
2023-03-26 13:33:51,False,0.4723,0.001443,2550.87,3.68266,0x00...78d2,https://bscscan.com/tx/0x0ed27ac380e3b723b8e34896a2bda1e34a01ebdcc54c5ef7faf77c52259ead1a
2023-03-26 13:26:11,False,0.4724,0.001443,2.76228,0.0039,0xae...f4ee,https://bscscan.com/tx/0x7fdcf178f00f29e0e88e7ee3a234cb0fe1c01add704544f91dd637eb6a2517fe
2023-03-26 13:24:11,True,0.4724,0.001451,632.049,0.9171,0x70...8487,https://bscscan.com/tx/0xffd9c10df803823cd6b957952832d8a70a83d7da07b888d01d8d40a34b9de859
2023-03-26 13:08:14,True,0.4743,0.001451,632.08,0.9171,0x70...8487,https://bscscan.com/tx/0x1b91f7439fb9aa654017f8549022260c0b6fd25a75d775dcd4ae8e3f4c75edd3
2023-03-26 13:07:02,False,0.4694,0.001443,73.952,0.1067,0x04...9055,https://bscscan.com/tx/0x59ddc760aaf45cfad7996bb65946d5823bd73afc332ab18cd1a2554621378e60
2023-03-26 12:54:53,False,0.4717,0.001443,110.0,0.1588,0x67...3305,https://bscscan.com/tx/0xe9b19ace41d45e890e786eadad2739d9def51f23a39ae0ca59f761467bc47d9f
2023-03-26 12:54:38,True,0.4741,0.00145,210.578,0.3055,0x67...3305,https://bscscan.com/tx/0x8d5d9ec545c13784fa184e71522e4bc0365b865c69ab2d211747d553e3378778
2023-03-26 12:53:20,True,0.4739,0.00145,631.729,0.9165,0x70...8487,https://bscscan.com/tx/0x95d50f068ee92e160da24189fab180edb6ffe76f0e6225b0d88a0f30ea9358c2
2023-03-26 12:45:11,False,0.4717,0.001443,286.441,0.4135,0x15...f1d8,https://bscscan.com/tx/0x43aa768501679af18a249ec67c22989d8e9ddf29c4e84f6ee5f1772db5b314c2
2023-03-26 12:37:11,True,0.4741,0.00145,632.235,0.9172,0x70...8487,https://bscscan.com/tx/0x3fbeaa844a4601771860ea9d4a23f9cd1e56fd06d3ccd6fabad01b235b67e842
2023-03-26 12:35:47,False,0.4693,0.001443,21.0,0.0303,0x38...cbbd,https://bscscan.com/tx/0xd6bfd6be18629724c90eff36a4a4aeceeb4839b5ff0948767506e30413d49949
2023-03-26 12:21:20,True,0.4715,0.00145,632.476,0.9175,0x70...8487,https://bscscan.com/tx/0x6892a8820c5ccefef956d5b051ede4bf5b12c51dc5e34c1c9af574b8df69255c
2023-03-26 12:19:17,True,0.4737,0.00145,1.0,0.0014,0x60...7f32,https://bscscan.com/tx/0x4e671ea01ff3ee674022923f89bfc9a5c7e0d0641e2004a488ee2794be5fd185
2023-03-26 12:16:47,False,0.4712,0.001443,24.3096,0.035,0x3d...3d57,https://bscscan.com/tx/0xd190652d18ff07ef240075d1d2f1ed3da60c700db6cfea4f7cc3437916de6b80
2023-03-26 12:14:59,False,0.469,0.001443,85.594,0.1235,0xb6...395f,https://bscscan.com/tx/0xed1158be91754edad29837b2d18c6c9fc50c169276d51d49b8f6cee901afe9aa
2023-03-26 12:14:38,False,0.469,0.001443,178.0,0.2569,0x22...5308,https://bscscan.com/tx/0x43c4a87975bb9ecee46b7e170991b6e80c383e9f8b3f14c7e92bc8d7099ed314
2023-03-26 12:13:20,True,0.4737,0.00145,116.932,0.1696,0x60...7f32,https://bscscan.com/tx/0x5107b8201a585d9357a924d01600071a439a0d27d62297f7fd7adc115fe36381
2023-03-26 12:12:26,False,0.469,0.001443,3.09117,0.0044,0xab...c85c,https://bscscan.com/tx/0xa3aa6233e50f1bb8a9e080da835cd511b477925ccee452e1d486e92a1bc591d5
2023-03-26 12:06:11,True,0.4736,0.00145,632.358,0.9173,0x70...8487,https://bscscan.com/tx/0xa644fb44ee9a59d177ebb09081a3a861a131f658db396f99c7e1178cafaeef35
2023-03-26 12:05:29,False,0.4689,0.001443,16.5813,0.0239,0x2e...9edc,https://bscscan.com/tx/0xd2740e70b70c9d5488f793431ddba46a8ba489c19ebba7b09296bd6647008c90
2023-03-26 12:04:41,True,0.4736,0.00145,35.2658,0.0511,0xd9...1a23,https://bscscan.com/tx/0x9bea0851cefa539a415e0cb3e9ecd76d9c9b09850c1bc28a8e407227d760eb4f
2023-03-26 11:58:50,False,0.4712,0.001443,41.9237,0.0605,0x86...d630,https://bscscan.com/tx/0x7a7f1cd67b8e7a5339a299c9514977ab045dde8ac5bc6d87a971685f79449318
2023-03-26 11:54:02,True,0.471,0.00145,9866.55,14.3079,0xda...5a45,https://bscscan.com/tx/0xaa1eba3dcdea12b3b58eb5658198bf05c5486326f724866a7893e3823833fc98
2023-03-26 11:52:23,True,0.4707,0.001449,231.851,0.336,0x06...605c,https://bscscan.com/tx/0xb554c6975c895475e8ee319b6180fb7e21647a1146f5579807b985d84a87a846
2023-03-26 11:50:20,True,0.4731,0.001449,633.529,0.9183,0x70...8487,https://bscscan.com/tx/0x9c9fe57548a83a880b88f90e29a6c730e6ad36b81a90e579c643468957297afa
2023-03-26 11:47:47,False,0.4683,0.001442,62.2689,0.0898,0xf0...383d,https://bscscan.com/tx/0x8abd23286f2c68368a88a3166980f84600f37a9b4f22b1ae05401a1c6db63da8
2023-03-26 11:37:59,True,0.4733,0.001449,1093.55,1.58503,0x35...aca7,https://bscscan.com/tx/0xd5329cbf239050285e1bb15223f73080aecabfac89aef27b92d64945031e6407
2023-03-26 11:35:20,False,0.4709,0.001442,200.0,0.2884,0x73...4ee9,https://bscscan.com/tx/0x4c60eb21667ad0493f5db3bcb1162a05944617522a416ab2c2e818af17dc5988
2023-03-26 11:34:35,False,0.4685,0.001442,48.8767,0.0704,0xb8...e12b,https://bscscan.com/tx/0x84549b160f0d8cc043e4466890f86d394f415bd3b759346dffbce9cf3376546d
2023-03-26 11:34:11,True,0.4709,0.001449,633.392,0.918,0x70...8487,https://bscscan.com/tx/0x544fdf89159d1bb59b8269b1285d8993b655f493e84839e2477c4440f33699dc
2023-03-26 11:32:17,False,0.4685,0.001442,47.9868,0.0692,0xea...a0b2,https://bscscan.com/tx/0xa9f024e6d1a627ed8428f47b865ff231c19cf560e6cb00d0e006c30f5edf280b
2023-03-26 11:30:23,True,0.471,0.00145,62.7101,0.0909,0x53...a975,https://bscscan.com/tx/0x58d1eb250fb7f480d8b4b0b16d31659816d483959357eecb2bc7bf212ce5d8c1
2023-03-26 11:30:11,False,0.4684,0.001442,634.0,0.9143,0xb3...7c96,https://bscscan.com/tx/0x123834ca7e4f07649729b2d4da2e3112ca057d88b569c7fded987275e3f501ef
2023-03-26 11:27:14,False,0.4707,0.001442,77.8012,0.1122,0x36...de4b,https://bscscan.com/tx/0x74cfd6ecd8e82c9a9a95bfb6a801c17f714b08cd121a027e24e9eb5bb21f3859
2023-03-26 11:27:08,True,0.473,0.001449,80.0,0.1159,0x09...b25e,https://bscscan.com/tx/0xd06d9806ec82957c55dfe39f54d331f5f6d8869883fbb5a64111eec16ef9d548
2023-03-26 11:24:11,False,0.4706,0.001442,720.309,1.03883,0xe6...d8b3,https://bscscan.com/tx/0x4f76d59003976147fd265de6cebf35357a2c45a03b2c259c63bd3062650129f3
2023-03-26 11:19:17,True,0.473,0.001449,632.938,0.9174,0x70...8487,https://bscscan.com/tx/0x3e5f4b10f731c47fd97a4bd828fd0b5a32fee0228305958c99fecada42bf6fa7
2023-03-26 11:06:18,False,0.4681,0.001442,45.22,0.0652,0x3b...d5bd,https://bscscan.com/tx/0x22280215afd822f04eb24c61113e3800749b86f96bf216552eacecfc910f67bd
2023-03-26 11:05:33,True,0.473,0.00145,92.2804,0.1338,0x7c...014d,https://bscscan.com/tx/0x65cde41c7afe90cab004e3d7424b5a3be0cf0803f1e5fb99fa6f19ae0032f550
2023-03-26 11:04:18,True,0.4704,0.001449,633.345,0.9179,0x70...8487,https://bscscan.com/tx/0x8cb846096a93b400c4df9a2ef726ecda9ac4f726179ae1cb530e9050fe9b2106
2023-03-26 10:57:15,False,0.4705,0.001442,24.3375,0.0351,0x01...b7e7,https://bscscan.com/tx/0xa36082bd1d778136db09e8419d26a026b9fcde79b002ee6911f48782630e53ed
2023-03-26 10:49:12,True,0.473,0.001449,633.871,0.9186,0x70...8487,https://bscscan.com/tx/0x7af62afe750eb5f4bd28a8e5a159c0e48af9c8c2255d7458544ebbae0c7fede7
2023-03-26 10:42:51,False,0.4682,0.001442,7.47242,0.0107,0xfa...537b,https://bscscan.com/tx/0xc28a5e396033da6378fecfd9be2fc80239706b6c4f546822adde124ca9ba95b8
2023-03-26 10:40:24,False,0.4699,0.001442,2255.44,3.25268,0x16...4027,https://bscscan.com/tx/0xe3663b1370803a68660f00475e71152c6d689b937c20dbe49d94d1057da21520
2023-03-26 10:39:48,True,0.4695,0.00145,95.6913,0.1387,0x64...3a6c,https://bscscan.com/tx/0x20d8f17c5f000b122194570bf3175426437b9214c8123ef18daa964bf8d4efe7
2023-03-26 10:39:18,False,0.4691,0.001442,1495.72,2.15735,0x00...78d2,https://bscscan.com/tx/0x598139e71d7f49e8e12a7d753e727444f0cc14b339af1c443b92fdeffece684c
2023-03-26 10:39:09,False,0.4664,0.001442,2566.45,3.7023,0x38...5bf8,https://bscscan.com/tx/0x563b77fa6ba509bdcd197643b9ac3351b373c0b3afd8e33d7b5106ac10fc5ab4
2023-03-26 10:36:03,False,0.4664,0.001442,40.46,0.0583,0x67...3305,https://bscscan.com/tx/0x63b63e51673e4503250732ef9fcf076cff9fa8fb5dc20cfd7d21a735a28fa974
2023-03-26 10:33:18,True,0.4687,0.001449,636.25,0.9225,0x70...8487,https://bscscan.com/tx/0x5270b23a90e64366dc9007868645bb495927c770ea8dc018c7cfefbb6977378a
2023-03-26 10:17:12,True,0.4704,0.001449,635.619,0.9215,0x70...8487,https://bscscan.com/tx/0x1d7acb0870bd58d4e92600919aca280cdd7a1c6aae058e0118bef1bc72ae492b
2023-03-26 10:11:36,False,0.465,0.001442,2087.8,3.01207,0x00...78d2,https://bscscan.com/tx/0xb948c7fafc1cc655c907cb080cbeee9e866b06a02e3cf26e4b4f1155fee06bb2
2023-03-26 10:09:48,False,0.4675,0.001442,139.0,0.2005,0x14...15b7,https://bscscan.com/tx/0x930e9a7c618f9e5f1cf1fb68576a7465d557aa658cc27aa7b4a457c2f6c6f363
2023-03-26 10:08:54,False,0.4675,0.001442,57.2234,0.0825,0x64...c781,https://bscscan.com/tx/0x4542be50516cd1ebfa2ac1754bf40c34f61235d339ba0db6077ab6b8387ce89d
2023-03-26 10:04:06,False,0.4657,0.001442,62.2993,0.0898,0xa9...dab1,https://bscscan.com/tx/0xa5199eb9c6519a352a091ba8fa322e8eb4eec8b11f79d4fffac38fe24fbc7071
2023-03-26 10:02:15,True,0.4705,0.00145,252.658,0.3663,0x3f...66aa,https://bscscan.com/tx/0x501d57ed460b85f0a3225bf7a4115b050ca927fa6c3798449d37b4a723e742e2
2023-03-26 10:02:12,True,0.4705,0.00145,57.3375,0.0831,0x91...2bbe,https://bscscan.com/tx/0x8244b33a7859ab3d9eb6b65d2816d2adddff0814f20b9a472e6a1678cc809ea5
2023-03-26 10:01:18,True,0.4702,0.00145,637.23,0.924,0x70...8487,https://bscscan.com/tx/0x006658e835ffb1ee04c6c99cca36fa3080c938552adaad19b6a1e0f40c6f84aa
2023-03-26 10:00:52,False,0.4658,0.001442,59.5801,0.0859,0x38...86a6,https://bscscan.com/tx/0xd12b1dcfd9e371b5dfd8ffc452dc083a5686d3bb9a94df182dd8263ebe1e98ef
2023-03-26 10:00:19,True,0.4707,0.00145,357.948,0.519,0x1f...5747,https://bscscan.com/tx/0xce7ab9a8a29314945f66915733ba11e50cf92994f8408a994d1293436db78728
2023-03-26 09:46:10,True,0.4701,0.001449,636.758,0.9232,0x70...8487,https://bscscan.com/tx/0xd15cb373323ce7a140650f0e532fd960b53fe1865a2820b99add0a3ee8b39e86
2023-03-26 09:45:16,False,0.4677,0.001442,710.0,1.0243,0xeb...0060,https://bscscan.com/tx/0x08d794b0c937ac68d28f8832eaf1cc814a00671fc657f1bc2ac080ebe7ddef0b
2023-03-26 09:37:07,False,0.4678,0.001442,1.0,0.0014,0x1a...d4bc,https://bscscan.com/tx/0xf25ffc56301457e5d506162e382ee8168289527face32d72c922238f825f6982
2023-03-26 09:33:25,True,0.4676,0.00145,1.0,0.0014,0x95...c3fb,https://bscscan.com/tx/0xab0d3b32739f31984ccb105f28e2ffbd07845b96e385f521718aaf94ad67ced2
2023-03-26 09:30:12,True,0.4699,0.001449,636.608,0.923,0x70...8487,https://bscscan.com/tx/0xf37b477288205a343e6e0c17ec797000e820ae0bfe6fd3a5e8564b80f4a38752
2023-03-26 09:29:30,False,0.4675,0.001442,16.3712,0.0236,0xc6...f810,https://bscscan.com/tx/0x841e9e56f3a209feb92897638491548c107b974a96ef9a08b3fa2285b6ff6e64
2023-03-26 09:28:27,False,0.465,0.001442,2571.95,3.71078,0x00...78d2,https://bscscan.com/tx/0x019dfc510e50fbd6a98832b6054ec3db63583d76913c6308991655fb26423ecd
2023-03-26 09:28:18,False,0.4651,0.001443,2571.95,3.71153,0x05...7eea,https://bscscan.com/tx/0x32949799d845904f17a688393c1eec19a32747c45f1debf2a9f1955f5b783feb
2023-03-26 09:27:09,False,0.4654,0.001443,52.23,0.0753,0x1d...304a,https://bscscan.com/tx/0x616d2128b2a8fc6fa6360c8a7eacf96eff436b6b7179e2913897047f3083239e
2023-03-26 09:23:03,False,0.4653,0.001443,9.13006,0.0131,0xfa...3d1e,https://bscscan.com/tx/0xf59e8c29a3007a9943a40b8e24eaaef49d09bac95fb5594c25be5d97e4fffba2
2023-03-26 09:21:01,False,0.4676,0.001443,52.224,0.0753,0xd7...92b0,https://bscscan.com/tx/0x4310ed7a565b4e0950ca14e04e495d15a02b6949b24aafb70a3d6cb070ded787
2023-03-26 09:15:12,True,0.4681,0.00145,637.387,0.9244,0x70...8487,https://bscscan.com/tx/0x4d0bfb9bd82266ab6505d9a750bcccedead6f6dc6024a04a9611034b6b1c9080
2023-03-26 09:04:01,False,0.4656,0.001443,10.6668,0.0153,0x6e...2f29,https://bscscan.com/tx/0xe68a10c378b033acfe1bb9ec244a9decd88cbbabefc9b82d22b65f50ff9e43de
2023-03-26 09:03:55,True,0.4679,0.00145,1413.47,2.05,0xeb...0060,https://bscscan.com/tx/0x7e0dad28960de817f0e664e04625474f7b435f2478a255675b1d870d58444a58
2023-03-26 08:59:16,True,0.4702,0.00145,637.419,0.9243,0x70...8487,https://bscscan.com/tx/0xa7ac7a3396b5062449b1d8555662416b923bf0a599cfd7097de12c50fbfee1e9
2023-03-26 08:44:10,True,0.4678,0.00145,637.33,0.9242,0x70...8487,https://bscscan.com/tx/0xa90cda01c9f18a6b91c40ebe7002b226010ee2c3137a8cdbc835ae55c165fcfe
2023-03-26 08:37:10,False,0.468,0.001443,7320.0,10.5648,0x83...6678,https://bscscan.com/tx/0x0414dbf3782d9a7a5aa184cd3620156fe7b1fa7faf562bb53a707db2655f281b
2023-03-26 08:37:10,False,0.4683,0.001444,6938.72,10.0201,0xb0...a41e,https://bscscan.com/tx/0x15c579e58103c6d0797a7a9ce6ccb760c0965eb4959586ff0a91b75f8ad8b160
2023-03-26 08:37:07,False,0.4684,0.001444,1172.64,1.69393,0x00...78d2,https://bscscan.com/tx/0x67b7f6452378d941a93b3f660c3e4131269641761275ff72cad8e1cac183bc4a
2023-03-26 08:36:52,True,0.4708,0.001451,127.44,0.185,0xda...479e,https://bscscan.com/tx/0x484644d1add7b05d1f061e6358cfacc2b5f41b3cf96a8446d1ad0fe1357e2ae3
2023-03-26 08:36:37,False,0.4661,0.001444,2572.74,3.71693,0x00...78d2,https://bscscan.com/tx/0xe5622552df80c742d96e82e90bb7688e4ab877966a6a5ba479c3e4c1cdb16f2d
2023-03-26 08:36:34,False,0.4686,0.001445,2572.74,3.71767,0x00...78d2,https://bscscan.com/tx/0x0779ab37f1807b25ff6db9b3a1e7b9cb31c57b0604d0721e2d3f670ce7949ea0
2023-03-26 08:28:10,True,0.4686,0.001452,636.699,0.9247,0x70...8487,https://bscscan.com/tx/0xc735ef88f483e0a148a0859bc1bf051abd7985f6daf12857ebe199da173a946b
2023-03-26 08:23:10,False,0.4664,0.001445,9440.0,13.6467,0x83...6678,https://bscscan.com/tx/0x3069e11ea738380a7c227d18e248ab6141379fdce9cf2f8355903c9efe3d5033
2023-03-26 08:23:10,False,0.4666,0.001446,2771.86,4.00899,0xb0...a41e,https://bscscan.com/tx/0x498cc796e757e8a142d97e0f619db7e3eca66b8e245303889343592ded0839f8
2023-03-26 08:23:04,True,0.469,0.001453,296.955,0.4316,0xc6...a958,https://bscscan.com/tx/0xd450d9a5b1523bffb8bfc6e9b50e1daaffb46e1c77d2d67e41de0c5cc3301747
2023-03-26 08:20:10,False,0.4669,0.001447,13846.5,20.039,0xb0...a41e,https://bscscan.com/tx/0xdc8d6f96cb7d8091b9f33e22e41e00e0e8df23e598fcff57b91bc366706fbb3d
2023-03-26 08:19:52,False,0.4697,0.001448,9440.0,13.6743,0x83...6678,https://bscscan.com/tx/0xfc09e3c97bf0d7fa7ebdca89fcab45dbe5d0a9a0860413b1eff7972c9b28146d
2023-03-26 08:19:34,False,0.4699,0.001449,1038.8,1.50537,0xb0...ff7c,https://bscscan.com/tx/0x11d1426c148c301046fbd61adf88463b8e23224a07e9d7c744108f41bc144a54
2023-03-26 08:19:31,False,0.4701,0.001449,6184.3,8.96443,0xd8...bcda,https://bscscan.com/tx/0x3465798ea75ff85aa1569aec572a6e0f714fdbf99db9f3972714568e0de9a51f
2023-03-26 08:19:31,False,0.4704,0.00145,9440.0,13.6921,0x83...6678,https://bscscan.com/tx/0x46973e894684bd1dcad721e042f5d6944349e6e2c8d46a217f38cea6c011a5ed
2023-03-26 08:19:31,False,0.4708,0.001451,13852.1,20.1098,0xb0...a41e,https://bscscan.com/tx/0x16fc733b3d911b25cfba18977ef3f60a051e6bbcfe4725dec9b219efd2e6ef41
2023-03-26 08:19:31,False,0.4711,0.001452,1205.64,1.75132,0x00...78d2,https://bscscan.com/tx/0x76d493233962f550bbc98885a4d3aac9f3183e5c555a12640ec53571ec59917e
2023-03-26 08:17:49,False,0.4688,0.001452,212.88,0.3092,0xdd...0065,https://bscscan.com/tx/0x6eef42aaf539664e79940c12fad44a6301d8c278ea24d96f969d0b7e9981e846
2023-03-26 08:16:04,False,0.4687,0.001452,14.3018,0.0207,0x43...a0db,https://bscscan.com/tx/0x00988c60eeede878dc123e669281f32acc536cab8393bda5a4e5dd2459d9d0a4
2023-03-26 08:15:55,False,0.4687,0.001452,37.9708,0.0551,0xca...3bca,https://bscscan.com/tx/0x95793ce175798e477f21cdcd7864ed9fd269f60cc38d2c90bb3d5bf46118fbde
2023-03-26 08:15:34,False,0.4711,0.001452,74.958,0.1088,0x1c...df7f,https://bscscan.com/tx/0x21e8f8c0b3578fd5071f43995406cff01fbb67cff5b2ea12839773f4b8ee1f2b
2023-03-26 08:15:22,False,0.4711,0.001452,2556.3,3.71396,0x00...78d2,https://bscscan.com/tx/0xb87695462a36e6852687ff2711b3c7a31345cfd094323f8cfc4d942fd0250c36
2023-03-26 08:15:19,False,0.4712,0.001453,2556.3,3.71471,0x00...78d2,https://bscscan.com/tx/0x2dfbb012295032050fdf0bf4b7b7428b2177beb515f332bceafdff6fcaef4e1b
2023-03-26 08:12:10,True,0.4713,0.00146,633.017,0.9245,0x70...8487,https://bscscan.com/tx/0x520f5a2cca9ae7c0c1dc74bca49acc8525d17310b74242546c348cde137c1c83
2023-03-26 08:06:40,False,0.4715,0.001453,260.0,0.3778,0x2e...a4ce,https://bscscan.com/tx/0xd6dfee183e184d8c78abdc642600ce580294406bf53ad0ed310982ea9eda74fa
2023-03-26 08:05:55,True,0.4738,0.00146,105.711,0.1544,0x2e...a4ce,https://bscscan.com/tx/0x1c261225cbd07fdbc125017f595809fe06cbb658e64b36083f0c817ffc3a5a1d
2023-03-26 08:05:34,False,0.4692,0.001453,2555.51,3.71416,0x00...78d2,https://bscscan.com/tx/0x0f6abec7ff3b3141e0990503ce0cd74de5671abf3fb80c6fe5d9b8eaaecb72c7
2023-03-26 08:05:01,False,0.469,0.001453,2556.3,3.71605,0x00...78d2,https://bscscan.com/tx/0x752aaa3547dd203c20b6c3024ee00b6a8c299c66483838e2555363f42136ea86
2023-03-26 08:03:25,False,0.4693,0.001453,898.17,1.30583,0x16...17ea,https://bscscan.com/tx/0xf78a25a8c4c1f36884810ea959d03d0bec62dc5a5238b6b8a50931ff151d8f3e
2023-03-26 08:02:28,False,0.4717,0.001454,2555.51,3.71591,0x00...78d2,https://bscscan.com/tx/0xd9fc75720d3dfa90dcacf822034e179cc06cacac1e68281f7edadef3ae1cb73c
2023-03-26 08:02:25,False,0.4718,0.001454,2555.51,3.71666,0x00...78d2,https://bscscan.com/tx/0x8d7591e4d3b53caddc9120f940a4c1c109a797bed6916d628682fc94d6aa00f9
2023-03-26 08:00:58,False,0.4695,0.001454,1328.77,1.93281,0x00...78d2,https://bscscan.com/tx/0x5d0eec5a94b5c0f7dee6f37b83018e2d2967d199d4f70f76361167160f41a8b7
2023-03-26 08:00:52,False,0.4696,0.001454,2550.87,3.71103,0x00...78d2,https://bscscan.com/tx/0xa6d5b328a425b5b55ab0411d7d0abffdf62ed3b17c4987ddb5a0e86148d77768
2023-03-26 07:57:16,False,0.4697,0.001455,60.0,0.0873,0xea...eb34,https://bscscan.com/tx/0x490a48a85d819e826a0ddcc64e47224a5b0d7a0ac43ecf5fd8579a0677e67602
2023-03-26 07:57:04,True,0.4744,0.001462,39.6828,0.058,0x2a...dc7e,https://bscscan.com/tx/0xe24923f2295c2f4c63d5acac637e61703ef6814d73b7651ef7d4f835abe5d858
2023-03-26 07:56:10,True,0.4744,0.001462,632.312,0.9245,0x70...8487,https://bscscan.com/tx/0x7fbe7ebf20e52db49b0f6f95d4ccc76ba7a5406759ce10eb0bd998fc9d337afa
2023-03-26 07:40:34,False,0.4717,0.001454,140.0,0.2036,0xa1...3fcd,https://bscscan.com/tx/0x2f2717b1eb7ec36fc1f6fe4dbf317687868e29de729e61137101d75d343b5345
2023-03-26 07:40:13,True,0.474,0.001462,632.37,0.9246,0x70...8487,https://bscscan.com/tx/0xf5ee1170382afe1092fa7ab5faaf94d58dcd28e5523025ef8ef108bc97e71903
2023-03-26 07:38:16,False,0.4693,0.001455,2438.9,3.54852,0x00...78d2,https://bscscan.com/tx/0x44568e592385d122d179eb3d612754fddff740996b650def442f5f2d55985f1c
2023-03-26 07:37:10,False,0.4717,0.001455,2555.51,3.71892,0x00...78d2,https://bscscan.com/tx/0x76ab72a74159f06539fcb95f471435a996423738e8155089badee540cf559f7c
2023-03-26 07:31:25,True,0.4719,0.001462,46.0,0.0672,0x65...3a88,https://bscscan.com/tx/0x951f6482ca863cfc6b1f4e26ff70df150226f3b23c85a2e1482a6b3f009d2079
2023-03-26 07:30:13,False,0.4719,0.001455,333.033,0.4847,0x2a...dc7e,https://bscscan.com/tx/0xcc807494924fc4142787f1e894a7e0c773b3cf2ba3daeb8fd38dce425163809c
2023-03-26 07:29:43,False,0.4696,0.001455,27.4832,0.04,0x2a...dc7e,https://bscscan.com/tx/0x80852083d90aedad213aa42ff1d332982f858983a61f3e1b013ec0c37309be87
2023-03-26 07:28:43,True,0.4719,0.001462,12.6437,0.0184,0x6c...a2f3,https://bscscan.com/tx/0x71f6631602ec38bc9f9a3f295c9f4b1f0597c113a0f812967bfe918704cf5a1b
2023-03-26 07:24:10,True,0.4741,0.001462,631.962,0.9243,0x70...8487,https://bscscan.com/tx/0xeda90d50db10702bb99af163add8a000f2dc49efc86178d6731c2a5b03411289
2023-03-26 07:21:49,False,0.4717,0.001455,169.0,0.2459,0x64...9ae8,https://bscscan.com/tx/0x676fd4a67d462e4be47a807854a632231d4d34edbe26b1f46e1dcc72ee5dcef6
2023-03-26 07:19:49,True,0.474,0.001462,6777.02,9.91,0xbb...6234,https://bscscan.com/tx/0x7cac572bdaf23e1fc184a37597e9539dc57dea7b2bb182f10e1b798c6a880513
2023-03-26 07:17:37,False,0.4692,0.001454,8.0,0.0116,0xe6...3a2a,https://bscscan.com/tx/0x97283450fbfc23c279efe93c8e4edb13d430806533cfbb4cfab347320e8f4b2f
2023-03-26 07:14:28,False,0.4693,0.001454,1812.5,2.63666,0x05...7eea,https://bscscan.com/tx/0x00fcb0b0ae4a8e03516c242c301dc638d93d5d509604b238ca02191f17876275
2023-03-26 07:14:25,False,0.4693,0.001454,913.2,1.32858,0x05...7eea,https://bscscan.com/tx/0xe95579b676e05fc3be1a2455d8e8d4653e281f1d0593e419f87f3c39aad905d7
2023-03-26 07:12:40,False,0.4715,0.001454,10.0,0.0145,0xe6...3a2a,https://bscscan.com/tx/0xd8981d6fc8c42cf37d179200719bbf3d4e40447a89fa20a0f4ecd81c4e01c5b6
2023-03-26 07:08:19,True,0.4733,0.001462,631.124,0.9228,0x70...8487,https://bscscan.com/tx/0x1f13b9090032539c0f8f194d27e1ea6b194103efd0bb0a58e3754f3cb578ce06
2023-03-26 07:05:43,False,0.4709,0.001455,2407.7,3.50316,0x00...78d2,https://bscscan.com/tx/0xffb2e03b89858f4a7d02a40567969c4bfa731b6785c7dc37bb1ff5869e6c3760
2023-03-26 06:53:10,True,0.4737,0.001462,632.645,0.9251,0x70...8487,https://bscscan.com/tx/0x9b6a26fc450b9579a4509a87d393ce7126c5315c0e5d2b405759402e40badec6
2023-03-26 06:44:40,True,0.4734,0.001462,290.125,0.4242,0xba...6ee1,https://bscscan.com/tx/0x0ab062c12c48a7ca7889286cd6e8c4a8036d4c237cbf4c8bc9d96a58c22d53f3
2023-03-26 06:43:40,True,0.4734,0.001462,367.532,0.5374,0xba...6ee1,https://bscscan.com/tx/0x98b9e25e986d4cf1ff61d9cd1b9b343d7835fa6f67ee2e1ded68483561fc7d90
2023-03-26 06:38:19,True,0.4732,0.001462,632.323,0.9246,0x70...8487,https://bscscan.com/tx/0xef2424086de51c4beb67fa7a7811b617519442c3a63cea68ed34abede0fde734
2023-03-26 06:33:10,True,0.4731,0.001462,177.362,0.2593,0x81...3662,https://bscscan.com/tx/0x98e37a56d14847199e7e53d9f67ccac803e8b3e0cce697122131a714fd88d8c4
2023-03-26 06:24:49,False,0.4711,0.001454,55.4129,0.0806,0x02...f2c0,https://bscscan.com/tx/0x7506b6825238544104c1083864a62c7647b48cdbc7f3da3ea9d3d6075c016e87
2023-03-26 06:23:22,False,0.4688,0.001455,1136.0,1.65282,0x00...78d2,https://bscscan.com/tx/0x0e0cae891fe83def804d38ea9c1b02680a91e8d4cca1f1be8b9fd99efa7b7afb
2023-03-26 06:22:19,True,0.4735,0.001462,632.927,0.9255,0x70...8487,https://bscscan.com/tx/0xdf9481675a6cfe8afe17d06bd3bfde8ed1f75c9551b9e9a33ca2a5b224e97ae2
2023-03-26 06:19:40,False,0.4712,0.001455,1318.7,1.91873,0x00...78d2,https://bscscan.com/tx/0xa0c06f4d7a80481a9e81a011b8bd9b20b565026bf97b917a82e0f76e95988135
2023-03-26 06:15:58,False,0.4713,0.001455,2556.3,3.72004,0x00...78d2,https://bscscan.com/tx/0x47d01e8b279a6d4b446ed78aa338952f74c193a1e5414ab0c59190aad7566d28
2023-03-26 06:11:37,False,0.4712,0.001455,9.65118,0.014,0xcb...4b28,https://bscscan.com/tx/0x2732fc130cc56f855d1e7ec2a3ab226020bcda16ffd0dbb7adef4d2e4590da6c
2023-03-26 06:06:36,False,0.4711,0.001455,1.6,0.0023,0x3a...bd67,https://bscscan.com/tx/0xc63cf3e25513d860e20d06f7e3e86b23f2f2858353fae1cde7786f774ec8e37a
2023-03-26 06:06:12,True,0.4711,0.001462,632.815,0.9255,0x70...8487,https://bscscan.com/tx/0x4c5ff9313de08cf37db2d38852b1a9a65fa846effba5540f6b340fc5b770d9e2
2023-03-26 06:06:00,False,0.4711,0.001455,40.7169,0.0592,0xa9...86d9,https://bscscan.com/tx/0xb1c1dc1f81f0bc497eb42267853e43f63ff63e15d4062c489734fadd1c0e4466
2023-03-26 06:05:33,False,0.4711,0.001455,594.265,0.8648,0xc5...775c,https://bscscan.com/tx/0xa3a3ca60630fc7eb9e149a256f68a0db9e8c352d1cc8c4db29654478aee45549
2023-03-26 05:57:21,True,0.4736,0.001462,29.2672,0.0428,0x68...787d,https://bscscan.com/tx/0x899700e83831b3313a8b6e491a02f0819911db3085f25ba1b5d91c1bd88d22e2
2023-03-26 05:55:48,True,0.4711,0.001462,42.4072,0.062,0x2d...f642,https://bscscan.com/tx/0xceb818a43a18dfe786293c2c380f9aa812c3d2708bd771c0898960a7cd8180f8
2023-03-26 05:54:54,False,0.4711,0.001455,32.2138,0.0468,0x0e...2f4c,https://bscscan.com/tx/0x709c5deb990da068224130761fffa1f33413a4c2228b776ed4c4a1deeae15e3d
2023-03-26 05:50:12,True,0.4734,0.001462,632.956,0.9257,0x70...8487,https://bscscan.com/tx/0xd3c04d2f8c5f98c9a39a33a324f1219791eab3fefbe38b517a26f91c1a942230
2023-03-26 05:43:24,False,0.471,0.001455,20.0,0.0291,0xf3...be59,https://bscscan.com/tx/0xc4e47c0b2e0e6f237dcc5c510f6329418a837fbfae315e47521954b10d6a937c
2023-03-26 05:38:07,False,0.4709,0.001455,290.725,0.4231,0xf9...1267,https://bscscan.com/tx/0xaa79fd863610fe53068406954bde4bc69b29a9d8259b16a75c9e9d0adcf13f0e
2023-03-26 05:35:10,True,0.4735,0.001462,632.951,0.9257,0x70...8487,https://bscscan.com/tx/0x390e40a4d9661f717091c5c9a9b3449a19885c36038345cd79a09cd7da42d3ea
2023-03-26 05:23:09,True,0.4714,0.001462,220.0,0.3217,0x42...859c,https://bscscan.com/tx/0x0ce46c9a58e482c42210dc58963ef2dea5f53fd104d93aaa2eb997227cc1f0fe
2023-03-26 05:19:12,True,0.4737,0.001462,632.566,0.9251,0x70...8487,https://bscscan.com/tx/0xd3e1f388a117d5295d496f5f35354aa21a13065884327c07eaffe5dfc3ac1060
2023-03-26 05:15:45,False,0.4714,0.001455,68.1774,0.0992,0xdc...6e0a,https://bscscan.com/tx/0x7dc24d07b060a34a3610e4d566028a12097eb57db127df520e9997ab32bc0aae
2023-03-26 05:14:39,True,0.4737,0.001462,50.0,0.0731,0x8e...f7a5,https://bscscan.com/tx/0x66eace45aeb9fd70e02ed1033843de757fa271ec8e09eca8992892bcaa702800
2023-03-26 05:04:19,True,0.4736,0.001462,632.529,0.925,0x70...8487,https://bscscan.com/tx/0x3a648c2d607de70cb5593a6fc75f7520ca69ce2ee6c3469156b1b2ee8a2a83b8
2023-03-26 05:03:40,False,0.4712,0.001455,1498.8,2.18104,0x00...78d2,https://bscscan.com/tx/0x6f96f9c671b80b252ae3bb41a1fe482d3e43fa05cf829a62140b62adf3e616f9
2023-03-26 04:56:19,True,0.4735,0.001462,700.0,1.02378,0x42...859c,https://bscscan.com/tx/0x24f1211e499978cc9b17df040f77137452c76427756cbaddd35f666d72d7be58
2023-03-26 04:53:43,False,0.4713,0.001455,619.055,0.9008,0x8b...4a94,https://bscscan.com/tx/0x0ba2eafb10d3b6bfe975238f94cf790da635f2909f64d565838f64cf20405f0c
2023-03-26 04:48:12,True,0.4738,0.001462,632.783,0.9254,0x70...8487,https://bscscan.com/tx/0x79540461265fa90b324ac7c1d9a3e4956a4605e72146f35e42135dfcef3106d5
2023-03-26 04:45:42,False,0.4712,0.001454,10.0,0.0145,0xe6...a6ae,https://bscscan.com/tx/0x849b6595b4595e4fac02832f50fa0d301a69c28dc5e75d062c5e4a3b9be02f07
2023-03-26 04:41:33,False,0.4714,0.001454,25.0,0.0363,0x80...2931,https://bscscan.com/tx/0x31cb2032408ddbd619aa04704c69b1b52ed0a5fbd8997623e904275bc0dc4250
2023-03-26 04:33:18,True,0.4738,0.001462,632.821,0.9254,0x70...8487,https://bscscan.com/tx/0x468b929c0ebf51412bdc482bc361f1ff44cf268ecd309a881c3e21dce5f651ad
2023-03-26 04:27:15,False,0.4711,0.001454,8.0,0.0116,0x09...b7b3,https://bscscan.com/tx/0xa21702c622891960e13c0992cce745478ca1b4e7c4611b022d3219386bedac3a
2023-03-26 04:18:21,False,0.4715,0.001455,7590.0,11.0477,0x83...6678,https://bscscan.com/tx/0x995bc35bbee4cba28ac2705c2bb70758260e5f2d4c3036f676b5a731c257a8ae
2023-03-26 04:18:21,False,0.4718,0.001456,7570.79,11.0263,0xb0...a41e,https://bscscan.com/tx/0xec576331b545a36c93f596ca664954834805a35b1b305f2b7e2d1235f99b1b9f
2023-03-26 04:18:21,False,0.472,0.001457,2545.46,3.70874,0x00...78d2,https://bscscan.com/tx/0xfe1975be8288f8c94995b7af257cf1cab94703f6af9a4d544160de44770ebae2
2023-03-26 04:18:09,False,0.4721,0.001457,2389.17,3.4817,0x52...1c7e,https://bscscan.com/tx/0xf30dd337a221b86b60c1c4d0bc789d733d25348ac999116758922e52be054f7b
2023-03-26 04:18:09,False,0.4722,0.001457,2390.07,3.48366,0x62...1f10,https://bscscan.com/tx/0x8c40b856b579d3418329631f9af3cce2cff69959e3926e160a838caac84effa7
2023-03-26 04:18:09,False,0.4723,0.001457,2389.62,3.48366,0x2f...e155,https://bscscan.com/tx/0x5f8a4b2b5db9bc043d23cfc7b439f0bd67dfcd25afa5fb18bf4a02802399e307
2023-03-26 04:17:12,True,0.4746,0.001465,631.582,0.9254,0x70...8487,https://bscscan.com/tx/0x5c0f7ef47214d7c793818d2db7c410d7345ea0ea26a2c8089391d43fca2ee14a
2023-03-26 04:13:33,False,0.4722,0.001457,86.7919,0.1265,0x8a...5d04,https://bscscan.com/tx/0xe59bc3c14762675c7b6ece5206ddfd33f4aacc198036ccb7cfff20631072e2fc
2023-03-26 04:02:18,True,0.472,0.001465,631.907,0.9258,0x70...8487,https://bscscan.com/tx/0xdd02f6e21faf11590cf264dd5a1b3f2d8766a25da85c9f47f8967b6ab2844bb3
2023-03-26 03:47:06,False,0.472,0.001457,8.0,0.0116,0x84...ccf3,https://bscscan.com/tx/0xca0a2780fd6b19a04ab2b4d46c21a9051e44d49056aa488cb0d6662c30d72201
2023-03-26 03:46:12,True,0.472,0.001465,631.707,0.9255,0x70...8487,https://bscscan.com/tx/0x6676c526cbb5990afaf6336d109e887464dd56bb896388fdaa91a4c58bfa0cd7
2023-03-26 03:45:48,False,0.472,0.001457,32.3292,0.0471,0x84...ccf3,https://bscscan.com/tx/0x743dd24aba9b22888e4b8201ee83d4a9a5e2c0497fe3087e8a2e1f0fba661bc7
2023-03-26 03:43:21,True,0.4719,0.001464,2389.17,3.5,0x91...79fe,https://bscscan.com/tx/0x638a813c5ab3469bbd2855eb2e4dd8077e3603ed636f961a471f5abfeabca3ce
2023-03-26 03:43:21,True,0.4718,0.001464,2389.62,3.5,0x2f...e155,https://bscscan.com/tx/0x9bf6a48d52262578b3a7c5b9431915219e60d7bfe82592201aa76acda955e17e
2023-03-26 03:43:21,True,0.4718,0.001464,2390.07,3.5,0xed...4f31,https://bscscan.com/tx/0x69c2a4b09058c996cfe1302ea9d6993e93538075014396538bf79c208752509c
2023-03-26 03:31:12,True,0.4736,0.001464,632.64,0.9263,0x70...8487,https://bscscan.com/tx/0xa8dba0dac0d0783933e9db188b3d3ac16b026086baaed9249fe3b54733edf1da
2023-03-26 03:26:31,False,0.471,0.001456,50.0,0.0728,0x1a...e4dc,https://bscscan.com/tx/0x1ff5c191bb92dac8bcf50bf878c4e9843cd66d2a8907ba6e2bb1c4fcc3ee501e
2023-03-26 03:25:58,False,0.4689,0.001456,2.12395,0.003,0x88...369f,https://bscscan.com/tx/0x5c6f2b92ea8eb262528cbebca7d5c779cd46b12b7916121fad9f60bf4968300b
2023-03-26 03:18:07,True,0.4711,0.001464,1508.1,2.20801,0xd2...d344,https://bscscan.com/tx/0x421963b2c8bfe74d841c1604f7c037470288995c5b66c731a34c88b95fa83cae
2023-03-26 03:16:10,True,0.4734,0.001464,632.645,0.9261,0x70...8487,https://bscscan.com/tx/0x5f7c8ae6f0984db118df3a635ef26db34d5bf833e3a5b0f82d8b7aa28b4373ab
2023-03-26 03:10:58,True,0.4734,0.001463,170.0,0.2488,0x23...eaf1,https://bscscan.com/tx/0xb112a290312e6b482a9bb20d706e363ae85304e09113beec9984c8fb484ea998
2023-03-26 03:09:51,True,0.4734,0.001463,598.331,0.8758,0xf1...8f1e,https://bscscan.com/tx/0x45f17183350fed8d0c699cf1fb066413f9ac88b48f709f6454b6cf1d6f8350df
2023-03-26 03:06:44,False,0.471,0.001456,35.3595,0.0515,0x0b...c011,https://bscscan.com/tx/0xc773bd867da1631cfee232c3395a0c15462d03cc83a4b744b3a3803061f384b3
2023-03-26 03:04:56,False,0.471,0.001456,5.35955,0.0078,0x0b...c011,https://bscscan.com/tx/0x9dd6a47fb1acb98b606b3d7ebf473fadfd7adc49c80d04c22ffa73aa01ad66c6
2023-03-26 03:04:29,False,0.471,0.001456,108.695,0.1583,0x0e...005b,https://bscscan.com/tx/0x84a8a718f804b338558bdd50ab4ed68404a83f3ffaede19b2b9d98d6d7cb6b1b
2023-03-26 03:00:12,True,0.4733,0.001463,632.867,0.9264,0x70...8487,https://bscscan.com/tx/0x6a281f7372fae0b42371778f3aa4ca5664abfa1035e4e276939b5c87525bba08
2023-03-26 01:54:28,True,0.4734,0.001463,498.712,0.73,0x7d...6578,https://bscscan.com/tx/0x9da73d44824f1c9d83e5371d1b08322a727f5dcbb7d45163226c1e4e70226ce9
2023-03-26 01:53:58,False,0.471,0.001456,17.8533,0.026,0xc1...9181,https://bscscan.com/tx/0x4d07f62fe07ae0ab66ddc85d8cd1b265ead6fcbf9491c53cfadfb9d097e9fff1
2023-03-26 01:52:10,True,0.471,0.001463,60.9848,0.0892,0x34...b2a8,https://bscscan.com/tx/0x88be3b754ae8d14b234e8d17400d5e7194340daf03e3c25adbdf2277fa657c95
2023-03-26 01:44:10,True,0.4709,0.001463,633.848,0.9277,0x70...8487,https://bscscan.com/tx/0x75b4e3951fe9f5164cad1ab3b0ce23d82de88bc6a82c3f0c46024407a9f49a1b
2023-03-26 01:42:04,False,0.4709,0.001456,1371.5,1.9975,0x09...18f7,https://bscscan.com/tx/0xa44006f86e0ce91bd1363830548cf04933e637c5278701218a74ecd758ff81bc
2023-03-26 01:28:10,True,0.4709,0.001463,633.816,0.9277,0x70...8487,https://bscscan.com/tx/0x6c79bc2bd3f07e4b9d575bda9ab793558de4a8756c82a2882f7086e3ac21e47e
2023-03-26 01:27:49,False,0.4686,0.001456,10.6699,0.0155,0xee...96ea,https://bscscan.com/tx/0x992dbae1df0cbcc4f7ea194258a450ca8fc11623d6bc6f5119859b96a0190af5
2023-03-26 01:24:25,True,0.4734,0.001463,95.0,0.139,0xa8...1b2a,https://bscscan.com/tx/0x0dc368c9533d8e74663e3a6754acb9fe474e112e0275cdf1b389703031f03f88
2023-03-26 01:19:57,True,0.4711,0.001463,677.404,0.9915,0x35...aca7,https://bscscan.com/tx/0x8032b9a074b3ef6e0a645bfb64b879ef483432964441f205c3f52827adab41bf
2023-03-26 01:12:10,True,0.4716,0.001463,633.762,0.9275,0x70...8487,https://bscscan.com/tx/0xb413c47cf2b005119bd58b481179b4a59be20fdb73a66e826c3f15ca286e4332
2023-03-26 01:10:17,False,0.4715,0.001456,10.0,0.0145,0xa8...1f41,https://bscscan.com/tx/0x2ff55bc50dde47b2f02f92efb689607ee537402a414a66c22c884264e1e71e72
2023-03-26 01:09:40,True,0.4739,0.001463,31.7451,0.0464,0xa8...1f41,https://bscscan.com/tx/0x1f2a15234fc10b58597703eddde78bb6ac63c89a02b58debe2e9b8c2bd0658e9
2023-03-26 01:09:14,True,0.4739,0.001463,50.0,0.0731,0x31...5d08,https://bscscan.com/tx/0xcffcf9784baea204b549635ccceaf052dc7c14197b20505d72b6ec015aec5907
2023-03-26 01:02:04,False,0.4693,0.001456,48.4332,0.0705,0x98...e88e,https://bscscan.com/tx/0x918799586b6f8f5ed6d6ab8dc53926c31d4fd8cffa7dcc5e6726e2b21f4f4cd8
2023-03-26 00:59:19,False,0.4718,0.001456,4.48362,0.0065,0x05...7bc2,https://bscscan.com/tx/0xca1c79ed665b33eb225e87a8ab7125059c866545e4f154427499203b573ebbd1
2023-03-26 00:58:01,False,0.4694,0.001456,119.945,0.1746,0x52...e7bf,https://bscscan.com/tx/0x9fa3e8f1fde42d6a0f1798992d672441d8e56b8c1511d05a2b7ac45789dc8852
2023-03-26 00:57:10,True,0.4718,0.001463,633.973,0.9278,0x70...8487,https://bscscan.com/tx/0xdf911b6de429d527eca9b5435a0758a4d025d5080b1234d13b1b6a88472180f2
2023-03-26 00:48:22,True,0.4736,0.001463,83.0,0.1214,0xf7...3cc9,https://bscscan.com/tx/0x9d755c0d6d488273ada217567d0865011e6f2aa8a3a703d41a0c30b9dfff69c4
2023-03-26 00:45:22,True,0.4738,0.001463,58.7627,0.086,0xb9...aab3,https://bscscan.com/tx/0x6d27ceebfe3e13eb043b4f4b9fe65bf166af7fd3c409740aa82a414d54c0d6bd
2023-03-26 00:44:49,True,0.4738,0.001463,66.9321,0.0979,0x2c...c9c5,https://bscscan.com/tx/0x92630028bf43ffa30d50e37f4a419b83cd63fca60d928d059bc5c56c5ff099af
2023-03-26 00:42:10,True,0.4711,0.001463,633.953,0.9277,0x70...8487,https://bscscan.com/tx/0xab94fdb898d71222ecd31118072a2509315d2b3f3d51612ea247897dc129132a
2023-03-26 00:40:07,True,0.4709,0.001463,25.0,0.0365,0x80...2931,https://bscscan.com/tx/0x84d7fdb9324ba2a1ff08ca9ce620d1d8f64fa55567b18d51d8f607219f25d610
2023-03-26 00:38:37,False,0.4685,0.001456,39.1971,0.057,0x3a...bd67,https://bscscan.com/tx/0x9e4cb012a2186859b2f36b8094ff7e6c95245c32d78a15d38c8b7bb7cf105bed
2023-03-26 00:36:25,True,0.4732,0.001463,48.0894,0.0703,0x78...0104,https://bscscan.com/tx/0xb117af8c922fcd7d0b6a4331d85ac4725991f983c42c5f51106fef5ed4a6449e
2023-03-26 00:33:43,True,0.4733,0.001463,69.602,0.1018,0x8b...40d2,https://bscscan.com/tx/0x3fc764027d79d600b4e72ff6f241e418da4b95ef9f054e4712a5e9b619d44805
2023-03-26 00:29:13,False,0.4687,0.001456,30.0,0.0436,0x45...4b77,https://bscscan.com/tx/0x367e59e9b86a36130de83200b4503925121f6a3a4b3da68cd949d8e3db76bb6d
2023-03-26 00:26:19,True,0.471,0.001463,633.836,0.9275,0x70...8487,https://bscscan.com/tx/0xffd5446b9fcef7cb999ef7bb9e2dd55e7df8657bb274b59ebcf529b085857148
2023-03-26 00:24:10,False,0.471,0.001456,1762.6,2.56659,0x00...78d2,https://bscscan.com/tx/0xc53106ec8910293a9e9baf2da4d8aa87bae076d1069609172d7ecdc5dc01805a
2023-03-26 00:15:31,True,0.4705,0.001463,57.5182,0.0841,0xc6...16fe,https://bscscan.com/tx/0x526bce319af4a5a386f53ec926e8b1617ac8caea875492636070bb8570558da1
2023-03-26 00:15:13,True,0.4705,0.001463,43.1388,0.0631,0x7a...6e50,https://bscscan.com/tx/0xdf73f22b89a668f2fbfc69ebc18211db33249d8d923c5d5d9baf8cd8a3cf0877
2023-03-26 00:14:43,True,0.4705,0.001463,57.521,0.0841,0x29...0116,https://bscscan.com/tx/0xa1fc6d0970e56e67f01cddb0f3954b5c3996096c6942b9baed0385ad43c02860
2023-03-26 00:14:25,True,0.4729,0.001463,43.1402,0.0631,0x5b...37ec,https://bscscan.com/tx/0xca3246bdcb4e49bbff020cd42799d8086c086bff1be8c3133def8f4c2bff861e
2023-03-26 00:14:04,True,0.4705,0.001463,28.7601,0.042,0x89...5a4a,https://bscscan.com/tx/0x8d52d8b143f9e4637633eab1707dc3c612730d2682f4739cd096b04786bfae66
2023-03-26 00:11:55,True,0.4723,0.001463,43.1273,0.0631,0x98...3fb4,https://bscscan.com/tx/0x6abbd347591bbb505a94c252845258307ce94f9e0752d9d6ec8072e68242916c
2023-03-26 00:11:37,False,0.47,0.001456,21.7331,0.0316,0x8b...9488,https://bscscan.com/tx/0x7255b35aa8c176acede1cbb499e4c8cc2a7b946997b7b74192f02a8884ac89d8
2023-03-26 00:11:16,True,0.4723,0.001463,43.1269,0.0631,0x46...50e2,https://bscscan.com/tx/0x32f6813ef2e160f13c42c064a99685d39558ddffcfbb6ade37e97ab1fc5b07ed
2023-03-26 00:11:10,True,0.4723,0.001463,633.707,0.9274,0x70...8487,https://bscscan.com/tx/0xe06d53c1c04e85dff8f83bb927403efe95c64b700005f0dd36c52cef12b4d963
2023-03-26 00:11:04,False,0.4697,0.001455,150.0,0.2183,0x18...c06a,https://bscscan.com/tx/0xf973a560d99696dccc8858fb2a0dd80348d0bd9ba8696169efdcf1adddf9c833
2023-03-26 00:10:40,True,0.47,0.001463,43.1291,0.0631,0x52...8b77,https://bscscan.com/tx/0xce0bccd3e9ba9d5865181565f59336c9584c33b0ff43d5fe0cdc78966f2f37f7
2023-03-26 00:04:16,False,0.4696,0.001456,2560.97,3.72952,0x00...78d2,https://bscscan.com/tx/0xffa87efec173e541cea3c817afaf34ffe67f36a83dce68940365b1a994e3afcb
2023-03-25 23:58:40,False,0.4673,0.001456,149.819,0.2182,0x1c...bb0e,https://bscscan.com/tx/0x7c7086a6e312bedf237c76c7dcc9339c485fffc638e0022ae54321258f417644
2023-03-25 23:56:10,True,0.4696,0.001463,632.957,0.9264,0x70...8487,https://bscscan.com/tx/0x8dcb9dcb13da469d963b94fafcf111cd27e343add77d152d82dba0ecb40893c2
2023-03-25 23:43:37,False,0.4683,0.001455,39.8,0.0579,0x8b...0ab9,https://bscscan.com/tx/0x4114abb83f6a69361677f9113e66c40359008cba719835aa4c32cb8e9066f4da
2023-03-25 23:40:13,True,0.4706,0.001463,634.455,0.9286,0x70...8487,https://bscscan.com/tx/0xffbf2cf2f8d19de0a5993d1fdb7c42bc8c2cf25be6619ec1f5c39f54aa1a16b9
2023-03-25 23:27:13,True,0.4727,0.001464,48.3099,0.0707,0x88...b865,https://bscscan.com/tx/0x52e0bf3d301f683afa01979b117048a3692760531a538a7b38c0fa4718347590
2023-03-25 23:24:10,True,0.4689,0.001463,634.442,0.9285,0x70...8487,https://bscscan.com/tx/0x01ff32bebf44acc8d78ba52b95704abc0ae1596cebb430c0476414741985c066
2023-03-25 23:21:10,True,0.47,0.001463,60.0,0.0878,0x55...8243,https://bscscan.com/tx/0xa1b3a6cecee9342e7dd21f954ca4ec7cdfc41b0434f5ff2da5b683a3043d8a6c
2023-03-25 23:09:10,True,0.472,0.001463,635.198,0.9296,0x70...8487,https://bscscan.com/tx/0xdfff02035962b4466636c6a5b45f9e1a329f6b5e9d5d2a1b841bd7c3ac95a7ff
2023-03-25 23:08:25,False,0.4696,0.001456,32.4252,0.0472,0x49...4327,https://bscscan.com/tx/0x1397f3ea0a844155131df54fbd41e46d3f668d13e58707e05be0465ce0dbbd6f
2023-03-25 23:07:16,True,0.4722,0.001464,995.213,1.45714,0x53...1fa0,https://bscscan.com/tx/0x16967fab8031c2e618bcc6dda3b24fee0daf362ec15e515b63dbc9bca7ca2499
2023-03-25 23:01:13,True,0.4695,0.001463,47.8354,0.07,0x56...4465,https://bscscan.com/tx/0x7dca4a5874785266471cebb93ab20ddb99cabd3598e304c3f4daba85d37f2042
2023-03-25 22:53:12,True,0.4719,0.001463,635.364,0.9297,0x70...8487,https://bscscan.com/tx/0x93ca2f0ff4580999b2ce09db6bac74484394a7edba77197e8ce9f153d92896f2
2023-03-25 22:52:45,False,0.4695,0.001456,16.0,0.0233,0xb4...6d63,https://bscscan.com/tx/0xc8ac489096192211e8ed39c6a162a664a24b072112b88fddd75a0d8a51ed78ef
2023-03-25 22:50:18,False,0.4695,0.001456,25.2829,0.0368,0x09...0ab5,https://bscscan.com/tx/0x1a33500649224f0f2a7fc4ab5f76654c01b43fe6363e4f393c7c2b057a3860ae
2023-03-25 22:42:21,False,0.4672,0.001456,1151.6,1.67678,0x00...78d2,https://bscscan.com/tx/0x95142070f787c0c77658012541fa73aa9affed79857906b5dd3e460a66a09f4b
2023-03-25 22:38:12,True,0.472,0.001463,635.202,0.9295,0x70...8487,https://bscscan.com/tx/0x0ea1bd7956ce03fe8396555ff924838d0325d7419c4bf090e8ed78c32aa3772c
2023-03-25 22:37:45,True,0.4697,0.001463,84.1841,0.1231,0x52...0ae0,https://bscscan.com/tx/0x77445dbeeaa766fe9467e52da16f61d106a3b0753ebfc1efc8b1556a4b891614
2023-03-25 22:28:15,True,0.4718,0.001463,52.944,0.0774,0x0d...2955,https://bscscan.com/tx/0x8e8a880402174c3b3a8b80c102b1b17c00929e094bf4d1d08bad6adc48701314
2023-03-25 22:27:42,True,0.4718,0.001463,26.5567,0.0388,0x3c...cfd2,https://bscscan.com/tx/0x74f8a6f0c248b1c3069793f41ab6831807210370777a2df0214840e4967a6ab7
2023-03-25 22:22:12,True,0.4718,0.001463,635.405,0.9297,0x70...8487,https://bscscan.com/tx/0x54a8118704e2769d5601c65a8549ded26e3eb997f24af552592b9e098fb4423d
2023-03-25 22:22:06,False,0.4695,0.001456,2560.97,3.72899,0x00...78d2,https://bscscan.com/tx/0xa6e790bb00888a1d1fa5ca3120056ca2c237f3c26ff2390cb906d6f1e6e061ed
2023-03-25 22:21:18,False,0.4694,0.001456,2561.76,3.7309,0x00...78d2,https://bscscan.com/tx/0x5ed33e28c923529fbc2c20b012bf27a4db63aa0ade405052f4f3196080a58db5
2023-03-25 22:20:24,False,0.4695,0.001456,2555.51,3.72255,0x00...78d2,https://bscscan.com/tx/0x6f292e6209768d76870843193bedbbf86a70c857a4fc53e05c503871f07970b4
2023-03-25 22:18:09,True,0.4716,0.001464,704.936,1.03209,0x9a...2e98,https://bscscan.com/tx/0xa7c9f8e6d569e0a811991b91031e26caf2521a493d264f46eddc9df0f88ae206
2023-03-25 22:08:27,True,0.4716,0.001464,17.544,0.0256,0xc5...2dee,https://bscscan.com/tx/0xd8fba8b5e42910827344e8ecb792d3e8d43e448f747f4998243309b1962efbe8
2023-03-25 22:06:21,True,0.4716,0.001464,635.291,0.93,0x70...8487,https://bscscan.com/tx/0xa8256757d7a70037a3f2d940a1591ce0699fa7caca42c58905e0e14f6668c19d
2023-03-25 21:51:12,True,0.4694,0.001463,635.354,0.9301,0x70...8487,https://bscscan.com/tx/0x60ac30a83b536591aa71f297dea0fab2d8d39fe99cf67a91096022d390cfd25f
2023-03-25 21:41:40,True,0.4714,0.001463,33.2986,0.0487,0x2c...c9c5,https://bscscan.com/tx/0x849d6713acbc065a481267a1751664fd473dfaed193e163af4e3cffa1238d484
2023-03-25 21:38:16,False,0.4663,0.001456,163.031,0.2374,0x43...31ef,https://bscscan.com/tx/0xf988cb927feced144b85bea1f0c46181863cbc0d7287252a2987c05251b88fe8
2023-03-25 21:38:13,False,0.4687,0.001456,2566.44,3.73867,0x00...78d2,https://bscscan.com/tx/0xd232f38b570573e00ffeaca4345d6c26ba7698f70e62bd8ada45a40e0f31752c
2023-03-25 21:38:10,False,0.4687,0.001457,1175.49,1.71266,0x00...78d2,https://bscscan.com/tx/0x1004fe261ea30b59c648dd74120f8258d9d6c0d2e7022f2a80c7aaca402cfdd3
2023-03-25 21:36:40,True,0.4682,0.001464,21.2238,0.031,0x5d...dc5d,https://bscscan.com/tx/0xe4becd1683626c35c92b510df2061ca6572aad15efc0ee8943380a9b654ba39a
2023-03-25 21:36:34,False,0.466,0.001457,2571.95,3.74778,0x00...78d2,https://bscscan.com/tx/0x7302caa266274c7cff02573cf86eb228363ac12af0a2e48a0d22a4d214b2701c
2023-03-25 21:36:16,False,0.4663,0.001457,2571.95,3.74854,0x00...78d2,https://bscscan.com/tx/0x90dc484b5c92dbaf7efe57d9d9c782159843ed9ce1930db5c4fdf33be3b0c295
2023-03-25 21:36:13,True,0.471,0.001464,636.485,0.9323,0x70...8487,https://bscscan.com/tx/0x35a5e7db5249ddbf33cc1c6cc69509634a3fe0ef62091e6e4accf23b0c911f9f
2023-03-25 21:25:54,True,0.4684,0.001465,362.398,0.5311,0x71...5cae,https://bscscan.com/tx/0xba2d3f892b24d3c29174045a6824fd6e304ccdfcc2fbbddd563d68d243f5ae62
2023-03-25 21:23:55,True,0.4705,0.001464,50.2955,0.0736,0x1f...e079,https://bscscan.com/tx/0x4332314a1bcae8835e9687f161c934178925f8f06801d09e08e9fe0adcda2eed
2023-03-25 21:20:40,True,0.4681,0.001464,42.4612,0.0622,0x2a...6cdd,https://bscscan.com/tx/0xe1e47029095062a03c43314265d82e7073f3a3809336fd441c600df677759f7e
2023-03-25 21:20:13,True,0.468,0.001464,637.14,0.9332,0x70...8487,https://bscscan.com/tx/0x1eed43f082c1c17e620b9a86445a2130c2372b1f855008542cd31fa290be59c8
2023-03-25 21:20:01,False,0.4657,0.001457,821.2,1.19687,0x00...78d2,https://bscscan.com/tx/0x00acd5fb5d82f547078c5fc3a48238da311d89cbb69879a16e5bb7d647020621
2023-03-25 21:16:55,False,0.4678,0.001457,605.087,0.8819,0x89...e3eb,https://bscscan.com/tx/0x2682c3dfaaac13a7861fbd7d3544fcbb7500ba3b6ea5eed34f84b66dceffdace
2023-03-25 21:15:46,False,0.4653,0.001457,1898.6,2.76758,0x00...78d2,https://bscscan.com/tx/0x37a66f2a22464154558d0ed4a5f663f9bfa6bafcb0a43f7c64b4cfcbd8c65bb9
2023-03-25 21:15:43,False,0.4678,0.001457,2571.94,3.74977,0x00...78d2,https://bscscan.com/tx/0x48aca367fdda23e0990fc1c34f2258552eb368fcd80e47a84524319947a44e77
2023-03-25 21:13:17,False,0.4652,0.001458,2574.7,3.75455,0x00...78d2,https://bscscan.com/tx/0x4d9dd228a40984b1d7fe80ccfde33ea11b67a33f8ab52fb43c8269c184a1d226
2023-03-25 21:06:32,False,0.4648,0.001458,66.1235,0.0964,0x00...8e06,https://bscscan.com/tx/0x097c2d34cd82bec20d0d90910b69a0b2d7724ede5d7aa791e4cb5c07aed73157
2023-03-25 21:06:14,False,0.4672,0.001458,45.9315,0.0669,0xaf...42dc,https://bscscan.com/tx/0xa5233a0e278cd03ca8525f1375788b36a81ab9f129849a514e4e903ad86554b0
2023-03-25 21:05:11,True,0.4695,0.001465,638.005,0.9351,0x70...8487,https://bscscan.com/tx/0xced65b0e90c0105eab280020fcf4666ddc98980a6ce52c2af383fe988632d3be
2023-03-25 21:02:14,True,0.4694,0.001465,250.443,0.367,0x3f...66aa,https://bscscan.com/tx/0x1681f8c695e4f636157d0b6d778b03cc9e22dcc4d5567b199ac315024fd41176
2023-03-25 21:00:53,False,0.4672,0.001458,5723.76,8.34886,0xcf...f8b8,https://bscscan.com/tx/0xf69f26fb2f3985abf7bc9ad3f6c575002a8b9d47628e96f6babbe12fd95ffee0
2023-03-25 20:55:14,False,0.4674,0.001459,1416.4,2.06658,0x00...78d2,https://bscscan.com/tx/0x6b448b5454f5054dabf98634904c4dd99f4d7fe0f763bcf944b9bcdb5ba0f0c7
2023-03-25 20:53:05,False,0.4651,0.001459,1685.2,2.45907,0x00...78d2,https://bscscan.com/tx/0x275d64143f55d3d5735bdb16914dae6af02e4430183173d8d43aa9e25d820b5d
2023-03-25 20:50:11,True,0.4675,0.001466,637.503,0.9349,0x70...8487,https://bscscan.com/tx/0x2e9f4aa18816b28822f4bcc3e90e9e664757d11258fb12cbd16befee3bbe6ca5
2023-03-25 20:49:44,False,0.4652,0.001459,7.16639,0.0104,0x32...9d36,https://bscscan.com/tx/0x1332d99916dcd7275ca50dc7989a879377e908824ef3bcf1d219817177cb3461
2023-03-25 20:47:44,True,0.47,0.001466,681.884,1.0,0xb6...f5ee,https://bscscan.com/tx/0x9ec1a8bfcda9d51a37ed2da88d4317ad9415fb30da27ee2af5384c43fac2dd07
2023-03-25 20:45:05,True,0.4698,0.001466,35.7361,0.0524,0xe6...b100,https://bscscan.com/tx/0xa2f687c4613bf3dc9fc0d543865914c8f4ff0638d6aac3bb5993df92f8d0a021
2023-03-25 20:44:26,False,0.4673,0.001459,22.1693,0.0323,0x7d...a2a7,https://bscscan.com/tx/0xb78f7f9ba341352e93e826f34c101811d53b8b9166b6f12f541e0035e7c53d69
2023-03-25 20:43:26,False,0.4649,0.001459,1875.8,2.7373,0x00...78d2,https://bscscan.com/tx/0x1f2944480b731848e2f1eed374d19fd54555f75feee8409a11fb6463c5689a88
2023-03-25 20:43:23,False,0.4649,0.001459,2578.27,3.76306,0x00...78d2,https://bscscan.com/tx/0x8422dc3da004ade302c66cee1ba63ea741d665384e33d953533254ae9b780b22
2023-03-25 20:38:08,False,0.4676,0.001459,2574.7,3.7586,0x00...78d2,https://bscscan.com/tx/0xa019d5ec88b44892e9624a7b8f795a9e6d8916a98263e9abd6058d9866ffbaa2
2023-03-25 20:37:56,True,0.4676,0.001467,15.0,0.022,0x51...c856,https://bscscan.com/tx/0x53f76c148cc3510a1e7f826b46df821064831d65390fb11b17e0c8f5261e332d
2023-03-25 20:34:11,True,0.4677,0.001467,636.872,0.9344,0x70...8487,https://bscscan.com/tx/0x997b3d17a719a187922be2e6b1cfb73b2384dcd43957862c8ef3ae7e50448e02
2023-03-25 20:31:53,True,0.4701,0.001467,2.04468,0.003,0xdc...fabb,https://bscscan.com/tx/0x08782329915c97b6657dcda8cf6fa39e9a54e8a33518c5e3094503d4ea68fb86
2023-03-25 20:26:32,True,0.4704,0.001467,715.748,1.05013,0x7d...6578,https://bscscan.com/tx/0x451dfb11a26c66bc3f78853e73e713631f3587caa7c896a76e8d26f22b18f2cb
2023-03-25 20:23:47,False,0.4681,0.001459,1624.1,2.37103,0x00...78d2,https://bscscan.com/tx/0xd1763b45e8736d3d9e87622873fa8e9d5a81351957ea9f2645f5306e4883b66b
2023-03-25 20:20:56,False,0.4681,0.00146,24.4889,0.0357,0x5f...fa76,https://bscscan.com/tx/0x7f753f988f4180d2cdcf9db8d7a3940465a2973571e00c075fadf64847fd1ec2
2023-03-25 20:18:56,False,0.4684,0.00146,364.775,0.5325,0x8c...0a8b,https://bscscan.com/tx/0xff5f2e736f5537380523e52d394ff1b543bbd8cb2591c5c790b679a442707126
2023-03-25 20:18:11,True,0.4684,0.001467,636.671,0.9342,0x70...8487,https://bscscan.com/tx/0xb1995531f7127911f78580d07433a815eb8472214336b53009cb03705ea3421f
2023-03-25 20:14:02,True,0.4708,0.001467,6.53347,0.0095,0xc2...630b,https://bscscan.com/tx/0x424e5a67c1d9202e2256fc9a59743d9c3a2145bd51387a592bc3e08c40b305e2
2023-03-25 20:09:44,False,0.4662,0.00146,534.4,0.7802,0x56...0086,https://bscscan.com/tx/0x847d0dd60954903abfaddbdedffc4f5cf0e6548c7d0cf45b87f21f70e7b74afa
2023-03-25 20:08:02,False,0.4685,0.00146,266.391,0.3889,0xf7...3f4a,https://bscscan.com/tx/0xeb86d98d7d3a932ae6559cf36d12bdbb8afc69cce12e968d73494d674bc5b3cf
2023-03-25 20:08:02,False,0.4685,0.00146,1596.2,2.33069,0x00...78d2,https://bscscan.com/tx/0x8cb31790b817ffbe7a7291a18e37124c1d8993d4a6cbf72ab858911123a08505
2023-03-25 20:06:02,False,0.4685,0.00146,63.7188,0.093,0x26...0aaa,https://bscscan.com/tx/0xad00db619dea003d284f87742d9c226a5bc2e1a20ddc1a59240a634ee96d7625
2023-03-25 20:03:11,True,0.471,0.001467,636.08,0.9334,0x70...8487,https://bscscan.com/tx/0xa595cad625496f2e0779d456c643c4cea5cdeb2e20511cfd234b954ad4376885
2023-03-25 20:02:08,False,0.4697,0.00146,2000.7,2.92161,0x09...18f7,https://bscscan.com/tx/0x719ab4fbab7c36cebb308ff816f6376314cf9984cb081ad508f24fe8a91db501
2023-03-25 20:01:26,True,0.4733,0.001468,20.9249,0.0307,0x53...a975,https://bscscan.com/tx/0x443b692c44c81bff6fb32edfc8e0bf4ea8cab05a4da00c9b0b738537bfe1d9d2
2023-03-25 20:01:08,False,0.4707,0.00146,952.9,1.39167,0xc3...157a,https://bscscan.com/tx/0x120342f42624c2142f17cb76ee1868d5fb849ba49a57300151770f47a39fc260
2023-03-25 20:00:23,False,0.4712,0.00146,748.8,1.09366,0xca...34d7,https://bscscan.com/tx/0xd64ffb099bb20bd4da9031f7b77fc96fd433cc7e20cf2e4fd3abd37465c8cd35
2023-03-25 20:00:20,True,0.4736,0.001467,26.489,0.0388,0x3c...cfd2,https://bscscan.com/tx/0x87f7d72d5543ad6717564185a9249b40cfb6e886d4f70a556780c10638e56436
2023-03-25 20:00:17,True,0.4736,0.001467,42.9177,0.063,0xc2...630b,https://bscscan.com/tx/0xa54fdca99b824999cb11a58cfe8b6226e74a2aa67f0ae9ff3749352f5efacc06
2023-03-25 19:56:38,False,0.4705,0.00146,10.0,0.0146,0xc1...f415,https://bscscan.com/tx/0x2bd341981830825ccf0b49ba97b2c7e1cf08621942061e26620b3bc240d6e610
2023-03-25 19:55:15,False,0.4705,0.00146,100.0,0.146,0xdb...8ed7,https://bscscan.com/tx/0x168bad4da373b16d21d1dc620e80d926fa5c50c5f0ded161453e7441941ae313
2023-03-25 19:47:12,True,0.4748,0.001467,630.8,0.9259,0x70...8487,https://bscscan.com/tx/0x079c7d8e5abcd340bcf7730066abee65df67f37b257c28fff74d1bf036197387
2023-03-25 19:38:42,False,0.4703,0.00146,2545.46,3.7181,0x05...7eea,https://bscscan.com/tx/0xf4e492ee987ca7bf778a36f24dbde4c889eaee0f82d9afba5324ab4120ca21e5
2023-03-25 19:38:36,False,0.4726,0.001461,2545.46,3.71884,0x00...78d2,https://bscscan.com/tx/0x9da0e5b9ff439d9dd6077a79eccb5a1a5b01453c193716ba62eae25f0ffeae4a
2023-03-25 19:37:57,False,0.4703,0.001461,802.6,1.17273,0x4d...74b8,https://bscscan.com/tx/0x31031ca378c4479d8945d3200c62463be8096fc47ce1b1d66fd37f04d3796b7d
2023-03-25 19:32:12,True,0.4758,0.001468,630.066,0.9252,0x70...8487,https://bscscan.com/tx/0x21ab6bd44e9f5463f9c9207b4ff0e6dcce1a519101d7d8eff7fb4e19deb55577
2023-03-25 19:31:12,False,0.4711,0.001461,777.997,1.13679,0x7d...6578,https://bscscan.com/tx/0x76d34b6cd399cc02adc82f9578c66ade88496be52dd1e7d1360d11a164232b37
2023-03-25 19:23:18,False,0.4712,0.001461,48.0197,0.0701,0x42...76bc,https://bscscan.com/tx/0x60701937c38048ca8a3391b5ac34eed71f6cd2ea9d4a65992c247c73e636ef46
2023-03-25 19:23:00,True,0.4759,0.001468,15.0,0.022,0xb1...8d7b,https://bscscan.com/tx/0x74af7b193e04148e0480e876a6fc4627dc48e9fd4bc2b42c7946a6d265121f17
2023-03-25 19:17:09,True,0.4758,0.001468,630.05,0.9252,0x70...8487,https://bscscan.com/tx/0x3bc262033266c3802827b0d9b471409131aaf5eb20d7856f454d5a7d92eb4ed2
2023-03-25 19:12:43,False,0.4735,0.001461,29.7006,0.0434,0x42...76bc,https://bscscan.com/tx/0x05138469194e5d799544a27a182bf53ec774a8f77f739f1f5826b3127ab83d75
2023-03-25 19:07:29,False,0.4732,0.001461,295.716,0.432,0xfc...bd45,https://bscscan.com/tx/0x1740db12d72be4d28436fcb9d2681fa3d3cb05b1b55f63e8d3cb2eadc0f22403
2023-03-25 19:04:10,False,0.4731,0.001461,1462.6,2.13727,0xca...34d7,https://bscscan.com/tx/0x5fe3ec009c193ed78ac90e7d7081434dc6ba8dec0235aa9a4a59d387e4c21492
2023-03-25 19:01:12,True,0.4732,0.001468,630.189,0.9255,0x70...8487,https://bscscan.com/tx/0x8ddfaa423dfbdde4c91bab925a0dd881deda5cd55de4fabdcf85857e2ba457a9
2023-03-25 18:57:03,False,0.4733,0.001461,49.773,0.0727,0x34...e4a7,https://bscscan.com/tx/0x0ab65d5f420243924825c2482d05fb06e3cfc1dfa8055c8660aa71e9b3661ea5
2023-03-25 18:52:09,True,0.4733,0.001468,28.5395,0.0419,0x3e...87ba,https://bscscan.com/tx/0x29b41f115f775d8ab8ae5e61eccd10adf1e22a229030180882867c9af950914c
2023-03-25 18:48:09,False,0.473,0.00146,8.79846,0.0128,0x51...9519,https://bscscan.com/tx/0x93858e8395264c5cb33fc3984df649df60c9ec745ee8fa24fb54e29b9b3c5479
2023-03-25 18:46:12,True,0.4731,0.001468,630.42,0.9258,0x70...8487,https://bscscan.com/tx/0x18d21529901ca6a89940f0977fe7f919560df299d64802a058617335ecfff2f7
2023-03-25 18:44:54,True,0.4731,0.001468,29.42,0.0432,0x5d...dc5d,https://bscscan.com/tx/0xbde162df7c03a3e36d71b2c154933b5d2d1a40bb920e0eba3cccaaa3861784e6
2023-03-25 18:41:08,False,0.4731,0.001461,20.3099,0.0296,0x52...8d7e,https://bscscan.com/tx/0xf04925d60369c0cad66f014c704c0bc0e4ff02a703736f52bd090c8f95c5222e
2023-03-25 18:39:05,False,0.4709,0.001461,1283.1,1.87499,0x34...7c76,https://bscscan.com/tx/0x09a38ad575fbd7cc0a16e5caae75261d209d48d02e177ce5a4708b8e4e23608b
2023-03-25 18:36:41,False,0.4733,0.001461,2550.08,3.72698,0x00...78d2,https://bscscan.com/tx/0xb22e7e84864c3f78a79655946af9074b2004ecc77d9e00bbff2ee84df79ecbbb
2023-03-25 18:36:20,False,0.4734,0.001461,2381.78,3.48168,0x62...1f10,https://bscscan.com/tx/0x593ffc76212b2ba02a5b3c57db9e68b5ca63db1d1a7de035e707c67dd8528948
2023-03-25 18:36:20,False,0.4735,0.001462,1164.9,1.70308,0x00...78d2,https://bscscan.com/tx/0x72968b7a5144034014a7c5065ae29ea86998030f3941747bcef0da7678ad3f56
2023-03-25 18:30:14,True,0.4761,0.001469,629.503,0.9249,0x70...8487,https://bscscan.com/tx/0x2506d36d0774da433a4c228468861aa2b924cd1a8d40cb5ce68a62fd7c42e629
2023-03-25 18:27:35,True,0.4739,0.001469,29.9621,0.044,0x65...54d6,https://bscscan.com/tx/0xaa8ba75b4da7854b9aa3e52f3cee421a15bca18c76c951e28a2be3b5dfd84922
2023-03-25 18:15:10,True,0.4742,0.001469,627.955,0.9226,0x70...8487,https://bscscan.com/tx/0xd14e55fec5f08ed518c0003c0ab6263adcda833c5b64f2d390b779158d76e7a1
2023-03-25 18:12:04,False,0.4741,0.001462,8000.0,11.699,0xf1...ed96,https://bscscan.com/tx/0xce48b5165d61bf3477380055b91859cbbc8c7ba24677c93eb8b6ad216d6670b6
2023-03-25 18:09:10,False,0.4743,0.001462,21.8219,0.0319,0xe9...5245,https://bscscan.com/tx/0xce6f7658b24984e827b2bcf010058c4148063b820d56bf2a573f6232f8be8ad3
2023-03-25 18:06:04,False,0.4751,0.001462,13.5685,0.0198,0xbd...4f7c,https://bscscan.com/tx/0x351e7cb88fdbc02ce8d96f79ab6d82a8878d9f4e1be8bc1218ff2af26bc0acfe
2023-03-25 18:03:01,True,0.4752,0.00147,22.2503,0.0327,0x3c...cfd2,https://bscscan.com/tx/0xf42292b998ca1ac575a8333acc16277f3ce290a1234029babc2134a5881fea99
2023-03-25 18:01:13,False,0.4752,0.001462,199.93,0.2924,0xbe...482e,https://bscscan.com/tx/0xc8f56ec24f66b7fb1db794d49a4cfb9115720c534fac3bd4181831d4613d394a
2023-03-25 18:00:43,False,0.4725,0.001462,20.9934,0.0307,0xcf...39b3,https://bscscan.com/tx/0xc337b0b94804104c2f4b815c4710422940fd480747ae12a11329f5f7bebdb7e7
2023-03-25 18:00:19,True,0.4775,0.00147,0.0283,4.167e-06,0x8b...6566,https://bscscan.com/tx/0xb12484aea06da27a8388bc29148e6b52fc4920ca8ff02646db6b89d32e3b16cf
2023-03-25 17:59:10,True,0.4753,0.00147,627.606,0.9226,0x70...8487,https://bscscan.com/tx/0xe70dd7ba7401c766c237a222c47db2dfad9e0c79b778cc8e3b9f793ced7aa8fd
2023-03-25 17:45:13,True,0.478,0.00147,105.854,0.1556,0xa2...b38e,https://bscscan.com/tx/0x006abbed55f30293926d4d3eb6fa5630e170f7391f65ee3f730166eb7f77330b
2023-03-25 17:44:16,False,0.4756,0.001462,67.8672,0.0992,0x34...e4a7,https://bscscan.com/tx/0xf7c4962709e2976b30324303ebf63c06416bf650ff314220d8de575224d907b9
2023-03-25 17:43:10,True,0.4756,0.00147,627.528,0.9225,0x70...8487,https://bscscan.com/tx/0x6fb6279d478b311dde594c9b48cd105082b0a6a8f651456d5a064544316179c4
2023-03-25 17:42:22,False,0.4756,0.001462,50.0,0.0731,0x34...e4a7,https://bscscan.com/tx/0x324d24548b5a2998e82ec93ff5ba9f87ddf023ee8ea93fc41395d8158b2708c8
2023-03-25 17:38:01,True,0.4757,0.00147,50.0,0.0735,0x7a...0805,https://bscscan.com/tx/0xb1627b053397af5aad812b264be806ac120e69d1467f2acd53e707fc89f25e85
2023-03-25 17:36:49,False,0.4733,0.001462,136.731,0.2,0x4a...bbf3,https://bscscan.com/tx/0x6ff417273c4f109af0af236f5415f4ca830ad3cfc41e2f371422fd6c0a3cd054
2023-03-25 17:33:40,True,0.4781,0.00147,40.0,0.0588,0xe6...f0cc,https://bscscan.com/tx/0xc3e789aff17add2ae360070d0fd6f596cd913fa892d6c3d9c539e04e9a7c3beb
2023-03-25 17:28:19,True,0.4781,0.00147,627.297,0.9221,0x70...8487,https://bscscan.com/tx/0x4cc1e42876f20e7e118ee33f7d8e3c5ff90d8e5a2ff2eb376b9334f09c06725f
2023-03-25 17:26:58,True,0.4757,0.00147,75.5671,0.111,0x1a...0c99,https://bscscan.com/tx/0x4b26d05c198399dcb4524612a45654f65ffa37afbda49a2b43269a22aff680a8
2023-03-25 17:20:49,False,0.4733,0.001462,264.587,0.387,0xc1...f2cd,https://bscscan.com/tx/0xd2f75424f4fc983cad5b264411451c2d0d729e56cd65a04f4f486db388766774
2023-03-25 17:20:04,False,0.4757,0.001462,83.0,0.1214,0x05...234a,https://bscscan.com/tx/0xa6aaf8859c14260037644a3a54f8baf06e91f034ba1a19b11e108f96e88d66a7
2023-03-25 17:12:10,True,0.4754,0.00147,627.537,0.9224,0x70...8487,https://bscscan.com/tx/0x50d43a9678cbb837553dd5b166dffe2c671ebc9ebeea9d79e79e05402b4ac166
2023-03-25 17:11:58,False,0.4754,0.001462,7.53204,0.011,0x8b...d720,https://bscscan.com/tx/0x81605979e07aba31174dd7f80650b6fbf8344c74580b061c4488e28d2bc9be64
2023-03-25 17:06:19,False,0.4725,0.001462,5.77766,0.0084,0xef...a440,https://bscscan.com/tx/0x449a11e0b7dd07bade7677cf4523a8e9ea5f17984656ff2bb0e6caf528374538
2023-03-25 17:01:28,True,0.4772,0.001469,2860.98,4.20505,0xca...34d7,https://bscscan.com/tx/0xd6e993daf0c9e4ca4ad694e0340d32de8e8ddf399691c9af3aa2c5ef88f6fa67
2023-03-25 17:01:25,True,0.4771,0.001469,2381.78,3.5,0xed...4f31,https://bscscan.com/tx/0x9d5104d5f540b642dfd591f959101215e0942b60e00aa22ae85d16a2f2b8da48
2023-03-25 17:01:25,True,0.477,0.001469,2152.8,3.16295,0x00...78d2,https://bscscan.com/tx/0xf5db9da6aebe7c56e7f7ca903cf586fb32da9caecfde98cfad5be0f50b6c077b
2023-03-25 17:00:19,True,0.4745,0.001469,44.9227,0.066,0xaf...46ea,https://bscscan.com/tx/0xfeb8babbe6a2858fc41cd7c423550314a964b04fb0faa96701c0147157d89de7
2023-03-25 16:58:28,True,0.4745,0.001469,806.0,1.18405,0xa0...cc8d,https://bscscan.com/tx/0xd27d448f381f2121f4e96215bae7da083458a3e041f7675f542f486a3f29d525
2023-03-25 16:56:13,True,0.4769,0.001469,627.43,0.9216,0x70...8487,https://bscscan.com/tx/0x038c5718148ee412a2ff9515f73a63d04375c2e806c357e87739b61a0f301694
2023-03-25 16:50:49,True,0.4771,0.001468,42.9084,0.063,0xc5...a868,https://bscscan.com/tx/0x04d8adaf95ae1c333f811a9191c0ad1650b444f570d41234599fdaf6e32ce98c
2023-03-25 16:45:13,True,0.4768,0.001468,14.3974,0.0211,0xf5...0c2b,https://bscscan.com/tx/0xf19d02de727914b1390a8bf6faf822686245c008da7105af6619a5abc178cf33
2023-03-25 16:41:16,False,0.4741,0.001461,22.0,0.0321,0x08...ebb9,https://bscscan.com/tx/0x6d6556a4fa3815fc233cacd90514ca95b490a1dd0085458a18b96c81b39b553c
2023-03-25 16:41:10,True,0.4765,0.001468,629.157,0.9241,0x70...8487,https://bscscan.com/tx/0x29ef6f7c94d4b56b3ab370bcb466548f44950d067d806f0dd39c96da830e5d59
2023-03-25 16:30:34,False,0.4718,0.001461,102.653,0.15,0x12...2bb6,https://bscscan.com/tx/0xfba64d4df8bc4920d30d5b684b848aa468612785d51b3477325b577a2eadf5d5
2023-03-25 16:26:31,False,0.4719,0.001461,102.921,0.1504,0x3f...f4ce,https://bscscan.com/tx/0x1bb3598588ab1c9333548cf73053c2390691d19337160af89e1c4521cd88ed20
2023-03-25 16:26:10,True,0.474,0.001468,629.189,0.9241,0x70...8487,https://bscscan.com/tx/0x8d25ce1d18d9ff3981866b248aafcdfcc5259a7856862f743f5b37c889837648
2023-03-25 16:23:34,False,0.4718,0.001461,210.0,0.3069,0x70...835d,https://bscscan.com/tx/0xbe03eaec83335dd021818679200611ec6d55a66cbfebc1cc43c7440b5da5aa77
2023-03-25 16:12:53,False,0.4742,0.001461,11.3809,0.0166,0xfa...537b,https://bscscan.com/tx/0xfd1452c6c194de62f2039fd59e994a33e4bf60b0da6a96bc241b0f47eff85a5f
2023-03-25 16:11:10,True,0.4768,0.001468,628.859,0.9236,0x70...8487,https://bscscan.com/tx/0xb402dba0a1bb0f04f3434539b6d567be381ebe0071d81b80471a22b5603fb146
2023-03-25 16:02:19,False,0.4721,0.001461,69.9826,0.1022,0x78...d595,https://bscscan.com/tx/0x51ed8883262063553b7e3dc83b9b27db5ddddabd1e1bc90533b7edb0af608d92
2023-03-25 15:56:10,True,0.4747,0.001468,628.563,0.9231,0x70...8487,https://bscscan.com/tx/0xbc5b0e2fe3cc6e6896c3030b78d8ed02fab6b6bd5bc7ed64d48b9f242d8b6dc5
2023-03-25 15:47:15,False,0.472,0.00146,100.22,0.1463,0x54...671b,https://bscscan.com/tx/0x27e4f88b26d64644f8b559f5564035913f8feabbf54cc9696a0e646e189fb4b3
2023-03-25 15:40:12,True,0.4775,0.001468,628.952,0.9237,0x70...8487,https://bscscan.com/tx/0x6f9e34fdafe8c26726cd26e88f82676de79cc0f696be30aff9ac2317ca0a1861
2023-03-25 15:39:15,False,0.4751,0.001461,16.0,0.0233,0xde...5cff,https://bscscan.com/tx/0xffc9dd66d8c8efa4b7e885ae9df7872587ee78149556aa8ebae8a847c8185fbe
2023-03-25 15:35:12,True,0.4773,0.001468,197.569,0.2901,0xae...cc52,https://bscscan.com/tx/0x6a49f3ea21aaa9ffd8cf9504e6fc692ee5f88edb308986804c3801ad20610070
2023-03-25 15:32:25,True,0.4768,0.001468,1566.3,2.30014,0xe3...d2ff,https://bscscan.com/tx/0xde8f5b028c7a93fe8832f8176f6afecfa8eb07e2492ea25d59329fb58da60bb8
2023-03-25 15:31:18,False,0.4744,0.001461,10.0,0.0146,0xb8...9548,https://bscscan.com/tx/0xef29c67a4018ae4511c35ed6326921cd01e288d7e2494dce56eb702b62389c52
2023-03-25 15:24:48,False,0.4719,0.00146,21.4276,0.0312,0x97...a20c,https://bscscan.com/tx/0x42431c2b8df3e016efac45ad9e64b98753367184d3db69bad8f00b2af7dce958
2023-03-25 15:24:18,True,0.4768,0.001468,628.67,0.9231,0x70...8487,https://bscscan.com/tx/0x254e26ea0ed4506363e6c547124c8ceb69b8d65a227c35091f39d4f75b022c47
2023-03-25 15:23:39,True,0.4768,0.001468,28.5263,0.0418,0xf5...51d8,https://bscscan.com/tx/0x7486a2aa3ff7002fa18d46b45eeff156400a51ecf4a73e2e3891a45dd1fe2bb2
2023-03-25 15:23:33,True,0.4744,0.001468,29.4471,0.0432,0xac...bf93,https://bscscan.com/tx/0x98db34094576636e7571750130748d4de2092ca181c2d4d3adffb60be7d8f84e
2023-03-25 15:22:48,True,0.4743,0.001468,2.0,0.0029,0x7e...7633,https://bscscan.com/tx/0x307fda8e001a955ae7920fd333bccb0f214e529d88ac3fb200c67bdf4fd051ec
2023-03-25 15:16:09,False,0.4748,0.001461,1159.31,1.69386,0xec...c760,https://bscscan.com/tx/0x98ed91a950f1aab0881075b79e39862c5fcd811dec3d8c30f24cbeb9805b1938
2023-03-25 15:13:57,True,0.4775,0.001469,10.3015,0.0151,0xde...367a,https://bscscan.com/tx/0x0e2b9a833421f9b98d278ba7b1376fde7725683d2f07c63176875aa26493f35d
2023-03-25 15:13:42,True,0.4773,0.001468,904.5,1.3282,0x4d...74b8,https://bscscan.com/tx/0xb57f96dd5d7a2b7ad138b9e19cfc5e8bff0476e28f6aac3cd8b74dc51cc2ca09
2023-03-25 15:13:36,True,0.4773,0.001468,145.046,0.2129,0x12...55e7,https://bscscan.com/tx/0x65ba919311dc62ff0569622792df906f20903abeed3b30dbdecfad316a28aa78
2023-03-25 15:09:27,False,0.4749,0.001461,20.5334,0.03,0x02...f2c0,https://bscscan.com/tx/0xecae3fd9573fd04996a5c0b37e75f56df69fbcad3c08a7d7f4faaac661b8afe1
2023-03-25 15:08:12,True,0.4773,0.001468,628.32,0.9225,0x70...8487,https://bscscan.com/tx/0x17abd3b3cf1ecb021c04d0c0f385b66bc1089efd86f4a6a18e04a96c762b3ccb
2023-03-25 15:03:27,True,0.4771,0.001468,21.0,0.0308,0x3e...802f,https://bscscan.com/tx/0x8720a725041503539983a52983017053172ce05f3e8db5e8d61c3da1fbf7572e
2023-03-25 14:53:12,True,0.4767,0.001468,628.841,0.9233,0x70...8487,https://bscscan.com/tx/0xbf1a2e3b6f4a46c22a377ee7867420e7d65f6cde346cae66dd6b238c04cdde52
2023-03-25 14:52:21,True,0.4767,0.001468,1843.81,2.70692,0xac...bf93,https://bscscan.com/tx/0xead464b27980d16df8e2e3abf8875acfca626ac8da9085c98ad0574ca065b3e4
2023-03-25 14:42:00,False,0.4736,0.00146,14.8412,0.0216,0xdd...93de,https://bscscan.com/tx/0x562bea5979c0b7f9aa61b331f07df177e4501bea25dce4571831868eebd7d988
2023-03-25 14:37:17,True,0.4735,0.001468,629.565,0.9241,0x70...8487,https://bscscan.com/tx/0xe34e879917aab55cf91883b539ca39ccd98486892abf58b786efbf600f2634f1
2023-03-25 14:33:56,False,0.4736,0.00146,12.7296,0.0185,0xfa...ec0d,https://bscscan.com/tx/0x485cbe33dacaee5502648a80aaa877b0ce35ade35f404127f512500eb09f24bc
2023-03-25 14:21:19,False,0.4713,0.00146,38.9412,0.0568,0x81...3662,https://bscscan.com/tx/0xe3ea88fc0100e3764f592858928608eadd691d9a16a2c9047b87301fded870d8
2023-03-25 14:21:19,True,0.4736,0.001467,629.921,0.9246,0x70...8487,https://bscscan.com/tx/0xba118750480f15411dbd3e22984523e85453f4078722f4ab7c469b7960fa846a
2023-03-25 14:21:10,False,0.4713,0.00146,30.0,0.0438,0x5d...f82e,https://bscscan.com/tx/0xe518c923d422dcb6c6083227026e6e48dccd1cde5b8f51a8c076c74547f83a06
2023-03-25 14:13:16,False,0.4734,0.00146,190.539,0.2782,0xae...b405,https://bscscan.com/tx/0xd371a9d1a202936ca5139316481a8849694c420cf4ba33a661a953019a5a8ddf
2023-03-25 14:12:04,False,0.4734,0.00146,20.0,0.0292,0x11...07eb,https://bscscan.com/tx/0xf14dc34125bb1147bd6637a8b668aaa651f5bc429bc8cbdf5fb5f95b453e6447
2023-03-25 14:05:12,True,0.4735,0.001467,629.317,0.9237,0x70...8487,https://bscscan.com/tx/0xafabb5301692f6b15a8a9d7c14a77e8d493bf33bf1fff8898e780556199cb6aa
2023-03-25 14:04:42,True,0.4761,0.001468,550.317,0.8081,0x7e...6dfb,https://bscscan.com/tx/0x9908576824f5f813ea0ea980f654548bac64580e50d7bea4b2993d78392257c0
2023-03-25 13:58:30,False,0.4711,0.00146,31.799,0.0464,0xf2...0b57,https://bscscan.com/tx/0xd579939706d9b1a09f9cb6c54eaf33e1fa8f228a15475320b908a67b8b1158d3
2023-03-25 13:51:36,True,0.4758,0.001467,5.6,0.0082,0x64...1bd5,https://bscscan.com/tx/0x5c7d452628753c4280389961406802ec109eb46add23509b8ee4192e0fd938cb
2023-03-25 13:50:12,True,0.4758,0.001467,629.924,0.9245,0x70...8487,https://bscscan.com/tx/0xed3443b5afd4191db926c83ce3b57fea55b917642bc9e0a29d9aad79ec554b78
2023-03-25 13:48:57,False,0.4711,0.00146,10.0,0.0146,0x58...c337,https://bscscan.com/tx/0xb11ffeaa28d9cad99d4577b913b7bf1b67e3d7e07181a4cfc175fb64a5008632
2023-03-25 13:46:18,False,0.4736,0.00146,9440.0,13.7909,0x83...6678,https://bscscan.com/tx/0xa273caa38722e380a797d5a1b5c03dc27b91fd7dd9010442363b38d814995e0c
2023-03-25 13:46:18,False,0.474,0.001462,12338.4,18.0407,0xb0...a41e,https://bscscan.com/tx/0xa513c92f9085bb26533e0772b821e172c6d4e1a122bc8ef0a30d04cb53876c89
2023-03-25 13:46:18,False,0.4742,0.001462,1037.6,1.51793,0x05...7eea,https://bscscan.com/tx/0xf63f6d82f7954e5c45c8ff005839fa7898d4f8d199749eae9b11810545bdbd69
2023-03-25 13:44:06,False,0.4741,0.001463,2539.29,3.71531,0x00...78d2,https://bscscan.com/tx/0xdfdbe5a612ab31d7ee31f5fff3be8048738fe2436c6382c816ddb1d4ade83691
2023-03-25 13:43:21,False,0.4743,0.001463,651.177,0.9528,0xf5...8cea,https://bscscan.com/tx/0x642795f389632529fb0e19aeb694d71b0006c548fd7571bed083c091e25319a8
2023-03-25 13:43:09,False,0.4743,0.001463,1596.68,2.33665,0x00...78d2,https://bscscan.com/tx/0x36cb4ee1ef6056b489fd7c82a12a3d073226b6c0f433f65b75ea4b678dcc235b
2023-03-25 13:43:03,False,0.4744,0.001463,2533.93,3.70886,0x00...78d2,https://bscscan.com/tx/0xa57605bb0de4ffcfcc61bd10426fa9d649c2c276546c6e63f52b916a72284f69
2023-03-25 13:41:39,False,0.4722,0.001463,2.23605,0.0032,0x58...c337,https://bscscan.com/tx/0xffea4afe1443c874b5bf8dafd4c2a483939740ea238f2f811147414be2609334
2023-03-25 13:35:12,True,0.4746,0.001471,628.209,0.9241,0x70...8487,https://bscscan.com/tx/0x3804b3eefb3be20225b4582dbea5ff647359cfa77fd759ec892286a49c641830
2023-03-25 13:32:27,False,0.4722,0.001463,20.0,0.0292,0x6c...f659,https://bscscan.com/tx/0x310fefbd8ca8dce3439bd611396e85524469da0e9c08a56def92dd22d695233c
2023-03-25 13:20:15,False,0.4747,0.001463,2189.8,3.20561,0x00...78d2,https://bscscan.com/tx/0xea87b0440bd9c2af2788c8b511ec99c7fa1200aec9e02aa0cbba1e0decdfac73
2023-03-25 13:20:12,True,0.4771,0.001471,627.924,0.9238,0x70...8487,https://bscscan.com/tx/0xc37b2fd357e6db13fc5baf859359b9d8a4f1a289a24da46f001142f6a36b5b81
2023-03-25 13:17:18,False,0.4747,0.001463,38.6566,0.0565,0xee...8089,https://bscscan.com/tx/0xa4a04f2ac916a78eeb1bbdcad2b7ddd7c3e39acf181da1d8c22d083bafffa92d
2023-03-25 13:15:51,False,0.4747,0.001464,1451.5,2.12503,0x00...78d2,https://bscscan.com/tx/0x3f1cadd0c06c804c1348e24230aba3b6a7aefddf8919e30292da9b5191273f06
2023-03-25 13:15:24,False,0.4747,0.001464,2529.37,3.70363,0x00...78d2,https://bscscan.com/tx/0x9ac51410d5c6341ca74e050557e22bf33fef12a8ada73d1c6735c6c782733744
2023-03-25 13:12:09,True,0.4746,0.001471,300.0,0.4415,0xee...57ff,https://bscscan.com/tx/0x4e9e65a35860b8400b7b5c800fb26e9fff90cdae175ee1ed57c3f133d65d780c
2023-03-25 13:08:39,True,0.4773,0.001471,243.304,0.358,0x1d...50bf,https://bscscan.com/tx/0xef32391095214447618218b18b8cd73972bbd031507160d9a186df2e3b37e3e6
2023-03-25 13:05:09,True,0.4772,0.001471,42.753,0.0629,0x90...9592,https://bscscan.com/tx/0x1270863ae356f698492742880eae5cf5caf6623616e5c3398bf87afaa6c6dede
2023-03-25 13:04:12,True,0.4747,0.001471,628.037,0.9242,0x70...8487,https://bscscan.com/tx/0x534a86f2024c8344cbee71b0c1d4bff9d29ae35bf17de9a81098006ff8e0ba09
2023-03-25 12:54:18,False,0.4724,0.001464,40.0,0.0585,0xb7...e2f6,https://bscscan.com/tx/0xa57704d4ff5853cb8563c9b68858ef501d7ce89cc39c81e1a2c1ebc452f90df7
2023-03-25 12:49:45,False,0.4725,0.001464,132.851,0.1945,0xb2...1fdd,https://bscscan.com/tx/0x74a8bf322b3419614bb05257b1dfb185ce78c3f9f3771e1edab1b7aedbd068a1
2023-03-25 12:48:09,True,0.4772,0.001471,627.712,0.9237,0x70...8487,https://bscscan.com/tx/0x298a9d7db9088042eb954c88b8b74f096fe0ed83764ec6601a2516a0959be680
2023-03-25 12:36:36,False,0.4747,0.001464,14.4062,0.021,0x17...7037,https://bscscan.com/tx/0xe6eab0fa67263c43049f8d901aa32c4227b4d33221e6e539e801850026c508bb
2023-03-25 12:34:09,False,0.4746,0.001464,126.906,0.1858,0x8b...d720,https://bscscan.com/tx/0xc808fe019915c4187a1eb207f3d2122a88b6a37e795accb3f02774371ddcc8e9
2023-03-25 12:32:12,True,0.477,0.001471,628.017,0.9241,0x70...8487,https://bscscan.com/tx/0x7def4b115f3703b84f0f7729cf8589e9c6a31e2ad8a1016281fa89778dc5c86a
2023-03-25 12:17:18,True,0.4768,0.001471,628.27,0.9244,0x70...8487,https://bscscan.com/tx/0x64fb8eb13ef01c541f44afa5f5a8d96be5e02da4c317c8a83c668de5ff357c19
2023-03-25 12:14:42,False,0.4743,0.001464,6.0,0.0087,0x02...10db,https://bscscan.com/tx/0x77c560a0d6fc90af4d4216f3c312ea786bde94dac19753a20cfecab30b6e9857
2023-03-25 12:14:06,True,0.4743,0.001471,28.4992,0.0419,0x4c...f061,https://bscscan.com/tx/0xaa4a9c48a013de6f8fbc0d8f8c39bd5ec25023c7aacb4321cbca6fb83a238f80
2023-03-25 12:13:03,True,0.4767,0.001471,42.7508,0.0629,0x8f...334d,https://bscscan.com/tx/0x903b8e885b755ebcaac14a6cb4ab880333e6e9d758e5dc7c95e3076932aea775
2023-03-25 12:11:54,True,0.4766,0.001471,42.7515,0.0629,0x9b...a077,https://bscscan.com/tx/0xb998036b0bbb001ce44c07d9dc15153dc5ce52c4e48085d8f2c1f9806f56f921
