datetime,buy_order,price_USD,price_native,amount_token,total_native,maker,etherscan_url
2023-03-27 09:48:34,False,0.4731,0.001445,1784.9,2.57962,0x00...78d2,https://bscscan.com/tx/0xee55ada46b90688fe9cc7e32e836c35e363aa54cbff25276e6ab1a1e924b329d
2023-03-27 09:48:34,False,0.4732,0.001445,3742.26,5.40964,0xd3...ec6f,https://bscscan.com/tx/0xb06f3b35f254cd763f1f987e9f043d46c9b0f490b2723ec78c3771cefde844c3
2023-03-27 09:48:31,False,0.4733,0.001445,1784.0,2.57943,0x00...78d2,https://bscscan.com/tx/0x25baa3b02ebc2fa41879887f7b7bfd33f2cb099084983f873a747339df299db5
2023-03-27 09:48:25,False,0.4734,0.001446,1307.54,1.89076,0xd3...ec6f,https://bscscan.com/tx/0xce3efe235f49d8bfe3c2cbd63b364d7889dc6832e283286991849033f9f7cd9d
2023-03-27 09:48:22,False,0.4734,0.001446,1641.92,2.37456,0xd3...ec6f,https://bscscan.com/tx/0x3f288ed89f1073f9a5b7717cc88bccce0b9d8377002074c338afd3c155070d59
2023-03-27 09:47:37,False,0.4711,0.001446,1120.28,1.62033,0xd0...9a2c,https://bscscan.com/tx/0xc8aeabe9f46f6d725face5e34b89c10b98e69d7ca09a062c7ed94668e465e495
2023-03-27 09:42:09,False,0.4735,0.001446,7.63238,0.011,0x1d...9d1a,https://bscscan.com/tx/0x023a0d0cadddb4c6ea77b385f70764278b27420bf0e665339db9293d6ea1cfc1
2023-03-27 09:37:51,False,0.4713,0.001446,810.0,1.17164,0x85...456d,https://bscscan.com/tx/0x12bb62f1a2c1cf1745af1ffb0f6892e171034c84232f10d966f1f6f803cc132c
2023-03-27 09:35:15,False,0.474,0.001446,810.0,1.17172,0x9c...7194,https://bscscan.com/tx/0x833f1dd1ff5935cea35dcb9bd42c3d2bdb1a7037da06156ae22776056d56b5ba
2023-03-27 09:32:51,False,0.4741,0.001446,854.227,1.23578,0xd3...ec6f,https://bscscan.com/tx/0xbcc88f7034039950c68749a13eca98f87bfa1ac9ebf8f0e87c366f0f611907ae
2023-03-27 09:32:45,False,0.4718,0.001446,758.61,1.09752,0xd3...ec6f,https://bscscan.com/tx/0xd9aad2ca7f11d1585dd08e97970912801fe27565b18867e8975fb6b0d4867732
2023-03-27 09:32:42,False,0.4718,0.001446,621.728,0.8995,0xd3...ec6f,https://bscscan.com/tx/0x6b5db2916b7388c7837c09b1081cf1f93926642e28dafd496db6a1b80e2d44bc
2023-03-27 09:32:39,False,0.4719,0.001447,1783.55,2.58074,0xd3...ec6f,https://bscscan.com/tx/0x3e4fab5be7f2d1937344fd28b26dadbac30c338ffa56b6f1f4d796fd7d972fab
2023-03-27 09:30:33,False,0.4742,0.001447,1867.79,2.70302,0x8f...ee38,https://bscscan.com/tx/0x92f3bdeaad2002f663a720814f2089a5806072f9093f2b3ba36e2bdb028de27a
2023-03-27 09:29:36,False,0.4742,0.001447,918.9,1.32995,0x34...7c76,https://bscscan.com/tx/0x7ca4602cd89924405f18eb4bcdea5694cfde2359cfe9f774753f7c9f055a2b15
2023-03-27 09:29:06,False,0.4742,0.001447,1572.9,2.27672,0x2c...015a,https://bscscan.com/tx/0x99c461929b6d1f3082a406b0d0024e0283bd2d95c3873b5a753d4c16091cd0ab
2023-03-27 09:29:03,False,0.4742,0.001447,858.9,1.24335,0x56...0086,https://bscscan.com/tx/0xa4b232696ab25752e6eaa3655ee7794a7417f7aeb06e37a0ba9d9c5e9d495e4c
2023-03-27 09:29:03,False,0.4743,0.001447,876.435,1.26882,0xd3...ec6f,https://bscscan.com/tx/0xf76b7bfeb66b807dab6d9c607e37b97c272749888f884541c8aaa5dbfa2abacb
2023-03-27 09:28:39,False,0.4742,0.001447,512.6,0.7421,0x7a...c707,https://bscscan.com/tx/0x1d3161e7b71dd11e53279a2e9674e0048aa3319f0e0acbe0e75fdc8e467ca19c
2023-03-27 09:28:39,False,0.4743,0.001447,411.986,0.5964,0xd3...ec6f,https://bscscan.com/tx/0x9c9e8d096fc4a7c7f209962799d045e67c52bfbba854b1dfd0e758fac5902fa9
2023-03-27 09:26:48,False,0.4719,0.001448,3747.59,5.42678,0xd3...ec6f,https://bscscan.com/tx/0x8526e7cb82d8436fa6eabc70169a48624f5946906d9138c0c710a7456d1bf91a
2023-03-27 09:26:33,False,0.4744,0.001448,422.526,0.6119,0xd3...ec6f,https://bscscan.com/tx/0x9aa69c7604a49c45ae51fc7839139f87046e8e30f1d49060dc6dd34406a4b059
2023-03-27 09:26:27,False,0.4744,0.001448,1789.2,2.59153,0x0e...7558,https://bscscan.com/tx/0xc01ac1980055fa787bf97c7292ca1e1a19f28647302ccb688415476644f76275
2023-03-27 09:26:27,False,0.4745,0.001448,995.339,1.44184,0xd3...ec6f,https://bscscan.com/tx/0xd5b9adfb12359f6bbe12558fa8c49c940825e68265fb7662446707d6e164391b
2023-03-27 09:25:51,False,0.4721,0.001448,350.008,0.507,0xd3...ec6f,https://bscscan.com/tx/0xab1f13a778793cd38ddffd4903ce00d1e3b53ca0a0f2ca54f0d2d0eb7883c144
2023-03-27 09:25:36,False,0.4745,0.001448,3041.22,4.4063,0xd3...ec6f,https://bscscan.com/tx/0x59218786737121c838ecd60bb0864c943ebe321397c695d6060317280f02fed6
2023-03-27 09:25:27,False,0.4746,0.001449,2576.2,3.73337,0xf9...5ebf,https://bscscan.com/tx/0xdeeb720a959cfaad65d06b8797647b6769155603512c72360e12687f57f9f9f9
2023-03-27 09:25:24,False,0.4747,0.001449,1928.2,2.79479,0x00...78d2,https://bscscan.com/tx/0xc8522d539bbc07e92cf1f780e7d5534e1078ada20e1fdae4b4e3bcad4ad3b279
2023-03-27 09:25:24,False,0.4748,0.001449,4570.99,6.62701,0xd3...ec6f,https://bscscan.com/tx/0xe104ff0f419b1a53abec54210588a6d67d54849ed3e54e9904deec498da54d1d
2023-03-27 09:25:21,False,0.4749,0.00145,421.527,0.6112,0xd3...ec6f,https://bscscan.com/tx/0x2d54c003daa851cad469e9c289febe224423f195dae11eee031f65fe8d9a63cc
2023-03-27 09:25:18,False,0.4749,0.00145,1246.0,1.80692,0xd3...ec6f,https://bscscan.com/tx/0x0ec51c3de7b6bbf5e16e59f594aa28235db40a95a92f6223b79286cdb40a88b9
2023-03-27 09:24:51,False,0.4749,0.00145,1615.13,2.3425,0xd3...ec6f,https://bscscan.com/tx/0xf4a0b14d78e5fdf20d5b0109971bfdd95d42ca5638dcc59493bdacafb3a985d1
2023-03-27 09:24:51,False,0.4749,0.00145,45.7651,0.0663,0xf0...383d,https://bscscan.com/tx/0x9ca2274132f91ff3a01c4095343019dfee410c0d2606a43ba7f3c6f87be1e4de
2023-03-27 09:24:48,False,0.475,0.00145,1614.93,2.3425,0xd3...ec6f,https://bscscan.com/tx/0xdd349ca21fd5a4155936808a3cc26e92f28b62c638377644977027587e823744
2023-03-27 09:24:45,False,0.475,0.00145,1614.73,2.3425,0xd3...ec6f,https://bscscan.com/tx/0x822414f2e251ce2a7d98eeb251646d25c4747621b5b888dbee4e514246f1ef57
2023-03-27 09:24:42,False,0.4751,0.001451,2983.32,4.32871,0xd3...ec6f,https://bscscan.com/tx/0x49ea9c858971e0a282f13bf4bb34e7faa9ef1c5d885bc2eadae51ba5716cd369
2023-03-27 09:24:36,False,0.4752,0.001451,2221.1,3.22341,0x7a...c707,https://bscscan.com/tx/0xcc3272ac3bce72aee966627ec823c1fa6c5aa7fdfca4bc7b72a714de530132c0
2023-03-27 09:24:36,False,0.4753,0.001451,2042.08,2.96409,0xd3...ec6f,https://bscscan.com/tx/0x0aa71260f558076b0b8b4d6ff1d3973e255b35baa452129a1cd7a2af4585c0c8
2023-03-27 09:24:33,False,0.4754,0.001451,1341.7,1.94775,0xc1...b919,https://bscscan.com/tx/0x806dda0f3b8822cb98ec6127736aed1f3b5ad9944cc89dc4aa9a1eccda56b719
2023-03-27 09:24:33,False,0.4754,0.001451,540.266,0.7843,0xd3...ec6f,https://bscscan.com/tx/0xe4a01249da90a0c8be34d965531210341e0a582bfb18c0b2d5b9fc50cbc21da3
2023-03-27 09:16:54,False,0.4755,0.001451,719.488,1.04461,0xd3...ec6f,https://bscscan.com/tx/0x0ea1b9e9fd59626303c2525abd826e532dd5b7f7d3155ca94dd64c43396c2f27
2023-03-27 09:16:54,False,0.4756,0.001452,3395.7,4.93094,0xc1...b919,https://bscscan.com/tx/0x20de3e7321e3a60ddf03f5bdcc5ac2fe35cf3dad84dcabecabd2650c2cc9443b
2023-03-27 09:16:18,False,0.4756,0.001452,874.8,1.27052,0x67...b7c1,https://bscscan.com/tx/0x2ed65e657147c8dc972c8101c6e6a278dd1d9d8e8c213ba36b467d685f65c26b
2023-03-27 09:15:45,False,0.4734,0.001452,6687.1,9.71491,0x0e...7558,https://bscscan.com/tx/0x678c8c4a3c2ceba49cb88cd160b079db1948d735315d6ba481dd874c382353f7
2023-03-27 09:15:33,False,0.4736,0.001453,4374.04,6.35728,0xd3...ec6f,https://bscscan.com/tx/0x8207764b38c767c3d2dfd7e8cf2216e12ba83e5329e028edb587a14b6d62952f
2023-03-27 09:15:30,False,0.4761,0.001454,5486.54,7.97729,0xd3...ec6f,https://bscscan.com/tx/0x290efac6e108c1e850c39799322e475b6ea763fcdd47d78fdf0f6a7ec596a76f
2023-03-27 09:15:24,False,0.4763,0.001454,2524.04,3.67104,0x00...78d2,https://bscscan.com/tx/0x0dded70e32a6219e42414c360c6afa224075ba6f59556c680e7ff3baa325b14d
2023-03-27 09:15:24,False,0.4765,0.001455,7838.39,11.405,0xd3...ec6f,https://bscscan.com/tx/0x22bbc926db961d05b8508199b70eda7d6c3346e70f33d4538993a4c0b9082012
2023-03-27 09:11:33,False,0.4766,0.001455,996.6,1.45057,0xf9...5ebf,https://bscscan.com/tx/0xd6078e96620e952cd170dc1f8a1653e9ffb0a3f3e84f671047a403b8242757e6
2023-03-27 09:11:00,False,0.4766,0.001455,1683.9,2.45122,0xd3...ec6f,https://bscscan.com/tx/0xd26f371de665d8b479ec72252a52d3cc9df6864f7ba28675262f4ff55a28aef8
2023-03-27 09:10:30,False,0.4743,0.001455,1964.39,2.85993,0xd3...ec6f,https://bscscan.com/tx/0xe02a62bb320a61945b1e18ff550e8b87b8972e17f7e8796b0e4611ab64141743
2023-03-27 09:08:36,False,0.4769,0.001456,11805.1,17.1961,0xf2...bfcf,https://bscscan.com/tx/0xa667916b2f9d6e465b768a9ac9a1c2f8052b15e7e668223accc2319e6dbd3e72
2023-03-27 08:59:30,False,0.4759,0.001457,3556.55,5.18383,0xf2...bfcf,https://bscscan.com/tx/0x01dc08b5e157e17cda15c6bbde3f203ba2452365edb520b4ef7ecfa90f8304fa
2023-03-27 08:59:30,False,0.4763,0.001458,18770.9,27.3835,0x52...1c7e,https://bscscan.com/tx/0xbe3217576d4a292d47e95d411a8137300256aaa8223fe35f786e1981a24d2009
2023-03-27 08:59:30,False,0.4767,0.00146,1241.15,1.81204,0x62...1f10,https://bscscan.com/tx/0x8acf0c0d31c7dac876827f3ac8e2adc208076fe37314f4be2916c013a916cfe9
2023-03-27 08:57:12,False,0.477,0.00146,15516.8,22.669,0x0c...8533,https://bscscan.com/tx/0x3836b0504b85a6259d50e23dc9f37b2276768a070080749bc6cddf154bd84bb9
2023-03-27 08:51:51,False,0.48,0.001462,19261.4,28.178,0x62...1f10,https://bscscan.com/tx/0x17c706d591812c6410555c8db917d9f49bbfa4a876969d4af420362440d88cc6
2023-03-27 08:43:27,False,0.4804,0.001464,13.0,0.019,0x02...f2c0,https://bscscan.com/tx/0x03905aec4bbe22baaedf3937bca34c118a3b0427cdcaf9e493c3407440834b47
2023-03-27 08:41:45,True,0.4828,0.001471,2199.6,3.23616,0x0e...7558,https://bscscan.com/tx/0x68264712a71a930fe8c6cbd4c36d5dfcccfffdd29ca1ca118cbaf6788a968cef
2023-03-27 08:40:15,True,0.4827,0.001471,620.4,0.9126,0xca...34d7,https://bscscan.com/tx/0xb566a3e464f5c716224c6c9aae50c2d42757b9569b61049e0973faa2bc1d62b8
2023-03-27 08:40:03,True,0.4827,0.00147,3118.5,4.58691,0x9d...6dab,https://bscscan.com/tx/0xc443b5d9339e8e82b3804ece4b35247d8821d34f7c0c25fd1fed06255fdbb341
2023-03-27 08:39:00,True,0.4826,0.00147,414.0,0.6088,0xa0...cc8d,https://bscscan.com/tx/0x5a1d2a9fabe067e8644cd615ab63c6cb89cd4182d4892cddb3215c550328f23a
2023-03-27 08:38:36,True,0.4825,0.00147,2846.5,4.18572,0x43...fe22,https://bscscan.com/tx/0xda1ad43b61d5751b97f50905b2209415ce49108d9a719cad8c2e0f7fc4ecc22b
2023-03-27 08:38:33,True,0.4824,0.00147,4081.42,6.0,0x8d...1b76,https://bscscan.com/tx/0x6cd261afa6fd44786a12d13421d733864164ea22a071dcb6ef6b323b00293de6
2023-03-27 08:38:33,True,0.4823,0.001469,829.7,1.21949,0xf9...5ebf,https://bscscan.com/tx/0xb069fe62dc43a08f3b1df49157d034078af9410f7bb2e1f72b21e1cf0ebdd2e9
2023-03-27 08:38:30,True,0.4822,0.001469,6805.72,10.0,0x52...1c7e,https://bscscan.com/tx/0xdd18044710d00ee78e1e7873a58525f56d07aa1d0f0564540cfdc6c872d00052
2023-03-27 08:38:30,True,0.482,0.001468,3404.23,5.0,0xed...4f31,https://bscscan.com/tx/0xd017a7c32a37fa39736fbfc0a9df2a9f6c9f710e98662efb426a7b3cf904ea1b
2023-03-27 08:38:27,True,0.4819,0.001468,2938.5,4.31488,0xb3...55e7,https://bscscan.com/tx/0x6b64da3f6e5ae290a35248a98b080d1d99be1fbccd2dba6ce7868352359ddc6f
2023-03-27 08:38:24,True,0.4817,0.001468,4087.22,6.0,0x3f...573a,https://bscscan.com/tx/0xaebc460f4cc35fc170b5e281e2b3d136686614000bc2221142aeb39446f01db3
2023-03-27 08:38:24,True,0.4816,0.001467,2384.82,3.5,0x91...79fe,https://bscscan.com/tx/0x1cbc21466c6659158f83374015c0432c03a81c5539781023e3b3c272d648de49
2023-03-27 08:38:24,True,0.4815,0.001467,3407.66,5.0,0x62...1f10,https://bscscan.com/tx/0x539249d0066fe49b3bd2fca4e9d4ef331a2bf86e296807218970edf803f24052
2023-03-27 08:38:21,True,0.4814,0.001467,616.7,0.9047,0x2c...015a,https://bscscan.com/tx/0x88f2108c66697e84498d4e039f3376abbf819bcee4d23024460c90ffb6b14900
2023-03-27 08:38:15,True,0.479,0.001466,1555.5,2.2818,0x7a...c707,https://bscscan.com/tx/0xb5dbb4e369a9d209e446a3a2a1e3078adc8dbdd24a230f1fb175984b538202a9
2023-03-27 08:38:12,True,0.4789,0.001466,2386.31,3.5,0x52...1c7e,https://bscscan.com/tx/0x8fcbf10bf9cf427a032f6462130efb176f69b764735bc4714db3e27198f26648
2023-03-27 08:38:12,True,0.4788,0.001466,3409.8,5.0,0xed...4f31,https://bscscan.com/tx/0x90e18a46079d0503f744d6d4b9a1179707b736968291989d245f59eb365842cb
2023-03-27 08:38:12,True,0.4787,0.001466,3180.2,4.66213,0x0c...8533,https://bscscan.com/tx/0x71a02f6433af65322a597c6477daf6fb2642962fa4fc6a3b5f4914ef30e08415
2023-03-27 08:38:12,True,0.4786,0.001465,2495.04,3.65687,0x00...78d2,https://bscscan.com/tx/0xff83bc5771134c7c72b4b16d2a40c67c49a653998b01937e6f41b6627176347b
2023-03-27 08:38:12,True,0.4783,0.001464,10080.9,14.7678,0xd3...ec6f,https://bscscan.com/tx/0xb36475e027133898f9df6b8194f92b41f8a1ea80339105e8b8c546ac1c16ed5a
2023-03-27 08:38:06,True,0.4781,0.001464,4053.3,5.93451,0xc1...b919,https://bscscan.com/tx/0x0c521d8922ea8f9f65d6e35896123590a8c40c00c26341544280ab09bce53559
2023-03-27 08:38:03,True,0.4779,0.001463,2732.75,4.0,0xb0...a41e,https://bscscan.com/tx/0x3d29f5991aad7a495285071050eedbd82815bf65b2b1918d651ecf8295514e08
2023-03-27 08:38:03,True,0.4776,0.001462,12537.2,18.3401,0xd3...ec6f,https://bscscan.com/tx/0xe638e5813da8400b2763e87512f2eda8f1a6d84483eab56f4b14d94930ecdea1
2023-03-27 08:38:00,True,0.4774,0.001462,2393.99,3.5,0xf2...bfcf,https://bscscan.com/tx/0x1d04e9dacc299aaf36df7f6d7d0d42deabbc264606b04fbfae48153bce259a73
2023-03-27 08:38:00,True,0.4773,0.001461,2394.44,3.5,0x91...79fe,https://bscscan.com/tx/0x8b01869d6f1416ac80dde0baa574ee71980f8f08f57d7ec2a8adfae23868b928
2023-03-27 08:38:00,True,0.4771,0.001461,4105.8,6.0,0xda...c952,https://bscscan.com/tx/0x2f723f80b8ac346b061f6aaafec3929e334e3690c1c31b21333a59d494f72064
2023-03-27 08:38:00,True,0.477,0.00146,3422.51,5.0,0xed...4f31,https://bscscan.com/tx/0x9e3effd4a861f2c27a30aa4198c6e13f15867e9a278412f3d363a27bf7f7e564
2023-03-27 08:37:57,True,0.4768,0.00146,7409.9,10.8206,0xd3...ec6f,https://bscscan.com/tx/0xf2b9ced09d7550c104919160e82acdaaaa01b5c103010b3f64344fe7896e4bf4
2023-03-27 08:37:54,True,0.4766,0.001459,2397.7,3.5,0x52...1c7e,https://bscscan.com/tx/0x3e067857bb1b97836768f18f449a0610fecba78252c4c4fd38c95ad6ce8a2ac0
2023-03-27 08:37:54,True,0.4765,0.001459,2398.15,3.5,0x8d...1b76,https://bscscan.com/tx/0x2c9a66cfbe9c803059028cb2e16c22ef5d272dbfb8a37eed365f4829c09fc497
2023-03-27 08:37:54,True,0.4764,0.001459,4112.16,6.0,0x0c...8533,https://bscscan.com/tx/0x70061c9fd4e68ee505cc1af49513f6da2326d374ec741e49537d8184ae630da3
2023-03-27 08:37:54,True,0.4763,0.001458,3427.81,5.0,0xed...4f31,https://bscscan.com/tx/0x42eb1103757a0b3677ec7dc50ec4e5856fec6aad5f8b1749af591b5c4ffd4304
2023-03-27 08:37:51,True,0.4762,0.001458,2774.5,4.04606,0xd3...ec6f,https://bscscan.com/tx/0x39f3475b0a0b94f67bca342ddff85fc496143f9dd8d3fbfd809ac276cfbb6371
2023-03-27 08:37:42,True,0.4785,0.001458,1602.3,2.33623,0xe3...d2ff,https://bscscan.com/tx/0x2ba51738c9f37bbfb42ba8c9ff5577b173a306238ad900a10c957b0e60e746a6
2023-03-27 08:37:39,True,0.4784,0.001457,2400.84,3.5,0x3f...573a,https://bscscan.com/tx/0xc3a6e96ceaf36efaf210423a9bc10b7c18691c38b9ce6e646c45f3a149cd6798
2023-03-27 08:37:39,True,0.4783,0.001457,3430.56,5.0,0x62...1f10,https://bscscan.com/tx/0xfc8939003c4e4c9657f99fbf9a2a20aab832049ff9cbd1020eb912ef73fc6009
2023-03-27 08:37:39,True,0.4782,0.001457,2401.94,3.5,0xda...6e1f,https://bscscan.com/tx/0xe9971af75c3c4d562a4e5337103357c370b88d36818e1a7c2b80713496510c9c
2023-03-27 08:37:39,True,0.4781,0.001456,4118.66,6.0,0x2f...e155,https://bscscan.com/tx/0x49031c606132b5fe098f90fe81fc8d5eeb0275d5b2cb2796c765bdc97b8c776f
2023-03-27 08:37:39,True,0.4778,0.001456,8335.7,12.1374,0xd3...ec6f,https://bscscan.com/tx/0xcb1868d1ffbe7a14b3740ff0bdf530c29a74458acfd1557c7f60f2dbff44f5ba
2023-03-27 08:37:36,True,0.4776,0.001455,1704.8,2.48134,0x67...b7c1,https://bscscan.com/tx/0xa960177890701a515d2fb7f0702ff21c24be912341a9a05c3d179fec8bdd374c
2023-03-27 08:37:33,True,0.4776,0.001455,1571.48,2.287,0x0e...7558,https://bscscan.com/tx/0xd673a3543eecb57098572216784833d3d2e8361016fc77243caf5681ec7113fb
2023-03-27 08:37:33,True,0.4775,0.001455,950.5,1.38314,0xd3...ec6f,https://bscscan.com/tx/0x821813c1fd67b9d283346cac88d7152948ee3ffcb2c811d3a558c73d5a3b3d2f
2023-03-27 08:37:30,True,0.4775,0.001455,728.5,1.06002,0xd3...ec6f,https://bscscan.com/tx/0xf160c2354785cbb4b33f7487d475c42180f29019f9a2404757d246c1c58b0a7c
2023-03-27 08:37:09,True,0.4774,0.001454,8215.66,11.9502,0xd3...ec6f,https://bscscan.com/tx/0x2852bfa1ffb2cb73a4a710173d6863f27132d48236556267d2114f94f5f7f532
2023-03-27 08:37:06,True,0.4771,0.001453,4402.4,6.40042,0xd3...ec6f,https://bscscan.com/tx/0xaf66acb0b5a01b4e779ff4742facaaabbe3fe16b8d8bdc5c08f753fe72b36266
2023-03-27 08:37:03,True,0.477,0.001453,4402.4,6.39821,0xd3...ec6f,https://bscscan.com/tx/0x35fbdd8737ac2c320a86bc48b2c9c234554d4ebc5674529137fe3199a240ff4f
2023-03-27 08:37:00,True,0.4769,0.001453,627.105,0.9112,0x4d...74b8,https://bscscan.com/tx/0x0a79c29848a739677319f5666b2941811fe4582f53b987f3ca96238f1aa427c2
2023-03-27 08:37:00,True,0.4768,0.001453,927.3,1.34734,0xd3...ec6f,https://bscscan.com/tx/0xc8274efab8a12f26fac4881d1cac5a64d36c16c8525396c264480ea00fde0219
2023-03-27 08:36:48,True,0.4744,0.001452,2623.95,3.81199,0x3e...a7c8,https://bscscan.com/tx/0xba2b76d0c67e5a2e06f1a4931018660bae447af4da85640376f3c224010b0cd8
2023-03-27 08:36:48,True,0.4743,0.001452,2205.1,3.2029,0xd3...ec6f,https://bscscan.com/tx/0x274d0a616ae11ac91fa835bcfd171848c172733afc6480f32c11a405aa0cf802
2023-03-27 08:36:45,True,0.4742,0.001452,877.0,1.27369,0xca...34d7,https://bscscan.com/tx/0x78acfe81a1c507c156e8a23c9dd35a6d4e2bfaef3978cf8c7c004df7da460c17
2023-03-27 08:36:12,False,0.4719,0.001445,338.016,0.4884,0x7e...ff25,https://bscscan.com/tx/0x694e74fde433e4f7e5f7b6d1431bf2740d30ac1c571e8816ac2539799e5f0341
2023-03-27 08:30:18,False,0.4743,0.001445,2539.29,3.66979,0x00...78d2,https://bscscan.com/tx/0x16b64e17a4924b0b50817e40f08178253a0d6a724f95e95d45f7bd3eda9adacf
2023-03-27 08:28:42,False,0.4744,0.001445,210.0,0.3035,0x15...4279,https://bscscan.com/tx/0x89235224e2eaa92a1d72c0a23d258510a05cfd200276b79c0f4aa70c3cde9b55
2023-03-27 08:27:03,False,0.4743,0.001445,750.0,1.08406,0x63...8997,https://bscscan.com/tx/0xae16d61a4a924fab65803246270f6a31e6f9313fad2820dfc98c4710c553fb21
2023-03-27 08:25:36,False,0.4719,0.001445,1087.9,1.57257,0x00...78d2,https://bscscan.com/tx/0x8a7edcaf70a78d660c44e878aec2bd08ed2ca645a5e5899d0fc9a79a67dafd27
2023-03-27 08:23:12,False,0.472,0.001445,52.9761,0.0765,0xc9...cdad,https://bscscan.com/tx/0x0b07ab14a73574568c2828a5d3c47c2097b4f4c3a87f26d0869fa56c34e0eeec
2023-03-27 08:09:21,False,0.472,0.001445,2171.5,3.13934,0x00...78d2,https://bscscan.com/tx/0x24e4c118532bec26f2d15ec3fc25baf07a180d255ffdea134f1cc483d6948cf9
2023-03-27 08:08:39,False,0.4744,0.001445,66.7051,0.0964,0x45...8aa2,https://bscscan.com/tx/0x288f095de1ad3f4ede3b83a7c173b75cd1fc4547d8fb1691021aa3fbc2fa5a15
2023-03-27 08:08:27,True,0.4769,0.001453,797.606,1.15896,0x8f...9d2e,https://bscscan.com/tx/0x7674d9780036cd34ad81cdc97d2f3298e24ec4798835ae0ce5a5acf96a311e6b
2023-03-27 08:04:51,True,0.4751,0.001453,83.6617,0.1215,0x83...8a99,https://bscscan.com/tx/0x6237a7b1b186bdee4b47a5608ea03878d178e07ba4057866019427c80d4e1fff
2023-03-27 07:56:17,False,0.475,0.001445,29.9458,0.0432,0xfb...a591,https://bscscan.com/tx/0xe5a421834d72f542af9f403b3047681b7a62b15f51590c364fb7a11bf155f202
2023-03-27 07:55:53,False,0.475,0.001445,3.0,0.0043,0x5f...ce95,https://bscscan.com/tx/0xa94a9e121755fc2a7181a044101a0f3115656a18768c0ea9fb4544a8084600e1
2023-03-27 07:51:50,False,0.4751,0.001445,1.3,0.0018,0x7c...8b80,https://bscscan.com/tx/0xaa6fb7da763e731d25096218a524d0db398c8094d09e0b0643d0af1d957a29ee
2023-03-27 07:48:41,False,0.4727,0.001445,16.0,0.0231,0x6d...4b0f,https://bscscan.com/tx/0x5e24611a384611caff867fa5ec704d5be3d098ce1a27adf67e8e699acb6bc16c
2023-03-27 07:42:38,True,0.4784,0.001453,50.0,0.0726,0x1f...a40f,https://bscscan.com/tx/0x0ba4ddb939fa3951a29c2bbbc6956e59fe87a5021c01a549303716096cf285b9
2023-03-27 07:41:14,True,0.4763,0.001453,85.4432,0.1242,0xe2...5fb7,https://bscscan.com/tx/0x9bfe5603a816ea8d21f72cc09b92baf087cdfb2fe4969b1c07bebb5123d6b83a
2023-03-27 07:39:38,False,0.4761,0.001445,108.185,0.1564,0x64...c781,https://bscscan.com/tx/0x0ac494333e8940197c0548d852fd6e5614b1711764168e97f36855b7e0286025
2023-03-27 07:32:26,False,0.4762,0.001445,81.0,0.1171,0x02...f2c0,https://bscscan.com/tx/0x60c1db615f8e4b76b4278a703c54bf2270e7f4dc4a28a9ba83a8c55198ab85c4
2023-03-27 07:32:17,True,0.4785,0.001453,144.529,0.21,0x12...e7a3,https://bscscan.com/tx/0x0dd387f353e30b1145ff919837d7e17da1e2d9ba3c03fb265cfec1920d94520e
2023-03-27 07:32:10,False,0.4761,0.001445,200.0,0.2891,0xdc...b42b,https://bscscan.com/tx/0xdd38298b91d785163a6263002255cb4de418ce2a78790a9a6e5e81efc36a6fab
2023-03-27 07:26:11,False,0.4762,0.001445,20.7504,0.03,0x02...f2c0,https://bscscan.com/tx/0xbce5e6e7ab76ffadd37d09723eee83e368b47a1e71d4412d53931868e3d4f0d4
2023-03-27 07:24:29,False,0.4738,0.001445,100.0,0.1445,0x02...f2c0,https://bscscan.com/tx/0x69f71e98048e25f21e889cce2e70a6e2b182be3239f052ce88259d001f9abc9c
2023-03-27 07:20:56,True,0.4761,0.001453,1098.14,1.59556,0x3a...8662,https://bscscan.com/tx/0x3351651afc86f3788386edd020145d66d33bd280f580517fad063aa2c21369c6
2023-03-27 07:19:56,False,0.476,0.001445,11.7248,0.0169,0xbe...2713,https://bscscan.com/tx/0x1b106c7be21cdd6e6911a39c620da83726ff3bcdce2aed4424f268ce569628d4
2023-03-27 07:18:14,True,0.4759,0.001452,30.4599,0.0442,0x63...cd3b,https://bscscan.com/tx/0x81d439944ac4f7da1015331735449a4a35bf135eb72e6c6b0feb8648e2c4175e
2023-03-27 07:17:23,False,0.476,0.001445,25.054,0.0362,0x21...f33e,https://bscscan.com/tx/0xe6abcec02360fb9e23e38db6aa0e97fbb4bccf52fb9ae57560ddf21aab6864f7
2023-03-27 07:03:59,False,0.4736,0.001445,227.581,0.329,0xb7...34c7,https://bscscan.com/tx/0x31489c2a5c822b2015484cf8a467e972beaa7aa6add810ba2af9abfdafb630bb
2023-03-27 07:01:38,True,0.476,0.001452,38.7224,0.0562,0x3c...cfd2,https://bscscan.com/tx/0x2b96c25636531eed2c773d852ebccee1be402939ce68c55b51c2962ddf85644a
2023-03-27 06:52:48,True,0.4761,0.001452,105.0,0.1525,0x7a...bb4f,https://bscscan.com/tx/0xc2222cf54679eeca31dbedc34fea473169525d6db0dadc6f96a1339ab5b81b74
2023-03-27 06:49:09,False,0.4738,0.001445,49.0,0.0708,0x8d...dada,https://bscscan.com/tx/0x898d0e850046a164389d9fdf1825e834939eb1dec022370fda072974e3eeaedb
2023-03-27 06:48:06,False,0.4762,0.001445,2.0,0.0028,0xe8...f370,https://bscscan.com/tx/0xda2c09c685385c9671c2df9f917ed258bb0890a584f53ba16523e1e5b599c7bc
2023-03-27 06:42:15,False,0.4737,0.001445,13.8345,0.02,0xda...89e1,https://bscscan.com/tx/0xc01e9bfcfb023ec59347ba5de97af69b6c40fa2d82ff70b551a62329dab5f88c
2023-03-27 06:33:33,True,0.4761,0.001453,48.0111,0.0697,0xe2...5fb7,https://bscscan.com/tx/0xfa8e18f3f2e9839bb86302d7e0c38dc4041679b1c170463dc3c37af73484d7f8
2023-03-27 06:20:09,False,0.473,0.001445,392.934,0.568,0xa5...bd3b,https://bscscan.com/tx/0xaccc313a91a10291096e9eb6738b1e389fd35f53e347f301463359df8413b514
2023-03-27 06:12:33,False,0.4753,0.001445,7.76117,0.0112,0x3a...bd67,https://bscscan.com/tx/0x24b4d4a6dadd01a046d1702bd0f70d2a93419c5a734b0759921619a2a21f30ea
2023-03-27 06:03:39,False,0.4726,0.001445,49.8083,0.072,0xdc...a947,https://bscscan.com/tx/0x83390f1855f718c3676e92e584b0b3c386ada066877d3abc7b38e105a68425d9
2023-03-27 05:44:52,False,0.4757,0.001445,6.71715,0.0097,0x89...1dce,https://bscscan.com/tx/0x065b5a91bda44fd20ba273cca1b3e7a4e99c7f852a7ba8c3978805e641efb030
2023-03-27 05:42:58,False,0.4733,0.001445,1.0,0.0014,0x2f...b595,https://bscscan.com/tx/0xaa0e9d67f8afe0556546d52bd3fc687d0ffe90d7fc721548ebf56202ac5aea7e
2023-03-27 05:38:46,True,0.4757,0.001453,12.0,0.0174,0x73...a83a,https://bscscan.com/tx/0x12828563fa6bcff3372a20656156e4c8f7e2128948c9c2fcf6072bc52f0aaf92
2023-03-27 05:32:43,True,0.4781,0.001453,2.0,0.0029,0xa0...1250,https://bscscan.com/tx/0x2e98454e58cbdc712e9ce28972f34ce51f575eaf585749578fbfbf6e14c6e78c
2023-03-27 05:25:04,True,0.4781,0.001453,17.2905,0.0251,0x26...b9bd,https://bscscan.com/tx/0x5933ab1790e8af8fd0562f34aa2fcc94eb1bcf6280c1324b1971958867e5b590
2023-03-27 05:20:31,True,0.4782,0.001453,11.7003,0.017,0x06...84bb,https://bscscan.com/tx/0x58128b43a2dc59b6e41fd6ea859f99349801442fb0d0206a473cb7b5d9a41629
2023-03-27 05:07:51,False,0.4734,0.001445,7.37293,0.0106,0x3a...bd67,https://bscscan.com/tx/0x374affd2eba9a77772f99f0889e47006b281f0e9a70deeab5b00bb435021736e
2023-03-27 05:02:42,False,0.4734,0.001445,307.0,0.4438,0x1f...e612,https://bscscan.com/tx/0x8d249c832bfb1b4fd36893c92745a22126198c890d977f0f7a4c5faacd849153
2023-03-27 04:57:06,False,0.4733,0.001445,93.9551,0.1358,0x25...c7b7,https://bscscan.com/tx/0x2e1830b775da6b49aeb45c0012a20fc5dd82662765ee86b26887da1f23d2ea4f
2023-03-27 04:41:39,False,0.4737,0.001445,507.3,0.7334,0x2c...015a,https://bscscan.com/tx/0xafc5153b08a5ae62f2361482ec0010f4a6f7cf8702dbb1b30b24177ed9324640
2023-03-27 04:39:00,False,0.4737,0.001445,10.99,0.0158,0xf1...9caf,https://bscscan.com/tx/0xc2573cb7317de914d9b2bb8316e33fd9eec741bb0c544a1f8e55d97d327e94ec
2023-03-27 04:35:27,True,0.4782,0.001453,28.4902,0.0414,0x2f...92c6,https://bscscan.com/tx/0x0913bf6156d07f6266d6347aedcc7b03e20ea67affadf2f23254e78820d72429
2023-03-27 04:29:03,True,0.4781,0.001453,122.537,0.178,0x6e...026d,https://bscscan.com/tx/0x50e1e60d636fed63e74e987337da4f44ad31d7d038eda5156bd2b698fedd1388
2023-03-27 04:21:21,False,0.4756,0.001445,70.0,0.1012,0x61...19ad,https://bscscan.com/tx/0x166d1237b7fd8ce64002b46770d9d8a383cccb8900e1b157d77958a6ff6a0db2
2023-03-27 04:19:12,False,0.4757,0.001445,39.8364,0.0576,0x57...7fad,https://bscscan.com/tx/0x3ef814219b6c29f3fce4bbefa5e8b51ae3e83aba0dd72a06d1f47811eb71bcbe
2023-03-27 04:02:04,False,0.4752,0.001445,176.169,0.2547,0x89...2797,https://bscscan.com/tx/0x2390c4938a7a349bae2bbff77abf8d2ff628b841a017464e93e9dd2780730d2e
2023-03-27 03:51:40,False,0.4726,0.001445,38.0,0.0549,0x02...f2c0,https://bscscan.com/tx/0xa4a211766d06cf672269ebd457642894b10541b44a8c1a8e0ed4083fbfe30b76
2023-03-27 03:44:46,True,0.4753,0.001453,11.9147,0.0173,0x3c...cfd2,https://bscscan.com/tx/0x67efd89fba3e505d02954f1216f07cc9e2203a6f0e1b1fdae856bc397004ee46
2023-03-27 03:43:34,False,0.4753,0.001445,648.4,0.9374,0xc1...b919,https://bscscan.com/tx/0x6c67a0ef15a56fcbd08c67edba07099648595530274054169ec316058c970005
2023-03-27 03:38:25,False,0.4756,0.001446,7458.15,10.789,0xd3...ec6f,https://bscscan.com/tx/0x7eba281faedfeb41849f483b282af390b211076018984f2bdf75d368799d2b15
2023-03-27 03:38:22,False,0.4759,0.001447,4548.57,6.58307,0xd3...ec6f,https://bscscan.com/tx/0x430963513282439bc6bbc200a6ea4916063dd3d9dcd8b9a49d7372d159a27c94
2023-03-27 03:38:22,False,0.476,0.001447,2533.93,3.66832,0x00...78d2,https://bscscan.com/tx/0xca92ea428976454cff45979958de1e451900621a861adc2ec68c68b0e2635cca
2023-03-27 03:37:55,False,0.4737,0.001448,2827.44,4.09409,0xd3...ec6f,https://bscscan.com/tx/0x76202212f44ed31aaeadead35af189704d40f03dedf599cd0cff67a5dd25f199
2023-03-27 03:29:40,False,0.4761,0.001448,46.3768,0.0671,0x02...f2c0,https://bscscan.com/tx/0x7ba5b17fca513fc409b32947b4c77a1a3954e82a7e6f09805f12dfc68960523f
2023-03-27 03:26:00,False,0.4761,0.001448,0.4118,5.964e-05,0xd3...ec6f,https://bscscan.com/tx/0x32c6dd813cec4de4af58ff44e7ef3da4c9999127201c4266a5dc9af00fe9fb74
2023-03-27 03:26:00,False,0.4761,0.001448,1347.1,1.9509,0x0e...7558,https://bscscan.com/tx/0x196561169eeae07aa66bd004af9fac416702fb084883fd838ac40d41db85074c
2023-03-27 03:25:57,False,0.4762,0.001448,1345.69,1.94906,0xd3...ec6f,https://bscscan.com/tx/0xa1fd72bc323a0a324ff396abf0598951d428daae14eec5bbe20a9291305cda8a
2023-03-27 03:25:54,False,0.4762,0.001448,2307.22,3.3422,0xd3...ec6f,https://bscscan.com/tx/0x92bbf82d257c9a428ddac196df94ad33ea80f53cd39db1747a2832bcc3e451c7
2023-03-27 03:25:51,False,0.4763,0.001448,2306.8,3.3422,0xd3...ec6f,https://bscscan.com/tx/0x9d6217ef1ca919a22c712ad7c3fd8c5cc12e1542b6adac97874ce9951e89d26f
2023-03-27 03:25:33,False,0.4764,0.001449,51.8736,0.0751,0x03...0252,https://bscscan.com/tx/0x53813061283c9738784307430577c8e53c95937c1ef7eb626ea478f842e549c5
2023-03-27 03:25:00,False,0.4764,0.001449,63.2086,0.0915,0x02...f2c0,https://bscscan.com/tx/0x6651291d60d442e58423048aca13529e04574819aedc653472a1ddcfee65916e
2023-03-27 03:24:30,False,0.4741,0.001449,20.0,0.0289,0x02...f2c0,https://bscscan.com/tx/0x5d4349c65c958c32acf99544695c78970511363cd9de14e6e61b297f0c2aef04
2023-03-27 03:23:12,False,0.4765,0.001449,1643.0,2.38085,0xb3...55e7,https://bscscan.com/tx/0x9e869f2496596689100f92bc4c1415d1e7f6f20e9014a6e77c3b7b76e669c890
2023-03-27 03:23:09,False,0.4766,0.001449,2308.86,3.34624,0xd3...ec6f,https://bscscan.com/tx/0x6a1085e5d21902578698601ffeeca0ed4dd04a2e9108e17cb63b2296028c3451
2023-03-27 03:23:06,False,0.4767,0.001449,991.3,1.43688,0x56...0086,https://bscscan.com/tx/0x5d4091032a8169a2e46056a3d4ffdc444b9017204cab56605bf3600bdc71f841
2023-03-27 03:22:24,False,0.4743,0.001449,15.0,0.0217,0xb8...f597,https://bscscan.com/tx/0x2853260f529566352cd86430ae981cd119c5a804e936f28c0d6d5cb2b869fce6
2023-03-27 03:18:30,False,0.4746,0.001449,2808.64,4.07172,0x98...5cc4,https://bscscan.com/tx/0x1b632e541fb710f67eb3f3a7dbaa6c6f2510c6adb5d4d24b209e86cee8721896
2023-03-27 03:18:27,False,0.4746,0.001449,463.293,0.6717,0xd3...ec6f,https://bscscan.com/tx/0x03a7ae1737f87650c2e6c0d477b01e4e1668500d1e70a30eb83c675b2f5e6234
2023-03-27 03:17:18,False,0.4775,0.001449,6.83,0.0099,0x8e...46de,https://bscscan.com/tx/0xe766f637894d4061a1854b680371eabb2b915ef8a7c2f8c8a11ed3f2c7c964f7
2023-03-27 03:14:21,False,0.4753,0.001449,277.956,0.403,0x41...c810,https://bscscan.com/tx/0xa88d53a82d12f098b182c0b467f6c7c7da93be40eebd2317f2f8af762f4fe4ff
2023-03-27 03:12:41,False,0.4777,0.00145,226.0,0.3276,0x58...3ff7,https://bscscan.com/tx/0x6510e8d7c99ad8eef353182551116f7356c3b0c5adc51e49a1171fa20aafcf9b
2023-03-27 02:54:04,False,0.4753,0.00145,150.39,0.218,0x5f...8b8b,https://bscscan.com/tx/0xc575da08f73190d493cd83b2d7b95b4359c1258c082dad2db9800e3111b3c89c
2023-03-27 02:50:22,False,0.4775,0.00145,6.0,0.0087,0x5f...8b8b,https://bscscan.com/tx/0x1fd49931161d840b73dd79dd920a3836f7dac4418e422280a81ea07921a6a626
2023-03-27 02:38:00,True,0.4778,0.001458,20.5441,0.0299,0x53...e769,https://bscscan.com/tx/0x447c03754fb9e05777d2e21dc32e8e8d93f2dfbd5aea98885a84b2579e7049ef
2023-03-27 02:37:27,False,0.4752,0.00145,52.0,0.0754,0x02...f2c0,https://bscscan.com/tx/0x7be13db6fbe40f7bb57075010338834a47d78c39a265dd815f2bb08758c98a35
2023-03-27 02:32:33,False,0.4752,0.00145,658.621,0.955,0x0b...56ac,https://bscscan.com/tx/0x3874984d10765edfa854c355c4acac7ac1cb7141b67e7a1956dfd2eaf11de4d7
2023-03-27 02:28:15,False,0.4753,0.00145,7689.7,11.154,0xfc...535e,https://bscscan.com/tx/0x59278cc0fc377529fe6737432654a920161f2b88c1a26f7ea62556f341db0aac
2023-03-27 02:20:51,True,0.4782,0.001459,18.6162,0.0271,0x66...d662,https://bscscan.com/tx/0x5e2de1582be4890cbff2fe453558434a033fa523d0541c17a874d0cde7c736ed
2023-03-27 02:19:24,False,0.4778,0.001451,62.9953,0.0914,0x02...f2c0,https://bscscan.com/tx/0x09332e289d69016c7c3e071f0ceb8f2fb4b308fbd4667be1c17c6d440a9a682b
2023-03-27 02:18:57,False,0.4778,0.001451,518.144,0.7518,0xd3...ec6f,https://bscscan.com/tx/0x37f2f64b2dc04936ac5f0c0b9ad4f7b301cdcaa87fb3ad15c1d591418a5962a6
2023-03-27 02:15:45,False,0.4779,0.001451,2946.36,4.2757,0x98...5cc4,https://bscscan.com/tx/0x4c1679b8ddc6a58d0c4b902eec1c62819f1b0a1edeb4242b9c56fd6d3aa77af4
2023-03-27 02:15:45,False,0.478,0.001451,456.112,0.6619,0xd3...ec6f,https://bscscan.com/tx/0xf4068c320fe3a04aeda1c87f59fda367a8e0b4d5a0a7fd5abd922238bef5233a
2023-03-27 02:14:09,False,0.4781,0.001451,8102.74,11.764,0xfc...535e,https://bscscan.com/tx/0xf2a1c178614b3f7a2629912730fa10247da20c6ff20dbcff50500051f58e240e
2023-03-27 02:13:27,True,0.4807,0.001459,404.204,0.5899,0x6e...026d,https://bscscan.com/tx/0x1832997a7e65daf0e6e3472a81ff2dcedfb98d544b44b133da701e1d14ad7758
2023-03-27 02:11:03,False,0.4759,0.001452,2400.69,3.48679,0x52...1c7e,https://bscscan.com/tx/0xf84eef28855aff9431866385b653b9c6497f62d416cc104da7c8e7bc4605bfbe
2023-03-27 02:11:03,False,0.4761,0.001452,4799.47,6.97276,0x2f...e155,https://bscscan.com/tx/0x14c2d7084123d4fb0f5246c8de90925dae822f852d3aabb8c9410b38d0064217
2023-03-27 02:10:51,False,0.4761,0.001453,23.8585,0.0346,0x52...8d7e,https://bscscan.com/tx/0x4474926b47de50f172b26fc3f5f18f0aa2a617de8fddb7ba2024c7b158c7487e
2023-03-27 02:06:03,False,0.4762,0.001453,62.9142,0.0914,0x02...f2c0,https://bscscan.com/tx/0x93288033713bb49fe90c7cf0e98558ee0ab6b5d789ac912c2d936e979e00a823
2023-03-27 02:05:48,False,0.4786,0.001453,20.0,0.029,0x02...f2c0,https://bscscan.com/tx/0x9fd069d3d888e27cf843c3bc7cbf4cce095a7e1df8fe346600fa6cecf5b7b614
2023-03-27 02:00:51,True,0.4809,0.00146,15.0,0.0219,0xaa...3e7a,https://bscscan.com/tx/0xd5c5921698c6ae0b0c45e083efe65411110cad1c2486f2b81f76c74083076f4e
2023-03-27 01:52:57,False,0.4783,0.001453,87.0,0.1264,0x02...f2c0,https://bscscan.com/tx/0xf7e39a260c949f3bc490a9b1f78b49ac0f3caa10490d9530b7c88c3bcaa9ff8c
2023-03-27 01:50:51,False,0.4762,0.001453,1125.2,1.63511,0xb3...55e7,https://bscscan.com/tx/0x963b454659b06349df3fc49be511725eb1add2af984cf7ec5b07da3897990f6e
2023-03-27 01:49:30,False,0.4786,0.001453,2398.32,3.48566,0x8d...1b76,https://bscscan.com/tx/0x4cb0d667fefe65425a937f2722e3af5ad1abe090c7748c6248903cb61096a599
2023-03-27 01:49:30,False,0.4786,0.001453,2398.77,3.48697,0x62...1f10,https://bscscan.com/tx/0x8590f50f561de6739cc7d8210e37133b6f5cfaf8b1dd0a85fa7de741485a87a6
2023-03-27 01:45:51,True,0.4813,0.001461,88.1528,0.1288,0x20...07e8,https://bscscan.com/tx/0x60a060d9565afaed7318e240c195ebf35a29899658b2983f1ffe3c8296beff22
2023-03-27 01:44:57,False,0.4762,0.001453,14.9145,0.0216,0xf3...7642,https://bscscan.com/tx/0x46f1f5ea4a0af667b52c508f7d8facb6a66b1b05620a6b6e90f97f02332d31b5
2023-03-27 01:38:21,False,0.4764,0.001453,309.606,0.4501,0xa6...953f,https://bscscan.com/tx/0xf54d48d807e5b077410886919636d2de3aedfb2048079d11e9ad85f5586834be
2023-03-27 01:36:36,True,0.4811,0.001461,1790.0,2.6152,0xd3...ec6f,https://bscscan.com/tx/0x77304ee6a94083b4feec06927c44b43d11169878fb37160e05d55b8e0d16620b
2023-03-27 01:36:33,True,0.4811,0.00146,1790.0,2.61483,0xd3...ec6f,https://bscscan.com/tx/0x6d2b08545e6d2f802a856a1e95003cdb4da1f9d040a276bd60883ce05562e342
2023-03-27 01:36:30,True,0.481,0.00146,1790.0,2.61447,0xd3...ec6f,https://bscscan.com/tx/0xd5d4c27a4ca417e08bb6cc7b4ac9492811e06f4f53cc956112f21d8705b9776a
2023-03-27 01:36:27,True,0.4809,0.00146,535.7,0.7823,0xd3...ec6f,https://bscscan.com/tx/0x7c13330d36ce3cbe3a80966e79585abd8bfef66bd7bb26ba35b59e9561db8287
2023-03-27 01:36:24,True,0.4785,0.00146,535.7,0.7823,0xd3...ec6f,https://bscscan.com/tx/0xa0ccf5de1a971d2b3dc4166fa8a1fbf79d4009bf194c0f00c345fec6798caada
2023-03-27 01:36:21,True,0.4785,0.00146,577.5,0.8433,0xd3...ec6f,https://bscscan.com/tx/0x4a537fe4d5eaa4775cbf8c617fdd9a43f81cdc089181885a78415339f0a1ac3b
2023-03-27 01:36:18,True,0.4785,0.00146,785.4,1.14689,0xd3...ec6f,https://bscscan.com/tx/0x3184f9f054807dfe6e2bee9994380e29f9d999136e999b5122111ebaf422fa75
2023-03-27 01:36:15,True,0.4784,0.00146,1007.9,1.47169,0xd3...ec6f,https://bscscan.com/tx/0x8e32bac683308cb865433cfc8cc118702d38b2d1557ebe7796f6c694b346d8d2
2023-03-27 01:36:12,True,0.4784,0.001459,2915.5,4.25643,0xd3...ec6f,https://bscscan.com/tx/0x0774168605445ff4121a9e8cb204e02392d2de2cc9f39f871b6537cf428166c3
2023-03-27 01:36:09,True,0.4783,0.001459,2397.87,3.5,0x2f...e155,https://bscscan.com/tx/0x5fc52aa1624fda8594d32919eba9adce2aa82d7c63d1d0f9e5e9518ce198375e
2023-03-27 01:36:09,True,0.4782,0.001459,2398.32,3.5,0x3f...573a,https://bscscan.com/tx/0xab0d36987df198d661c60ccfce1b8c61d9f7538dc77317e4ac34261a961d8cb5
2023-03-27 01:36:09,True,0.4781,0.001459,2398.77,3.5,0x62...1f10,https://bscscan.com/tx/0xacb4af6d617ef9e4e26fc0764e49c0cff3d001ac67387f4dc54a1b10a48921bd
2023-03-27 01:36:09,True,0.478,0.001458,2508.22,3.65898,0x00...78d2,https://bscscan.com/tx/0xa673cdac83f831de246a40b3e833c64eea228f6ee8c1efd2291bb056599583c4
2023-03-27 01:35:39,False,0.478,0.001451,1626.12,2.36025,0x53...4ccd,https://bscscan.com/tx/0x2014b2691931aa1a2430839e721ebca1e896f20611add1c82d0918fe0a8e5be4
2023-03-27 01:34:48,False,0.4757,0.001451,175.0,0.254,0x21...2e51,https://bscscan.com/tx/0xdb5569c3f5598e3d0e094036a1efa78d41096bbd9c02fe030111539d2ea14f7d
2023-03-27 01:26:51,False,0.4757,0.001451,2401.14,3.48577,0xed...4f31,https://bscscan.com/tx/0x9c5285b492dc3e5d851b043a50f1a0e16db42d5fda8fb3d460529e77e91e941e
2023-03-27 01:18:00,False,0.4774,0.001451,19.0,0.0275,0x52...92cc,https://bscscan.com/tx/0x00ca66c13b8e59ef131d8386e22a0a2a4bf02c3bc445be0fd1b073107459db24
2023-03-27 01:16:18,True,0.48,0.001459,291.973,0.4262,0x20...07e8,https://bscscan.com/tx/0x3f79660b811de4ec1cdb22e9ad9592ad1590016a20e5db6bb6cbdb12cdce5811
2023-03-27 01:15:39,True,0.4774,0.001459,890.9,1.29987,0xd3...ec6f,https://bscscan.com/tx/0x57200022f7199f7dcd55740a0ded095cb49601a6e9631b5d90634f70a2eddf26
2023-03-27 01:15:36,True,0.4797,0.001459,890.9,1.29978,0xd3...ec6f,https://bscscan.com/tx/0xba1d5c3030e2d8477cb3b3b3d47c9d5c49494afa87592a403edd9506aa18c0fc
2023-03-27 01:15:33,True,0.4797,0.001458,890.9,1.29969,0xd3...ec6f,https://bscscan.com/tx/0x0886b16b42efbd9b7c97131b2029dbec09b969f51b539b88d02b4f79f7ff26a0
2023-03-27 01:15:30,True,0.4797,0.001458,890.9,1.2996,0xd3...ec6f,https://bscscan.com/tx/0x46a224ad59426249d37d6aaaa4c8a6555bf4c5a126739b4fe89907ed8afe6b6c
2023-03-27 01:15:27,True,0.4796,0.001458,890.9,1.29951,0xd3...ec6f,https://bscscan.com/tx/0x744fdc6b4a6c8b0057c6d4bcdff48bc0efdd32309031c18eccb89bbef26ab025
2023-03-27 01:15:21,True,0.4795,0.001458,4755.42,6.93493,0xfc...535e,https://bscscan.com/tx/0x9bf2f8d767fcb9144f7f359632fb83a83bb03b2dad6ca7bc71ce7488e412ebff
2023-03-27 01:15:18,True,0.4794,0.001457,2400.69,3.5,0xda...6e1f,https://bscscan.com/tx/0x6ee25ef18ae07d59827468eb6c642fca87ca1ab7f6c46ecfa5ca8abe9d43a615
2023-03-27 01:15:18,True,0.4793,0.001457,2401.14,3.5,0xed...4f31,https://bscscan.com/tx/0xd57e691de85f40f1e5f256dfc2efbd3088e086b39cba30030dc10b3b9933e37e
2023-03-27 01:15:18,True,0.4792,0.001457,2401.6,3.5,0xda...c952,https://bscscan.com/tx/0x08fbca86723e7586d6e26539051af1317361de4ab302d1c59c6e8861c5cdc08e
2023-03-27 01:15:18,True,0.4791,0.001457,2501.05,3.64424,0x00...78d2,https://bscscan.com/tx/0x67ae18991fbe36a30a66a8df098f3dbbece9bc4bcbc7ebfae6636cabeed9f2cd
2023-03-27 01:15:18,True,0.479,0.001456,6016.5,8.76362,0xd3...ec6f,https://bscscan.com/tx/0x7aa215037a7c0ad5c708f94c21085ccdeb63c7eed7cbbacd150ea16ede6192d9
2023-03-27 01:00:42,True,0.4766,0.001456,3371.4,4.90897,0x98...5cc4,https://bscscan.com/tx/0x78823d67166b5ab6aa9521a94fad742a0533ad5dd7a9c90eca4b89132c19b584
2023-03-27 01:00:42,True,0.4765,0.001455,2326.1,3.38619,0xd3...ec6f,https://bscscan.com/tx/0x1fd4241004e43b98225d280d8daabfe205309610727068fe9c22859befd006e2
2023-03-27 00:46:30,False,0.4741,0.001448,70.4254,0.102,0xf3...338d,https://bscscan.com/tx/0xcdf740d0ce4b2d690a4abf82ef3f95f4f99225b8b9571682869f8e6ae14d7002
2023-03-27 00:38:03,False,0.4765,0.001448,24.2811,0.0351,0x3d...3d57,https://bscscan.com/tx/0xece2d98289ca372a85d99225cefff2af11ecdac0ff6dae6806806362582e6fce
2023-03-27 00:32:03,True,0.4792,0.001456,27.2257,0.0396,0x20...07e8,https://bscscan.com/tx/0x54b44c72c21a7f084f379cf0a76aafee8ceaef9c9da55a1cff7357a3e170b742
2023-03-27 00:24:39,True,0.4766,0.001455,69.3564,0.1009,0x73...e78f,https://bscscan.com/tx/0x2e8cf6443d0ec92a229f38543c37693149d85c4f4380f51712d5a529a01a871b
2023-03-27 00:17:39,False,0.4763,0.001448,82.757,0.1198,0x76...a253,https://bscscan.com/tx/0x3c622b9da4aa906e6c4746533f1febfbfb77fc3d984986f811d1a8fb89d2d7c4
2023-03-27 00:15:30,False,0.4763,0.001448,6.25,0.009,0x49...6caa,https://bscscan.com/tx/0xabd51b72bd085de0da275eeae3b3c3e3a5438f21859ad03f77b75328c723351c
2023-03-27 00:15:12,False,0.474,0.001448,24.0,0.0347,0x3d...3d57,https://bscscan.com/tx/0xb25e1c90e6fa1bf23aa48a6539706e8722b8ae00eb4035d82a94bca497b9efbe
2023-03-27 00:14:12,False,0.476,0.001448,1140.28,1.6516,0xd3...ec6f,https://bscscan.com/tx/0xa610796c3d047ca92650ef2f18056a6b3af22586a9326ae1657d8aaf2538a3c0
2023-03-27 00:14:09,False,0.476,0.001448,1140.53,1.6521,0xd3...ec6f,https://bscscan.com/tx/0xee1a6860849f0c4f987166fe0b13390a03c17fb761ee2eb0f20f7a065e4bca90
2023-03-27 00:14:06,False,0.4759,0.001448,1140.77,1.6526,0xd3...ec6f,https://bscscan.com/tx/0x9e9cfa65267d499ff929cc13e629b587c6a0cceb8c5af64dc41114931773f1e6
2023-03-27 00:14:03,False,0.4759,0.001448,1140.67,1.6526,0xd3...ec6f,https://bscscan.com/tx/0x92758ac74bb90199293c7b55f31f3f2467a5f44a60d76114facf3420c5d57276
2023-03-27 00:13:54,False,0.4757,0.001448,1140.92,1.65311,0xd3...ec6f,https://bscscan.com/tx/0x2fd4a8d15a70d5fbf9491c45a1c22e7bfefc0a9a20bc99543f1717e1ad46ae55
2023-03-27 00:06:12,False,0.4754,0.001449,45.0184,0.0652,0xf6...3937,https://bscscan.com/tx/0x6a2c647f3a852d51cb363c058a6b264316afdb20d9efb177a20bc9f3a842a5c9
2023-03-27 00:05:15,False,0.4753,0.001449,876.531,1.27014,0xd3...ec6f,https://bscscan.com/tx/0x80a30d8f41ef85677a807a3dbd62767f6e5a1155967568cfbd1728857395deb6
2023-03-27 00:03:54,False,0.473,0.001449,2697.13,3.90882,0xd3...ec6f,https://bscscan.com/tx/0x1facff1cece760dd47507b33d24a6c5932e52d85dc11788cfe175f1a5401a335
2023-03-27 00:02:15,False,0.4754,0.001449,2472.12,3.58345,0xd3...ec6f,https://bscscan.com/tx/0x5e24a03acd7e369d2b575974b01ec7682401e84ecb7b12608a8b588ed7c2fe87
2023-03-26 23:59:15,True,0.478,0.001457,19.6447,0.0286,0xfd...4a20,https://bscscan.com/tx/0x0fea549f8e32cb03cd12ed5701cb4b0bbc982323731b2c8ce1cd7fa711414381
2023-03-26 23:57:03,False,0.4732,0.001449,1297.16,1.88056,0xd3...ec6f,https://bscscan.com/tx/0xc1ee7be9f9e313e80963de29087d8b39725d51bf11bbfaffdac114ccd6a6072c
2023-03-26 23:55:03,True,0.4757,0.001457,138.187,0.2013,0x46...723d,https://bscscan.com/tx/0x216592bc508c08638cb5a995c77eb307c95f81dab5e9f393e6ef677f71dd4e31
2023-03-26 23:51:03,False,0.4734,0.001449,19.89,0.0288,0x38...f7e2,https://bscscan.com/tx/0x72e2ac9e162954336d36b986b2ca7f548cf54851e0712cb1586127de9edf6e66
2023-03-26 23:46:12,False,0.4732,0.00145,5164.54,7.48915,0xd3...ec6f,https://bscscan.com/tx/0x86acab30ddc7fc25cd9fdedff81e69387acb4e39b1fdaafd3e2b7e62b648bef2
2023-03-26 23:41:50,False,0.4757,0.00145,65.0,0.0942,0x8d...d19e,https://bscscan.com/tx/0x9f6c97cf175a5c55e0c948c2f4a757cab53c391b0c98ea4c39bf672a1b8f3c52
2023-03-26 23:26:56,False,0.4731,0.00145,24.0,0.0348,0x3d...3d57,https://bscscan.com/tx/0xbb9af726412fbe4bd001c58823565c64dc962b25344c0f4b6ff460d68012bef6
2023-03-26 23:20:50,False,0.473,0.00145,15.0,0.0217,0xa1...53bc,https://bscscan.com/tx/0xfaf1062ef67c27d5dcb147f08047e2274e2545a710e366835f7c1bac1e18b453
2023-03-26 23:17:47,False,0.4753,0.00145,22.6737,0.0328,0xae...df71,https://bscscan.com/tx/0x9b2b7124c02dc2d76c448491595e0c175865f980557d6094e2ababd319600142
2023-03-26 23:17:02,False,0.4731,0.00145,8157.86,11.8361,0xfc...535e,https://bscscan.com/tx/0xb5e93e6a6bab4c7c653955d1474a95366cd7f3a9fb780da6d30a354c325185dd
2023-03-26 23:15:26,False,0.4757,0.001451,2107.72,3.05927,0xd3...ec6f,https://bscscan.com/tx/0x2040346dc79869a82d345ed77b2ef857f5167e700351ff283aaafc4664e0c654
2023-03-26 23:15:23,False,0.4758,0.001451,1695.62,2.4615,0xd3...ec6f,https://bscscan.com/tx/0x91441c6b4876d5b25c708743b0d4802f5f9bc2f8369b2051d32f979c92e22618
2023-03-26 23:01:11,False,0.4734,0.001451,1030.23,1.49571,0xd3...ec6f,https://bscscan.com/tx/0xe37aa1d04aef151162d130824c74dd1adb3182f7acedc54655950358f0df9048
2023-03-26 23:01:08,False,0.4734,0.001451,1030.14,1.49571,0xd3...ec6f,https://bscscan.com/tx/0x5a44a48771bae01ab27d596fd7e74aa8a2d15fe105406c8fc9443f5ea35837a9
2023-03-26 23:01:05,False,0.4758,0.001452,397.432,0.577,0xd3...ec6f,https://bscscan.com/tx/0xaef1507649ca7914144f80c124395b35539c5e22f30ed14a0351e3a6d3e32e3d
2023-03-26 23:00:32,False,0.4758,0.001452,633.42,0.9197,0xd3...ec6f,https://bscscan.com/tx/0xac4ad9b16d562838ca5e0195eacb725c9e10acbd1da3f5239d8e839812fa541b
2023-03-26 22:59:38,False,0.4735,0.001452,2402.38,3.48888,0x2f...e155,https://bscscan.com/tx/0xf8b9e6d448aef982ad5c5b92f4726ecec42a9bad76bff8af8e00c74b3e16a95a
2023-03-26 22:56:11,False,0.4736,0.001452,174.0,0.2527,0x95...28f3,https://bscscan.com/tx/0xc06115e59987b60ec969afea9b7be4521231f5282058984cf8c596885ab63bd1
2023-03-26 22:55:35,True,0.476,0.001459,310.767,0.4536,0x95...28f3,https://bscscan.com/tx/0x2ea13d7550a351a744959c8f4fc128c673b74fa7fa3874c024a75974bb0e2a54
2023-03-26 22:52:59,False,0.4759,0.001452,72.0,0.1045,0x02...f2c0,https://bscscan.com/tx/0xd77b827c7485d964b98f89ffff7d23607c99f1d43443778b1cde0f17c68dbb5c
2023-03-26 22:37:38,False,0.4747,0.001453,14064.3,20.4381,0xed...4f31,https://bscscan.com/tx/0x5beab8f704d15f5b367d669c65a9d54a39c77ae875f8f6fa859d75ae250a13ee
2023-03-26 22:36:35,False,0.4774,0.001454,60.0,0.0872,0x73...7534,https://bscscan.com/tx/0x78d5f84b0d0e7b9e4ca70e25d6b65f0a4aca8a78ca26cd07d2015a06f14577c4
2023-03-26 22:36:17,False,0.4774,0.001454,25.2394,0.0367,0x73...7534,https://bscscan.com/tx/0x2d53197fc87805f75b94473ac23fdf8e38c14a0808b3e36f6bafa8bcf55885ac
2023-03-26 22:33:56,False,0.4775,0.001454,952.0,1.38426,0x82...2196,https://bscscan.com/tx/0xedf9c23e29ecc5ff85425e7ed3dce94c66fe23638e4b1a9ab590ec306f72a42a
2023-03-26 22:28:49,False,0.4749,0.001453,17.1978,0.0249,0xa3...06d4,https://bscscan.com/tx/0x79e65eb4f263993af69e14d2ef9ed84622fee52efc6fe6fcbe8e279684fa697d
2023-03-26 22:24:12,True,0.4775,0.001461,9.07602,0.0132,0x8c...0ffb,https://bscscan.com/tx/0x67a75b9f923e8f9d5b867038916562fc60d3ae4961f2e7c2460846cc1a9cc8ed
2023-03-26 22:21:33,True,0.4775,0.001461,966.7,1.41269,0xd3...ec6f,https://bscscan.com/tx/0xc9db8ab7f417a1cdb09b4b80d3bf40921695e918c7856cb8465fb88a6243c50e
2023-03-26 22:21:30,True,0.4775,0.001461,966.7,1.41258,0xd3...ec6f,https://bscscan.com/tx/0x82327c72fc200caaf79c97c6d93e7b1dad371f8873b94992fdd3505d897b84b7
2023-03-26 22:21:27,True,0.4774,0.001461,757.5,1.10681,0xd3...ec6f,https://bscscan.com/tx/0x824f076c8f858d6ce5caf73578f2aca457e8d45b4863b5314afb3e7f1013e11a
2023-03-26 22:21:06,True,0.4774,0.001461,757.5,1.10675,0xd3...ec6f,https://bscscan.com/tx/0x602bc667cf595979f10c2b6e0ca0e4e67957a0430a16cbd38328b5a018282281
2023-03-26 22:21:03,True,0.4798,0.001461,757.5,1.10668,0xd3...ec6f,https://bscscan.com/tx/0xbc89c69b7451b38aabd7da91fa46c337b4b85ed14c34aa140ba49d19f72866dd
2023-03-26 22:21:00,True,0.4797,0.00146,637.5,0.9313,0xd3...ec6f,https://bscscan.com/tx/0xfde9909e591d942193c65ea6f6299c7775bcac8c566f8c5c8fbf04c5f31de8b0
2023-03-26 22:20:36,False,0.4749,0.001453,56.6708,0.0823,0xfd...0d61,https://bscscan.com/tx/0x1f163262730a51db78c54f099ea333ea314433875bfdc2b8a8e44b673f714a02
2023-03-26 22:20:12,True,0.4797,0.00146,794.2,1.16018,0xd3...ec6f,https://bscscan.com/tx/0x76f96924ecaf9716b790eaa96e963351b2c294d0910253874276e823e0862c98
2023-03-26 22:19:06,False,0.4749,0.001453,11.0,0.0159,0x8c...0ffb,https://bscscan.com/tx/0xb648dbf2c8e7a848cb00c9cff78474b6597bd8ba77a8693fb8723e6f25aefe7f
2023-03-26 22:19:06,True,0.4772,0.00146,2383.8,3.48185,0x56...0086,https://bscscan.com/tx/0xc0a616377907f8c5f2bffd449cbe9708c88de4aced412be0c8cd6e426b1be871
2023-03-26 22:19:03,True,0.4772,0.00146,2382.92,3.47991,0x00...78d2,https://bscscan.com/tx/0xcff3d64daa141b13df42974d9413dbd9e34a10d9281e98b99a25dbbb5fe8a0c1
2023-03-26 22:19:03,True,0.477,0.001459,4720.83,6.89217,0xd3...ec6f,https://bscscan.com/tx/0x44186749a69e7111a9377e3af8bf4bf193abdd60e8aeaab74af667e6a83f6237
2023-03-26 22:19:00,True,0.4769,0.001459,2398.01,3.5,0x62...1f10,https://bscscan.com/tx/0x8e0823ecb294bb9185778063f18cc311094446b79116d9bdb465efc92096d997
2023-03-26 22:13:27,True,0.4791,0.001459,970.9,1.41688,0xd3...ec6f,https://bscscan.com/tx/0xc825478c8b48a0528a18756389882ef6b8c35086176c0ea7bd94a9ef1018a474
2023-03-26 22:12:57,True,0.4791,0.001459,1201.2,1.75282,0xd3...ec6f,https://bscscan.com/tx/0x668a94bc3312490d493df7a5c78b72ee6c7e9e1cee7b29a3e24fa0b9049e2028
2023-03-26 22:12:54,True,0.479,0.001459,992.0,1.44743,0xd3...ec6f,https://bscscan.com/tx/0x5cee4e7b931d7b95d90431e8d90c1ac6964d0a4f04ea2658939319eb031d0ca2
2023-03-26 22:12:51,True,0.479,0.001459,992.0,1.44731,0xd3...ec6f,https://bscscan.com/tx/0x80ddc2eb6259122440363773aba9828802e6ce2a8a2888cba060ade3530462cc
2023-03-26 22:12:33,False,0.4743,0.001451,35.9915,0.0522,0xbb...c106,https://bscscan.com/tx/0xcbdb272ef07e5d77e8c0022a34a57cd7ab727761b982ea2db1d98d6bbd6e9566
2023-03-26 22:12:12,True,0.4766,0.001458,1765.01,2.57486,0xb3...55e7,https://bscscan.com/tx/0xf2471cf5f4657eef8f7e5f704ddab9e9739b31e846137a6aa949fa828c33c95a
2023-03-26 22:12:12,True,0.4766,0.001458,1373.7,2.00375,0xd3...ec6f,https://bscscan.com/tx/0x8a29b3bf67ade853303bdca401a5aae658ad1b6ba27b842ed5222be0052ee1cd
2023-03-26 22:12:09,True,0.4764,0.001458,6857.85,10.0,0xed...4f31,https://bscscan.com/tx/0x94d92771a0371908a882f330d5569cd6ba1a2e961fed5fc3ed56644bc2f012e4
2023-03-26 22:11:39,True,0.4787,0.001457,803.638,1.1715,0xd3...ec6f,https://bscscan.com/tx/0x1f3264bbcfe7eb34e79f6c9383159a5ebd7df2cd2ed54029cc9011a6e40438c5
2023-03-26 22:11:39,True,0.4786,0.001457,2925.0,4.26328,0xa0...cc8d,https://bscscan.com/tx/0x51d77d1ceca9fdb140fa42f25124646de2851b3ce8aaa764b688f03bad63a389
2023-03-26 22:11:36,True,0.4761,0.001457,2990.69,4.35801,0xd3...ec6f,https://bscscan.com/tx/0x48aa9d1a4912ce11c0d15cd8b52285dd0e61e59af44faec803243bb6bfc2ea49
2023-03-26 22:11:36,True,0.476,0.001456,2402.38,3.5,0x2f...e155,https://bscscan.com/tx/0x690a4b7ae944181102e4f783d870d13fe9e317198d5d4f176f95819d2f17369d
2023-03-26 22:11:36,True,0.4759,0.001456,2402.83,3.5,0xed...4f31,https://bscscan.com/tx/0xc1dd19b13f25399c556abd09d6eb5ed4a9ced736bbf4554984e889850a87f4f4
2023-03-26 22:11:27,True,0.4756,0.001455,12212.3,17.7784,0x98...5cc4,https://bscscan.com/tx/0x60616f16f78de6bf8f52526d5b328d1c5b8b5f7a5e35e654d66455e5ebda800d
2023-03-26 22:11:27,True,0.4753,0.001454,2405.59,3.5,0x62...1f10,https://bscscan.com/tx/0x249d717dd64533453c8553eceef94afc824c6a9e452707cb9ac498fb28b40a9b
2023-03-26 22:11:27,True,0.4753,0.001454,2191.9,3.18852,0x00...78d2,https://bscscan.com/tx/0xa5aa0cb543f453b593b0c78d6753f1678a7d34e518bbe8f0bc4d411757f54e59
2023-03-26 22:10:51,True,0.475,0.001454,9367.03,13.6199,0xfc...535e,https://bscscan.com/tx/0xad44d6d2b3fcab6d8fd15952fe698c1dece0d05d600177f99cc959a0d1c6732e
2023-03-26 22:10:51,True,0.4748,0.001453,2598.0,3.77579,0xd3...ec6f,https://bscscan.com/tx/0xc14c3a1e48c2091b61249ada8e87926cd0fbd540eea6d5ab690489efbbdbecf7
2023-03-26 22:10:48,True,0.4747,0.001453,2598.0,3.77503,0xd3...ec6f,https://bscscan.com/tx/0x1b0cc2f7e1e872c3344577efde9b100a42741601cf1cceb931f9507273907a5d
2023-03-26 22:10:15,False,0.4721,0.001444,6.5,0.0093,0xaf...60e8,https://bscscan.com/tx/0xab2275417ac0b9a12fbfa76391651db1cbe85b74455e16986330274bc11e05b9
2023-03-26 22:03:54,False,0.4745,0.001445,24.9733,0.0361,0x52...8d7e,https://bscscan.com/tx/0x1ea24538dcc287a88edded95a6f267cbde7e64fc4d29fd41449f611715c91678
2023-03-26 22:02:15,True,0.4769,0.001452,251.928,0.366,0x3f...66aa,https://bscscan.com/tx/0xed7780d522947121ade9b451db2aa95b7874dc210cf079a032a56b934be5786d
2023-03-26 22:01:36,True,0.4768,0.001452,220.254,0.32,0x82...9d96,https://bscscan.com/tx/0x6aa8ab75c182a6e951eab8a0b67e4b652a16b6750229c7f94190f63e37175761
2023-03-26 21:59:12,True,0.4769,0.001452,628.7,0.9133,0x70...8487,https://bscscan.com/tx/0x5db61961398c2efd44951bfbcf7325e987730a1388dc12a935262771e9d41e8a
2023-03-26 21:55:45,False,0.4722,0.001445,2534.7,3.66434,0x00...78d2,https://bscscan.com/tx/0xb4d29d27db10a0fa63e67be6ba8e7f4e907392dc5e71cffe635c423576fc2214
2023-03-26 21:55:42,False,0.4723,0.001446,2533.93,3.66395,0x05...7eea,https://bscscan.com/tx/0x35b1a4c64809504d02901c8ac56711d472558a689251cf7aff1e2fb7d8ad550a
2023-03-26 21:54:06,False,0.4723,0.001446,100.0,0.1446,0xdc...111e,https://bscscan.com/tx/0x9eab30f3d8a3d9f85a4579ecb508ffed758884c1d35bb95223c9d2abff87ea2a
2023-03-26 21:44:12,True,0.477,0.001453,629.003,0.9141,0x70...8487,https://bscscan.com/tx/0xbdba51386785a883556ac34360ab2fc96b33a550d489d60a6f38e45bc16ea325
2023-03-26 21:43:45,True,0.477,0.001453,17.0,0.0247,0x51...c856,https://bscscan.com/tx/0xcc3eb2584f6b503991ab71e3e16315237c687dd670eac5a1a3d7300f4c836492
2023-03-26 21:33:39,False,0.4745,0.001446,26.0,0.0376,0xa0...e30b,https://bscscan.com/tx/0x9e859caa16bb54ba106ab0a8511c6efb8ddcdbb47f5a8af9ac72bdb4c6879e9b
2023-03-26 21:28:12,True,0.4768,0.001453,629.146,0.9143,0x70...8487,https://bscscan.com/tx/0xded92ec7900f336885cb9efccc4dceee658c70eaea95a94d97eb1255360f541b
2023-03-26 21:16:18,True,0.4767,0.001453,1286.96,1.87015,0x35...aca7,https://bscscan.com/tx/0x508ad383b0e3f864451d9ebd0c1617ddd91dc3ba22b6cf88aab4fd917938ec6e
2023-03-26 21:12:12,True,0.4743,0.001453,629.104,0.9141,0x70...8487,https://bscscan.com/tx/0xb5280100dffe3ad9f2ef782b3595c648825216c9fa40dc923b5f503a95eb8382
2023-03-26 21:04:59,False,0.4739,0.001445,6.0,0.0086,0x38...d3a1,https://bscscan.com/tx/0x16df81ad220cdd91392ff529a6c3bf389850391799cff86b02c48936f865f860
2023-03-26 21:04:17,False,0.4718,0.001445,1.29074,0.0018,0x0c...7776,https://bscscan.com/tx/0x7d9259aa038c7cdbe54889540078aecd33949f377357ffc619f3197a86b42176
2023-03-26 21:03:59,True,0.4766,0.001453,0.6744,9.8e-05,0x0c...7776,https://bscscan.com/tx/0x9e081ca3e8914561562c84602b1417a0ac2c8325476fd08a1acae5a765ee5bcd
2023-03-26 20:56:14,False,0.4719,0.001445,14.7919,0.0213,0x9f...3fb5,https://bscscan.com/tx/0x1da093f063433fd2b2534ce4b731746c77500865d67764e72739e723e971eb5e
2023-03-26 20:56:11,True,0.4743,0.001453,629.03,0.9139,0x70...8487,https://bscscan.com/tx/0xe3c78ef8477e3df8f8163d8032cfacc2dce9e52f034bad8749be4e9abe14009c
2023-03-26 20:53:17,False,0.4743,0.001445,1.823e-06,2.636e-09,0xd9...a33f,https://bscscan.com/tx/0x22c05b9dae24e7cc7d023ba36eabe84553c9497732e6487e25490941243d27b8
2023-03-26 20:49:56,False,0.4719,0.001445,41.7292,0.0603,0xe0...4cd1,https://bscscan.com/tx/0xe73d1ec679e9f065dd74ebfc1d49bc83358904016c4c071287d0b8fc8d55f91f
2023-03-26 20:49:17,True,0.4743,0.001452,0.6744,9.8e-05,0xfd...2af9,https://bscscan.com/tx/0xfcfac40d84f6b2eeeb647b75465a59cc837fbcc48950c86dd669ad4193361c24
2023-03-26 20:41:20,False,0.4742,0.001445,6.0,0.0086,0x6f...ae36,https://bscscan.com/tx/0x7ddb1259920e96d981fbb1bac860eeafe9c3c79168fe0364772bcd7eb56e7465
2023-03-26 20:40:35,False,0.4742,0.001445,70.6775,0.1021,0x4d...d9b8,https://bscscan.com/tx/0x860fb22153055bfb835c06d2850d0d16784603251cc3037eef87c160620b9658
2023-03-26 20:40:11,True,0.4766,0.001452,629.175,0.9141,0x70...8487,https://bscscan.com/tx/0x506d0235dd2adf2ef9c928ffe1364319014ddf058cf7020dc4706b62f35632e6
2023-03-26 20:38:47,False,0.4718,0.001445,31.0858,0.0449,0x53...ba85,https://bscscan.com/tx/0x19c6e89f5ac518c3f18d22e536a868d1ae86845a8d547f12cbdbdfe04d237441
2023-03-26 20:35:08,False,0.4718,0.001445,25.0,0.0361,0xef...a440,https://bscscan.com/tx/0xe89e6b3650dd282ed497799c1cc2d54ca264f764e462a644a10445b208102b0c
2023-03-26 20:31:20,False,0.4739,0.001444,44.5063,0.0643,0x50...cd42,https://bscscan.com/tx/0x96030b3d8e0cf26551b009d530bc8f79c80d64a608f1906b12efd100908eb079
2023-03-26 20:30:41,False,0.4739,0.001444,4.52,0.0065,0x50...cd42,https://bscscan.com/tx/0xc1bf9dc7d7afdd296f1eabdf764f59fb1f7c1293911148c4259807b0e3768b55
2023-03-26 20:28:17,False,0.4741,0.001445,17.5,0.0253,0x19...c92f,https://bscscan.com/tx/0xccc9bf47848145656d5debdc4577813fae9d73bcf018daf4560f9131f607de5f
2023-03-26 20:25:35,False,0.4716,0.001445,39.0804,0.0565,0x7a...cc4f,https://bscscan.com/tx/0x3a7db69c7b47e7f4d63c661270ab90e6996a6cb7188fe18842472dcc26449dd1
2023-03-26 20:24:14,True,0.4763,0.001452,629.15,0.914,0x70...8487,https://bscscan.com/tx/0x225440763052ff6e0029824dac628bcf01ce17da6da97b5ebcba7cf0d52838ae
2023-03-26 20:09:11,True,0.4759,0.001452,629.173,0.914,0x70...8487,https://bscscan.com/tx/0x679095af48b52c63b49fb046b601f0fc7f0548593fae72df66524a901ad26f55
2023-03-26 20:07:47,False,0.4712,0.001445,2478.0,3.5823,0x00...78d2,https://bscscan.com/tx/0x937718a723a1f4a4dfbab0a0dfbfdac81cab95e510541e92e18a3b9d0175024a
2023-03-26 20:07:44,False,0.4713,0.001445,2540.07,3.67275,0x00...78d2,https://bscscan.com/tx/0xe718690e765a551cd74ea3246487e3070cb4e5e60792d742ec176a6f34eddc1a
2023-03-26 20:07:41,True,0.4733,0.001452,21003.6,30.5,0xd9...a33f,https://bscscan.com/tx/0x9c2acc6bc5594aad4d5b98c111de490df28dab590d6a25f9abdcf7e98ac9e135
2023-03-26 20:07:41,True,0.4727,0.00145,13791.6,20.0,0x97...d57d,https://bscscan.com/tx/0xc07152934e51407d9e5bd282c78921fb5a7df210428bfcdd54b2f86cc3ced6a8
2023-03-26 20:06:02,False,0.47,0.001442,80.0,0.1153,0x9a...903b,https://bscscan.com/tx/0x107145747dd711f903bf97ac78dd2d0cab5da83d986abf3a1f11c1b85a2c1bf2
2023-03-26 19:59:26,False,0.4723,0.001442,53.3932,0.077,0x86...4103,https://bscscan.com/tx/0x3cc3916c981764e9f0dd096a0729c1de486166e8052d80443c158869aa59c5e0
2023-03-26 19:56:47,True,0.4749,0.001449,75.7425,0.1097,0xfd...4a20,https://bscscan.com/tx/0xc83bff8e5bedcd8738780fa94c7d99537a3a80ae097dfa8b645c46a521efd379
2023-03-26 19:53:11,True,0.4745,0.001449,631.546,0.9153,0x70...8487,https://bscscan.com/tx/0xc9686f38310dc74de19ccd1f00096857a489868bf18d062a3bcc6b3393b63751
2023-03-26 19:52:59,False,0.4722,0.001442,55.9587,0.0807,0x8b...6887,https://bscscan.com/tx/0x34e2a7f2277c09110f6fc18523f2db15d75d250c2f374263a56614339be0292d
2023-03-26 19:52:02,False,0.4698,0.001442,6.52926,0.0094,0xee...8089,https://bscscan.com/tx/0x3d8e29e67d16dcfcb212f4b2c683a2e621d7587b2a81dc60accc351aaef10ee0
2023-03-26 19:51:08,False,0.4721,0.001442,11.7904,0.017,0x42...76bc,https://bscscan.com/tx/0xf3296d8107d519e4a33482fc4946818ab95596898d9fc83c1726a7ec7089b0ea
2023-03-26 19:48:41,False,0.4724,0.001442,77.0,0.111,0x2e...f345,https://bscscan.com/tx/0x6fbad5ed6823fed7e413ea9a993b58898a42e93fc2da0ae8f18771c1a3b9c665
2023-03-26 19:42:56,False,0.4721,0.001442,90.2308,0.1301,0x18...c06a,https://bscscan.com/tx/0x7a6d11c11829d1efa3ddb37e8450e2d99e5a6670a3f112525f3d87f29d533053
2023-03-26 19:39:35,False,0.4721,0.001442,300.0,0.4326,0x18...c06a,https://bscscan.com/tx/0x4c20266cb7211ebd944806c644f7bea525d31f3297a9d768c36471dd80b897ae
2023-03-26 19:37:17,True,0.4745,0.001449,631.876,0.9158,0x70...8487,https://bscscan.com/tx/0xfbb6d95d6cee1ef9e26e327f8e3b0d266beb3d4b7b5218a7d0a5eddb8d95bd00
2023-03-26 19:34:29,True,0.4744,0.001449,360.16,0.5219,0x40...bf97,https://bscscan.com/tx/0x78e25b2d63ec53a58e58f501460be9b20bf0b8e5a271abc239bdf600acfa63e7
2023-03-26 19:33:50,False,0.4721,0.001442,1013.8,1.46198,0x09...18f7,https://bscscan.com/tx/0x8787c87e69287bde6786c7fd4b032960ef21cae9103cf19d1a7ec6492793d5d6
2023-03-26 19:33:17,False,0.4719,0.001442,1.93676,0.0027,0x2b...44b6,https://bscscan.com/tx/0x7b0ece363ee5f3d6bfafaca9df5d3fca9a0e045825d3e46f6ad770e19de59271
2023-03-26 19:32:20,False,0.4698,0.001442,33.3302,0.048,0x7d...f4bc,https://bscscan.com/tx/0x5b9cdf2466acb4de733ddd1b6d5d4a4a11213c3a4def2aaf314a4064a5aab6fb
2023-03-26 19:31:59,False,0.4722,0.001442,79.3398,0.1144,0xc8...5889,https://bscscan.com/tx/0x76a8cfc3f8dc0bd9cb84ef8567e1c3bc5a5114d5441aee7110752208ae3850ad
2023-03-26 19:31:35,False,0.4723,0.001442,2550.87,3.67909,0x00...78d2,https://bscscan.com/tx/0x0190709b36d19eafe47735b54673c6f55935ed56e7bcc9300c782a5438199a3b
2023-03-26 19:28:07,False,0.4697,0.001442,112.074,0.1616,0x5e...54c8,https://bscscan.com/tx/0x91f72ed7e8c1e5fafccd191185f7b1b23b95e728a0f51a7cdf52ba8cb6f692eb
2023-03-26 19:22:10,True,0.4724,0.001449,631.508,0.9154,0x70...8487,https://bscscan.com/tx/0x870b1dba7a88b584f767be02f356df5811bcb930186103b9339b67037082a71e
2023-03-26 19:22:04,True,0.4724,0.001449,21.691,0.0314,0xfa...ac71,https://bscscan.com/tx/0x34dcaac0c12a7a70fa20840404bb04e0f9eaa0e0bf3e867cd764789a153cde02
2023-03-26 19:06:10,True,0.4749,0.001449,631.713,0.9157,0x70...8487,https://bscscan.com/tx/0xc6968bea9c287ebcc0a25387c245686a4c7ed50c137e9a270adebb95eb12616e
2023-03-26 19:05:25,False,0.4725,0.001442,2556.3,3.68733,0x05...7eea,https://bscscan.com/tx/0xa132f24086fa912d96bcdb99f16cc622c641233f678cc5a02d24d5028a8fbaad
2023-03-26 19:04:55,False,0.4702,0.001442,2556.3,3.68806,0x00...78d2,https://bscscan.com/tx/0xf85849dbe366b8eda31dd98b81fa2ccfd092606d3e3abcac3d44e8b8c2fd511a
2023-03-26 19:04:10,False,0.4725,0.001442,212.662,0.3068,0xcb...345f,https://bscscan.com/tx/0xcf46f34def6ba9a5c6d31744f08b839e068c439d7e3bc3f874733c24ef826fe9
2023-03-26 19:00:19,True,0.4746,0.00145,0.0286,4.16e-06,0x8b...6566,https://bscscan.com/tx/0x1138e11958db488fa9840d8a6878be39ee063b282c002aa5c09fbae5640d13de
2023-03-26 18:58:43,True,0.4724,0.00145,303.509,0.4401,0x52...799a,https://bscscan.com/tx/0xc8b710c7d572c515001ec3076d892768b61b61bb9fbd491b31ab4f542119bb25
2023-03-26 18:56:34,False,0.4723,0.001443,1598.5,2.30657,0x00...78d2,https://bscscan.com/tx/0xd5c62eaba1b4e49248ac1c72dede72f327f2b7970c27b3a539147495986b2b4a
2023-03-26 18:56:13,False,0.4724,0.001443,1978.3,2.855,0x00...78d2,https://bscscan.com/tx/0xb3c20ee3a1b60baa4271fd2d9778e9576757962fb22107d4f99e57d4fd2da920
2023-03-26 18:52:41,False,0.4725,0.001443,12.0598,0.0174,0xc1...f415,https://bscscan.com/tx/0x1b975c80524a69b2d481418b1497a1dedf22ced5c2c8fedbde3812473e41e210
2023-03-26 18:51:17,True,0.4748,0.00145,631.553,0.916,0x70...8487,https://bscscan.com/tx/0x54a4db74f1d66f51fee307ed59be3b22bdd05427b08d511b601bc2e456876e1b
2023-03-26 18:44:44,True,0.4726,0.001451,72.9802,0.1059,0x7f...cdd7,https://bscscan.com/tx/0xa18befd9a8fedc70cee0f13ed1fa015eb1a1db5c2e3e5bd1c312dd64e4797fbc
2023-03-26 18:44:41,False,0.4724,0.001443,185.352,0.2675,0x91...fa15,https://bscscan.com/tx/0x9b69610c0c803077ef72e1d25ec925c449b5b9445f374b8d8ef44162c8fb6169
2023-03-26 18:43:08,False,0.4724,0.001443,72.0032,0.1039,0xf7...3f4a,https://bscscan.com/tx/0x879a6867a70fda5a54165614e795f963d118bdc48afb48ba4362f30eb36c9f69
2023-03-26 18:36:17,True,0.4747,0.00145,631.695,0.9162,0x70...8487,https://bscscan.com/tx/0xcb2e08e13b83149ff222684d9c4302c1581420400e8d1b28f07ee04edc889feb
2023-03-26 18:34:55,False,0.4722,0.001443,2.87863,0.0041,0x55...557a,https://bscscan.com/tx/0x01ada8659a348ad783a3d548f52e7482de1263250a20d84f1204d19753f4377a
2023-03-26 18:25:23,False,0.4696,0.001443,93.8693,0.1354,0xe0...dade,https://bscscan.com/tx/0x27544245cc5e661309c10b100d484f989fbbfb7ca9d8c5032010fa552ec21a22
2023-03-26 18:22:59,True,0.4746,0.001451,22.5419,0.0327,0x61...b78b,https://bscscan.com/tx/0x0da3a528ffbc631881a2bc2a44738e2f50ca375f2b471be99258dae591700336
2023-03-26 18:20:59,True,0.472,0.00145,1859.66,2.69706,0xfa...fc2a,https://bscscan.com/tx/0xb1cd5caa7e6ff4f90dfb3168fa1385570c25ab485f99cec3ad660962528caf9d
2023-03-26 18:20:11,True,0.4743,0.00145,631.48,0.9157,0x70...8487,https://bscscan.com/tx/0x6a2625d75e2980ac5f43cbcc40d84ec66d2cf581b5faa2974d46083ef015bef3
2023-03-26 18:13:47,False,0.4696,0.001442,11.1492,0.016,0x8c...7631,https://bscscan.com/tx/0x390896bfe05f1457199d71f2bc5826b82a75271dd85f84625b70bd6b1fde26a7
2023-03-26 18:06:53,False,0.4697,0.001442,512.954,0.7401,0x9f...d268,https://bscscan.com/tx/0xe067d28f3747039bb3923012d34e4d9acb3fc68cb3038b6949ca0f7f6576c5ad
2023-03-26 18:06:26,False,0.4697,0.001442,15.61,0.0225,0x5d...251f,https://bscscan.com/tx/0x6a548bb48c07ee257d7da8bc77f337a5bfd88698c4fef72f8f9ef6a46a734387
2023-03-26 18:05:11,True,0.4745,0.00145,631.453,0.9157,0x70...8487,https://bscscan.com/tx/0x858bf40a4e01baf50cb252135f150dac3376b1af9ea89962e0278fcc82b29746
2023-03-26 18:03:35,False,0.4697,0.001442,689.5,0.9948,0xc1...b919,https://bscscan.com/tx/0xf799cc31dfa46cf482a8b6ddbf34a69a9bc597ac122a51ce61672c7197599311
2023-03-26 18:03:26,False,0.4721,0.001443,2446.85,3.531,0x00...78d2,https://bscscan.com/tx/0xc8e7252e863337eed2c69d5b8caaaf5f9328486c6a153b2042ccc454e2bdc291
2023-03-26 18:02:50,False,0.4722,0.001443,2545.46,3.67402,0x09...18f7,https://bscscan.com/tx/0x749e0a40b8d56373ca1971b6665b7fe10d204f095788b97aeb735701f3d750c8
2023-03-26 18:00:02,False,0.4723,0.001443,170.0,0.2454,0x29...2e93,https://bscscan.com/tx/0x004eb5f79e8113d397e44fb593e96479a4906c9d73281996ba0b56268b0bb865
2023-03-26 17:59:11,True,0.4746,0.00145,116.483,0.1689,0x73...6744,https://bscscan.com/tx/0x4fc90c3e858c1244c78b32df0f6bfc435e6ae296ab2d2036f8f603472319c57a
2023-03-26 17:56:50,False,0.4721,0.001443,1324.9,1.91261,0x00...78d2,https://bscscan.com/tx/0x3a6a86b05652083f9b66ab038cc5d13290592730d0bd38de6ba304515eed566a
2023-03-26 17:54:20,False,0.4722,0.001443,2550.87,3.68295,0x00...78d2,https://bscscan.com/tx/0x54010fe9ad7a483e12806e8eb87dcc20dd0b36810d0fb05a30597d78875c8ee0
2023-03-26 17:49:47,True,0.4747,0.001451,54.1248,0.0785,0x2c...c9c5,https://bscscan.com/tx/0x696046df3ab5305082d1ae6dfca78ec1bd297491a828930497a12fd1690e831a
2023-03-26 17:49:11,True,0.4723,0.001451,631.013,0.9157,0x70...8487,https://bscscan.com/tx/0xfe02671e2b1c8d7ce4ed07616f57c92caadfac5ef5a5b8cecde5765514d3f3de
2023-03-26 17:48:26,True,0.4727,0.001451,49.0013,0.0711,0xc5...2dee,https://bscscan.com/tx/0xe9bb63b7ec8c4a8e44d5f7d5903bcfeca7d99c6f0a854191e2a67c6bd08a115b
2023-03-26 17:41:08,True,0.4728,0.001451,75.1032,0.109,0x64...3a6c,https://bscscan.com/tx/0x7b1f6657afa57b04a531719ab1c48ac808a8773adcdb5236810efaca0d2af7ce
2023-03-26 17:40:32,True,0.4725,0.001451,36.2881,0.0526,0x16...1cdb,https://bscscan.com/tx/0x5a0ac4f55d607a74a41d912584b376c31f998b4bb81e4ad27244897e3de8766c
2023-03-26 17:38:02,False,0.4724,0.001443,830.0,1.19844,0xe3...d2ff,https://bscscan.com/tx/0xdb3a48db06d732b4b1523e1b700e984e53d4a7265b3cd59e6179a49ad38236c7
2023-03-26 17:34:11,True,0.4746,0.001451,631.397,0.9162,0x70...8487,https://bscscan.com/tx/0xccfb740575f8d05add7538a10ce0ddd33ad1faea4a432020898721e7c35a51eb
2023-03-26 17:30:41,False,0.4697,0.001443,125.0,0.1804,0x52...0ae0,https://bscscan.com/tx/0x4bda2fc69cc6c4c1ed85b2a9be283dd39967bea2601cea11e0e4571ddab59f37
2023-03-26 17:29:53,False,0.4723,0.001443,24.1298,0.0348,0xc1...f415,https://bscscan.com/tx/0xf51fd2ff83d5242a810ed9d2efb8b8891a4c971afab831bfb8558b169c2c3f88
2023-03-26 17:29:35,True,0.4745,0.001451,60.1554,0.0872,0x52...0ae0,https://bscscan.com/tx/0xb7ffdfa96f22336ca102c6dffc866bf9fdb68d6aaee9c6460783fb97435bdb61
2023-03-26 17:19:14,True,0.4744,0.001451,631.507,0.9163,0x70...8487,https://bscscan.com/tx/0xad0d640c0cc0d0e260037bed2ebfe9d40e9ee06d19a741063cb9765648673fa5
2023-03-26 17:13:32,False,0.472,0.001443,143.903,0.2077,0x99...2fc5,https://bscscan.com/tx/0x83e33961bf406c0f0a4f70b0adaf265eaec9a6b9c17bf98d599c3d01723cfe4a
2023-03-26 17:11:38,False,0.4697,0.001443,28.362,0.0409,0x3f...c9bc,https://bscscan.com/tx/0xa4dabef248d36aaa8c02826178e03913038444da15aae795654bcb0c959dccf5
2023-03-26 17:05:17,False,0.4721,0.001443,380.0,0.5486,0x99...2fc5,https://bscscan.com/tx/0x8eb1d07e2919c1b0c30764c1b527b88c45cf5d977ff8c9d3000cde1c18c6bed7
2023-03-26 17:04:47,True,0.4744,0.001451,269.233,0.3906,0x16...e0d3,https://bscscan.com/tx/0x850406e2d9c692bbabde5bf83d87c5f163d9394acac3d7153c75ae8c8da38c98
2023-03-26 17:04:11,True,0.4744,0.001451,631.09,0.9157,0x70...8487,https://bscscan.com/tx/0x3c1b5d4c42e33b0f4dc115877770b355b2c63da28b2c9bdc9edfa0d3814e1d74
2023-03-26 17:01:26,False,0.4719,0.001443,1019.6,1.47213,0x3a...231f,https://bscscan.com/tx/0x62aff0d8aadfb717c81c554d6f7f74158f8e11d33ff50e59e298aa37326664ef
2023-03-26 17:01:05,False,0.4719,0.001443,5.0,0.0072,0x4e...c255,https://bscscan.com/tx/0xb5b46f6a30e4a1858dc0a30db3b17301e1ae6b5bb8bc1dc444b5a820534148c0
2023-03-26 17:01:02,False,0.4719,0.001443,11.3161,0.0163,0xc0...da74,https://bscscan.com/tx/0x0772817cb23b07ba24e66911e8104ccb2338db05ebaf50464a62649575c56ab7
2023-03-26 17:00:02,False,0.4719,0.001443,14.1815,0.0204,0xe6...c1e3,https://bscscan.com/tx/0x7d93bda847de73b8c378c3698ff87cb5891714b94ddcd97a37361bcff38a1a56
2023-03-26 16:59:29,False,0.4696,0.001443,5.0,0.0072,0x6d...2f2d,https://bscscan.com/tx/0xbc81885871d8973c029333e88c056fb0d974d1b25d4a9714be23102ad923ff5b
2023-03-26 16:58:56,False,0.4699,0.001443,49.3785,0.0713,0x52...6dcb,https://bscscan.com/tx/0xaaa485ef9f8dc3bca5f5455786d95d0f2f032b06051826d2b8b8879e6e9542a2
2023-03-26 16:58:02,False,0.4699,0.001444,1487.7,2.14821,0xc3...157a,https://bscscan.com/tx/0x3ddc1429f4c948938efa9b5275ff137d84ad6d968b900830a8668aeee3c41194
2023-03-26 16:57:05,True,0.4746,0.001451,14.7348,0.0213,0x8c...432a,https://bscscan.com/tx/0xd7e45aea89d61259027e835de3d68ad507c4a3a26075dc1f2d720a5124ce4e99
2023-03-26 16:56:32,False,0.4723,0.001444,915.6,1.32223,0xf9...5ebf,https://bscscan.com/tx/0xde6f5379e87c24fcc2934c480610a3e53fdc4161cf0b9a48af89209c7efbfd32
2023-03-26 16:53:53,False,0.4699,0.001444,1371.9,1.98136,0x0e...7558,https://bscscan.com/tx/0xa87c91c788e39f476816d23f4049ea2fe4c7b4da738cf58b6824180d557908ef
2023-03-26 16:53:20,False,0.4697,0.001443,5.23881,0.0075,0x14...6baa,https://bscscan.com/tx/0x5edcd17840855f37a86a858b38009d73cd94c3f843cd7599975245faa4a06215
2023-03-26 16:52:14,False,0.4725,0.001444,2337.5,3.37642,0xef...cab1,https://bscscan.com/tx/0x98e65450621a253e00ee6f4c9ec1dc481b8c661fd6c61647296e1468123a5c9a
2023-03-26 16:51:53,False,0.4728,0.001444,16.0,0.0231,0xf1...1e20,https://bscscan.com/tx/0x10df8d1492815e2d27c39ffc885b17a3a1638e7f9ec1f73a3c8cce5e08850128
2023-03-26 16:51:17,False,0.4703,0.001444,2.48514,0.0035,0xe6...46da,https://bscscan.com/tx/0x173f9f950701f45d8e7a9f70021163ae35f24f48985ae062a5378c6e1bd60ffc
2023-03-26 16:49:53,False,0.4728,0.001444,38.0,0.0548,0x3d...3d57,https://bscscan.com/tx/0xf754424bc203c0d06da09b000d5221221d9c79d3437df1babfa9939e23ab1e03
2023-03-26 16:48:23,False,0.4729,0.001444,1.8172,0.0026,0xec...8254,https://bscscan.com/tx/0xe2250d1e5515135a2f03d3c44cf29b2d4bbd3a620ae350debe0ee4f2e803bb9f
2023-03-26 16:48:20,True,0.4752,0.001451,630.56,0.9154,0x70...8487,https://bscscan.com/tx/0x833e4b1edcf8e20adaf9400ed1a99fdeff767eba49385fd46c837af08c501447
2023-03-26 16:46:02,False,0.4729,0.001444,3.32142,0.0048,0xae...7ec5,https://bscscan.com/tx/0x826a97861d69626e9beb90e605b1c3210a75a11ce004e0e293b4eafce8cf1263
2023-03-26 16:45:41,True,0.4752,0.001451,208.447,0.3026,0x6a...3ce2,https://bscscan.com/tx/0x60ab34a2137a0436d71ab450f3e0400c3ac6e65ecda5f82c21eff1fdc9f85f4b
2023-03-26 16:45:29,True,0.4752,0.001451,73.1318,0.1061,0x2c...c9c5,https://bscscan.com/tx/0x56c87d8b013ac11430f35ecfc7b4c24bbf1299bb3cc307b19188bf650a2a13eb
2023-03-26 16:45:26,False,0.4729,0.001444,4.99405,0.0072,0x92...44a9,https://bscscan.com/tx/0x3748dbd89625f62a3d82606528f246af292d0875ddbdbd421b918f0b4ab80dce
2023-03-26 16:43:44,False,0.4705,0.001444,296.955,0.4289,0xc6...a958,https://bscscan.com/tx/0x82dfbbea69598e112577c4e36164bee091a47fb0f84c0e1190a895b5ec07c688
2023-03-26 16:43:11,False,0.4705,0.001444,6.0,0.0086,0x4b...20f3,https://bscscan.com/tx/0x19710b0e62e94f7bb4ac51f134ef8b4f65e491ab9c445f89d3c80af4dc4550a1
2023-03-26 16:40:41,True,0.4729,0.001451,1008.78,1.46447,0x16...e0d3,https://bscscan.com/tx/0xacc61e8054126e4fdb72f1689360e124136301c480e97a478682fad6ddc3c54c
2023-03-26 16:40:35,False,0.4705,0.001444,1.8172,0.0026,0xaf...d3b1,https://bscscan.com/tx/0x7f9d874c5a4de93c14ead310db5831868fb13685783768939492df140b4a2438
2023-03-26 16:39:32,False,0.4704,0.001444,1.8172,0.0026,0x11...9e58,https://bscscan.com/tx/0xe852de6a15ed90f7ad52e5e3522648d87f74e5b108647495d81ddbf467362929
2023-03-26 16:38:17,False,0.4727,0.001444,1.48514,0.0021,0x58...19fc,https://bscscan.com/tx/0xe29a1db197b254724266ce5f3747a2934ddecd7737fbf7ad38faf1e8af41f57e
2023-03-26 16:37:32,False,0.4703,0.001444,39.6382,0.0572,0xba...00b4,https://bscscan.com/tx/0x959f17fb32d97330c1a1d84b0b4480802313f98433c24631ba49a77181639e07
2023-03-26 16:36:05,False,0.4728,0.001444,2.51888,0.0036,0x80...33bb,https://bscscan.com/tx/0xebf7e05046ce1d9a8c49ad7a9b4db9e05816b59466f545bc2e8dc0567936448b
2023-03-26 16:35:35,False,0.4705,0.001444,3387.4,4.89347,0xa0...cc8d,https://bscscan.com/tx/0x00eb3995d09c1078d185ab6e723987b5e892bcdf4afb3cdaa6e17a656c4e001e
2023-03-26 16:35:26,False,0.4705,0.001444,306.703,0.4431,0xf2...eb09,https://bscscan.com/tx/0x19313347d57a84345d7c81af6ea87bf7a86f0c5a6eb89b41bbc26a6d283d70ce
2023-03-26 16:33:01,False,0.4736,0.001444,1793.2,2.59106,0x3a...231f,https://bscscan.com/tx/0xea6c347c881baaab0885bf945c9699dbff2b2d39f3c4933df8dfa544c3947570
2023-03-26 16:32:14,False,0.4713,0.001445,1947.02,2.81373,0x98...5cc4,https://bscscan.com/tx/0x893dc0e1608b52e8451d69c6aa958a647c7c2cf68c61630689fef9324397307d
2023-03-26 16:32:11,True,0.4737,0.001452,628.555,0.9129,0x70...8487,https://bscscan.com/tx/0x972caf5a6f9a36568ff7951a0a6fd83c3a2880ee76beb08536f47f7e7da59680
2023-03-26 16:31:32,False,0.4738,0.001445,5492.78,7.93979,0xfc...535e,https://bscscan.com/tx/0x2971da22480f8cd8b818b47a622baf4b823a35a73ba2930314e12741613aab5f
2023-03-26 16:30:08,True,0.4765,0.001453,2.30306,0.0033,0x8a...f68b,https://bscscan.com/tx/0x15a9ec07b52ae12e0ad55645a6410046e93fbbc4962bd68e8e3229293b7c88b2
2023-03-26 16:16:11,True,0.4767,0.001453,627.965,0.9124,0x70...8487,https://bscscan.com/tx/0x370d00e0f1fa7ab2b3f915c7d3c7ccf33f653e99de0537a7ead4b08fa8270321
2023-03-26 16:13:20,True,0.4744,0.001453,113.191,0.1645,0xa4...6ea4,https://bscscan.com/tx/0x5b6c73bef6e48590b4e1c572f915f04c59cf01d5f9fc112bed0b21b9f97df9c2
2023-03-26 16:11:11,False,0.4743,0.001445,20.7509,0.03,0x02...f2c0,https://bscscan.com/tx/0xdb2a701f88b1a2206288675c773206ca554c186f00d1fc64b4dde0f050f52231
2023-03-26 16:10:14,False,0.4719,0.001445,113.182,0.1636,0x98...b33f,https://bscscan.com/tx/0x7042970735c60d1e05e1b769f45d88d3c2add8c96980aa4335cffce370b54dd7
2023-03-26 16:07:53,True,0.4766,0.001452,4307.4,6.25756,0x82...2196,https://bscscan.com/tx/0x80efde3b3a74a318964b085ff170df22d3fcabd048146fbb579640fecb0ddb11
2023-03-26 16:07:41,False,0.4742,0.001445,105.766,0.1528,0x02...f2c0,https://bscscan.com/tx/0x497da6ef972d85e6b46f4b255001b86e331ca7c1f2a54989a6a6a4c3b03904b8
2023-03-26 16:07:32,True,0.4768,0.001452,50.0,0.0726,0xde...d365,https://bscscan.com/tx/0x91e675b3a6244afce33f6d80f68056d11d16c298ced34ca725644771c415a176
2023-03-26 16:05:32,True,0.4744,0.001453,111.182,0.1615,0xf7...6616,https://bscscan.com/tx/0x00e288a5d3c24f9d672cf717289750b8cc85eb07b03ec6f99381ad5c12412438
2023-03-26 16:03:17,True,0.4768,0.001452,6291.13,9.13559,0x2c...015a,https://bscscan.com/tx/0x4f2e83b80ffb361c94775f2dff3518fd8c9ddef3503861e10db4120b58a6ee73
2023-03-26 16:02:23,False,0.4719,0.001444,630.659,0.911,0x9f...7a6a,https://bscscan.com/tx/0xa130a3f8aac969685e962848d9d8cac0513c55e0d4bc4b53e676bf91469b53b7
2023-03-26 16:02:14,True,0.4743,0.001451,137.756,0.2,0xab...9ef8,https://bscscan.com/tx/0x7bd74aa46c10f1759db3c38f1a56142906438259d9cca5d507b7a6daa7434bc3
2023-03-26 16:01:26,False,0.4743,0.001444,27.7728,0.0401,0xa4...dd96,https://bscscan.com/tx/0x2235f57969002dfc49da572e9f6d94f36a2b0a80b49386fb477f1375d4facae9
2023-03-26 16:00:11,True,0.4762,0.001451,628.959,0.9131,0x70...8487,https://bscscan.com/tx/0x5579924e0341e12730772dc0425c97066cf032e40dd63de2cd4643548d2e7716
2023-03-26 15:58:41,False,0.4714,0.001444,4.78425,0.0069,0x07...221f,https://bscscan.com/tx/0x17e27d30aec8a209ee325be8e5a611b1d6c9720ade536880d6fba8164ab0c161
2023-03-26 15:56:56,False,0.4738,0.001444,23.3262,0.0337,0xe9...891f,https://bscscan.com/tx/0xb90e8660fa3d5f6d5db122d77aff49494e44a16eb1afb4399a0a0937c51a2365
2023-03-26 15:48:14,False,0.4713,0.001444,132.962,0.192,0x8b...d720,https://bscscan.com/tx/0x562f27510a796248c1af71bc805f4b08342c4977163248e6203505594efaf798
2023-03-26 15:47:17,True,0.4736,0.001451,59.7584,0.0867,0x2c...c9c5,https://bscscan.com/tx/0x8e9aa6d538d2c710a7f08a31b33ec926b04f70166e0bfcfaae9e15d175c6968b
2023-03-26 15:44:11,True,0.4759,0.001451,629.964,0.9145,0x70...8487,https://bscscan.com/tx/0x48868437b3565585bd985d1482c616d071034f10a6fdf76aa9f5267332c6f150
2023-03-26 15:44:08,False,0.4733,0.001443,850.0,1.22722,0xa4...6d51,https://bscscan.com/tx/0x96131e36a97bfdf4f665c28f1c9e0caab601fce9cf49f9c472258932462429a8
2023-03-26 15:38:56,True,0.4757,0.001452,9.3709,0.0136,0xde...367a,https://bscscan.com/tx/0x30a2afe713331d249511f2fa99a14b04b4c937ce6dcffc6b6e5f429dd964f139
2023-03-26 15:35:21,True,0.4755,0.001452,116.014,0.1685,0xa4...f0c2,https://bscscan.com/tx/0x2dd979d8137e417da238db99905d7f17f17325b420185962a294dede924a5936
2023-03-26 15:29:19,False,0.4729,0.001444,132.2,0.1909,0x4c...a7ed,https://bscscan.com/tx/0xc236bb7f73bddc1bc654da82aaf5a0ccb489a34f2e8b815811b781e8719eb86a
2023-03-26 15:29:16,False,0.4727,0.001443,5.02989,0.0072,0x93...1532,https://bscscan.com/tx/0x18732a8e3376fc8de5f85b193ee254839380dd4fdcb37415fa0a4d7f78a7f317
2023-03-26 15:29:10,True,0.4753,0.001451,630.742,0.9156,0x70...8487,https://bscscan.com/tx/0xe32c24016fbe02cd0f8ecfa654fd0065f9292a34abc6a42b0b7a48362f8475ab
2023-03-26 15:26:49,True,0.4729,0.001451,68.8833,0.1,0x74...c182,https://bscscan.com/tx/0x58778635705dc9d2d04527e9214037c41fd9955500181f48b1c7f9c337c90a2b
2023-03-26 15:23:22,False,0.4728,0.001444,1061.93,1.534,0xcd...aa3f,https://bscscan.com/tx/0xb818adcd707ca1485da0195ef2391899afb224d9ea9a7f246a8938361eeeb58a
2023-03-26 15:21:46,True,0.4727,0.001451,220.215,0.3197,0xa7...08aa,https://bscscan.com/tx/0x5a26c0c3cd41e8914022ae9d2f15b603949e98bc151bb8533875a1ea05572f27
2023-03-26 15:20:10,True,0.4753,0.001452,116.012,0.1685,0x88...2c0e,https://bscscan.com/tx/0x8cd538dc10bfe32d2568770b234a39f4bb49e2a4e538a8d580278dac12194a3b
2023-03-26 15:18:55,True,0.4727,0.001451,20.0,0.029,0xde...d365,https://bscscan.com/tx/0xa1e73bc69fa48275dcaf8ae43a5ad154073bd8e483c52d92c7d6f8c3ca6cac13
2023-03-26 15:14:52,False,0.4726,0.001444,50.0,0.0722,0xdc...b42b,https://bscscan.com/tx/0x972e6f757e6ae260c2e16b6c6b5092421ce1e25fadfd2aeb4b9ffb84c598bc33
2023-03-26 15:14:10,True,0.475,0.001451,630.705,0.9156,0x70...8487,https://bscscan.com/tx/0x10f91bb294ded38759ed8531b432e73dec2069189ad330c1edec0b12e3f7537b
2023-03-26 15:14:07,False,0.4726,0.001444,823.913,1.19017,0x5f...b83d,https://bscscan.com/tx/0xb2f9d55b9794a2b4de74c76ed4120cf444d1b2e8d8e9a8b3af8d67022a1a7132
2023-03-26 15:11:40,True,0.4752,0.001452,116.011,0.1685,0xb2...7c6f,https://bscscan.com/tx/0xa4764206f8fe73d02d6100395bfe24475f67528c173dbc84e761769a4129da85
2023-03-26 15:09:28,True,0.4725,0.001451,34.4826,0.05,0x8c...07b4,https://bscscan.com/tx/0x4cb59d7769ee5f39e6b3bb06ef1771e7b15e64f27b221b3afde6fb23bc2ff2e0
2023-03-26 15:08:22,False,0.4725,0.001444,38.8487,0.0561,0xab...9ef8,https://bscscan.com/tx/0x6354bebbde00962d4e32345a800984567a6479329536fb728eb74767c61191d5
2023-03-26 15:07:01,True,0.4751,0.001451,1420.1,2.06162,0x82...2196,https://bscscan.com/tx/0xd8d9210b3814cba802d3c26fc251c94e642367cefae1a094945d32fb267cf768
2023-03-26 15:05:43,True,0.475,0.001451,856.6,1.24345,0xca...34d7,https://bscscan.com/tx/0xbe8cb41b80b71005fd4d228031449df211eef4de7891560914cadd4210d223c3
2023-03-26 15:05:37,True,0.4726,0.001451,1455.8,2.11306,0xe3...d2ff,https://bscscan.com/tx/0x3fca36b326e005f5b31eb262fa71c74c1f9464f39fe91beb5a9d103ef80003a8
2023-03-26 15:02:37,True,0.4749,0.001451,400.0,0.5805,0x76...31b3,https://bscscan.com/tx/0x14611e393e9b56f612ebff239e1e9c3de6780dabb845dc9af1f1f101e59dd897
2023-03-26 15:00:10,True,0.4725,0.001451,315.605,0.458,0x76...31b3,https://bscscan.com/tx/0xfba2302aa4d6cbbb33b5f9afb8e3cc4411ba148c9412dbfdcb8def5fd35721ea
2023-03-26 14:58:16,False,0.4722,0.001443,40.2239,0.058,0xc3...8c05,https://bscscan.com/tx/0xcdb44638f7c486fd8d99ef0d916fe81870dbcb3e0c3bf99848e027f7c531809e
2023-03-26 14:58:13,False,0.4724,0.001444,206.0,0.2974,0x8f...fb20,https://bscscan.com/tx/0x4ef16ef68f5774a688889b2e1e3dc5119d1f4fbb9a58b915959519e93920d543
2023-03-26 14:58:13,True,0.4748,0.001451,631.139,0.9159,0x70...8487,https://bscscan.com/tx/0x692ccea0cffab8b8f546a617e71d544271eda40167cc78b7e1a4ecd4a2761e49
2023-03-26 14:54:46,True,0.4724,0.001451,990.629,1.43762,0x71...5cae,https://bscscan.com/tx/0x21ff0839ff37a1997d3e5083c9ccdd9d8109d9bccd95b059da91d6a7c0a29260
2023-03-26 14:54:46,False,0.47,0.001443,29.6147,0.0427,0x0b...cf46,https://bscscan.com/tx/0xd42d9fe76a3229224405ab8a80299dd8e45611f41d188382e45fb3a2f1e89415
2023-03-26 14:54:34,False,0.4724,0.001443,435.684,0.6291,0x89...7a42,https://bscscan.com/tx/0xa0477b886f444e9f1e5140d5ce2026a6ccc4ec2422e32d49f937aafef93cf6ad
2023-03-26 14:54:10,True,0.4752,0.001451,116.061,0.1685,0xbb...1bde,https://bscscan.com/tx/0xb1b2fa784e6ce20e469f75c84e5430f569872d4c18e0a96b6c156f26fbdca390
2023-03-26 14:47:10,False,0.4704,0.001444,545.641,0.7879,0x7f...cdd7,https://bscscan.com/tx/0x0288408f153c7ad1f6185b007dca03816dc2369a7751550945fe54b931a56309
2023-03-26 14:47:07,True,0.475,0.00145,7438.58,10.7922,0xfc...535e,https://bscscan.com/tx/0xe89e96e5dd561caa235653933b0e3aebf0ec2ce8d66550922407d1a8278a6963
2023-03-26 14:42:10,True,0.4728,0.00145,631.013,0.9152,0x70...8487,https://bscscan.com/tx/0x4da5718abaec72e990510ede0d0f66f6a14bf90486a7e9f3298f36932d7cd1d2
2023-03-26 14:37:16,True,0.4728,0.00145,415.473,0.6025,0x35...aca7,https://bscscan.com/tx/0xcbd0579f0defe16ccb828bd4cdf65d36e613252de7ffd80844d30099f7484423
2023-03-26 14:27:10,True,0.4729,0.00145,631.033,0.9151,0x70...8487,https://bscscan.com/tx/0x58be441a5e88f7eb7620d5ee3cb1acc4d59ec401012142fbfeb340e23f44edb4
2023-03-26 14:24:31,True,0.4753,0.00145,1034.36,1.5,0xc4...74b8,https://bscscan.com/tx/0x182ead48d7ea87a89c0df65532b56eed0c1ad0b43f118cca1179dfd1470c38d4
2023-03-26 14:23:46,True,0.4752,0.00145,192.161,0.2786,0xbc...6a41,https://bscscan.com/tx/0x068e67d5cd9ec87eb2957ed76f1045eb9d55f53e74dc9ece6ab46ae08b1a8260
2023-03-26 14:11:11,True,0.4751,0.00145,630.686,0.9145,0x70...8487,https://bscscan.com/tx/0x07078e59d9c80ef3ed4216b4a822e8df085b6999cf426e1834c0ec8c3ff345a4
2023-03-26 14:10:50,False,0.4704,0.001442,34.5199,0.0498,0xc0...da74,https://bscscan.com/tx/0xd1c9d89583cbeae50ea763ef490542679ea161091465fe536e452aa6cbdc572d
2023-03-26 14:06:44,False,0.4704,0.001442,53.0,0.0764,0xaf...58ca,https://bscscan.com/tx/0x41f561354339d6ab33dfd11fcdcc542901200bc6cac3709511578bcd1d9cec68
2023-03-26 14:05:41,True,0.475,0.00145,66.3144,0.0961,0x2c...c9c5,https://bscscan.com/tx/0x63fdddb66a1a090725abd03e401d02c38b69e0bc8eed32a6f9e6764dc5eee768
2023-03-26 14:03:02,True,0.4748,0.00145,67.2834,0.0975,0x9c...ca11,https://bscscan.com/tx/0x2cb3b99b249e4769dd5a53d184f3548438b62abb799bfe0b03f252e3e0cabadc
2023-03-26 14:00:38,False,0.4701,0.001442,22.892,0.033,0x8a...f656,https://bscscan.com/tx/0x4bc9c6bb718c822d8a38c391ff5987872e032e47706bb068df6c7b443a752104
2023-03-26 13:56:11,True,0.4715,0.00145,631.712,0.9159,0x70...8487,https://bscscan.com/tx/0x61faefbe1bb77408d54ac41a649dd3db5306c84034304bc25c45eaff42c5fcf3
2023-03-26 13:54:41,True,0.4737,0.001449,36.2568,0.0525,0x2b...b6cc,https://bscscan.com/tx/0xec7e45c00f82f98c73bc08807ee709471e5528abfd963b2744caf2ee8c560a13
2023-03-26 13:46:20,True,0.4715,0.001449,295.0,0.4277,0xc2...a328,https://bscscan.com/tx/0x8e77729f709e715561f7547f2b36ea57b8ef0a7f1c17a22fc3974ba003f3b429
2023-03-26 13:44:56,False,0.4695,0.001442,976.3,1.40852,0x00...78d2,https://bscscan.com/tx/0x267d14bce4343ecc912ae4685a95c36027648da85f81a4ed0b1073b428865872
2023-03-26 13:40:11,True,0.4744,0.00145,632.498,0.9171,0x70...8487,https://bscscan.com/tx/0x2ed1eda9a9da0e3b3ca773df793fcc810d8edeaf9d88f1f3063242cdb5d6ca87
2023-03-26 13:38:26,False,0.4721,0.001442,2556.3,3.68834,0x00...78d2,https://bscscan.com/tx/0x7554a069c5576966e059bc7e15e55d343276a51672e14c8d3ce7e35abc9bd9df
2023-03-26 13:38:23,False,0.4722,0.001443,2555.52,3.68794,0x00...78d2,https://bscscan.com/tx/0xae6f247450a10d0db86ea60f39e5b53da8bfd8211b367b164fddff8dfa2b7b87
2023-03-26 13:34:00,False,0.4722,0.001443,2413.36,3.48347,0x00...78d2,https://bscscan.com/tx/0x507c7128a504b49a128225f5b8366f06a96a5126c8fe3b6eeea00f8b278261a5
2023-03-26 13:33:51,False,0.4723,0.001443,2550.87,3.68266,0x00...78d2,https://bscscan.com/tx/0x0ed27ac380e3b723b8e34896a2bda1e34a01ebdcc54c5ef7faf77c52259ead1a
2023-03-26 13:26:11,False,0.4724,0.001443,2.76228,0.0039,0xae...f4ee,https://bscscan.com/tx/0x7fdcf178f00f29e0e88e7ee3a234cb0fe1c01add704544f91dd637eb6a2517fe
2023-03-26 13:24:11,True,0.4724,0.001451,632.049,0.9171,0x70...8487,https://bscscan.com/tx/0xffd9c10df803823cd6b957952832d8a70a83d7da07b888d01d8d40a34b9de859
2023-03-26 13:08:14,True,0.4743,0.001451,632.08,0.9171,0x70...8487,https://bscscan.com/tx/0x1b91f7439fb9aa654017f8549022260c0b6fd25a75d775dcd4ae8e3f4c75edd3
2023-03-26 13:07:02,False,0.4694,0.001443,73.952,0.1067,0x04...9055,https://bscscan.com/tx/0x59ddc760aaf45cfad7996bb65946d5823bd73afc332ab18cd1a2554621378e60
2023-03-26 12:54:53,False,0.4717,0.001443,110.0,0.1588,0x67...3305,https://bscscan.com/tx/0xe9b19ace41d45e890e786eadad2739d9def51f23a39ae0ca59f761467bc47d9f
2023-03-26 12:54:38,True,0.4741,0.00145,210.578,0.3055,0x67...3305,https://bscscan.com/tx/0x8d5d9ec545c13784fa184e71522e4bc0365b865c69ab2d211747d553e3378778
2023-03-26 12:53:20,True,0.4739,0.00145,631.729,0.9165,0x70...8487,https://bscscan.com/tx/0x95d50f068ee92e160da24189fab180edb6ffe76f0e6225b0d88a0f30ea9358c2
2023-03-26 12:45:11,False,0.4717,0.001443,286.441,0.4135,0x15...f1d8,https://bscscan.com/tx/0x43aa768501679af18a249ec67c22989d8e9ddf29c4e84f6ee5f1772db5b314c2
2023-03-26 12:37:11,True,0.4741,0.00145,632.235,0.9172,0x70...8487,https://bscscan.com/tx/0x3fbeaa844a4601771860ea9d4a23f9cd1e56fd06d3ccd6fabad01b235b67e842
2023-03-26 12:35:47,False,0.4693,0.001443,21.0,0.0303,0x38...cbbd,https://bscscan.com/tx/0xd6bfd6be18629724c90eff36a4a4aeceeb4839b5ff0948767506e30413d49949
2023-03-26 12:21:20,True,0.4715,0.00145,632.476,0.9175,0x70...8487,https://bscscan.com/tx/0x6892a8820c5ccefef956d5b051ede4bf5b12c51dc5e34c1c9af574b8df69255c
2023-03-26 12:19:17,True,0.4737,0.00145,1.0,0.0014,0x60...7f32,https://bscscan.com/tx/0x4e671ea01ff3ee674022923f89bfc9a5c7e0d0641e2004a488ee2794be5fd185
2023-03-26 12:16:47,False,0.4712,0.001443,24.3096,0.035,0x3d...3d57,https://bscscan.com/tx/0xd190652d18ff07ef240075d1d2f1ed3da60c700db6cfea4f7cc3437916de6b80
2023-03-26 12:14:59,False,0.469,0.001443,85.594,0.1235,0xb6...395f,https://bscscan.com/tx/0xed1158be91754edad29837b2d18c6c9fc50c169276d51d49b8f6cee901afe9aa
2023-03-26 12:14:38,False,0.469,0.001443,178.0,0.2569,0x22...5308,https://bscscan.com/tx/0x43c4a87975bb9ecee46b7e170991b6e80c383e9f8b3f14c7e92bc8d7099ed314
2023-03-26 12:13:20,True,0.4737,0.00145,116.932,0.1696,0x60...7f32,https://bscscan.com/tx/0x5107b8201a585d9357a924d01600071a439a0d27d62297f7fd7adc115fe36381
2023-03-26 12:12:26,False,0.469,0.001443,3.09117,0.0044,0xab...c85c,https://bscscan.com/tx/0xa3aa6233e50f1bb8a9e080da835cd511b477925ccee452e1d486e92a1bc591d5
2023-03-26 12:06:11,True,0.4736,0.00145,632.358,0.9173,0x70...8487,https://bscscan.com/tx/0xa644fb44ee9a59d177ebb09081a3a861a131f658db396f99c7e1178cafaeef35
2023-03-26 12:05:29,False,0.4689,0.001443,16.5813,0.0239,0x2e...9edc,https://bscscan.com/tx/0xd2740e70b70c9d5488f793431ddba46a8ba489c19ebba7b09296bd6647008c90
2023-03-26 12:04:41,True,0.4736,0.00145,35.2658,0.0511,0xd9...1a23,https://bscscan.com/tx/0x9bea0851cefa539a415e0cb3e9ecd76d9c9b09850c1bc28a8e407227d760eb4f
2023-03-26 11:58:50,False,0.4712,0.001443,41.9237,0.0605,0x86...d630,https://bscscan.com/tx/0x7a7f1cd67b8e7a5339a299c9514977ab045dde8ac5bc6d87a971685f79449318
2023-03-26 11:54:02,True,0.471,0.00145,9866.55,14.3079,0xda...5a45,https://bscscan.com/tx/0xaa1eba3dcdea12b3b58eb5658198bf05c5486326f724866a7893e3823833fc98
2023-03-26 11:52:23,True,0.4707,0.001449,231.851,0.336,0x06...605c,https://bscscan.com/tx/0xb554c6975c895475e8ee319b6180fb7e21647a1146f5579807b985d84a87a846
2023-03-26 11:50:20,True,0.4731,0.001449,633.529,0.9183,0x70...8487,https://bscscan.com/tx/0x9c9fe57548a83a880b88f90e29a6c730e6ad36b81a90e579c643468957297afa
2023-03-26 11:47:47,False,0.4683,0.001442,62.2689,0.0898,0xf0...383d,https://bscscan.com/tx/0x8abd23286f2c68368a88a3166980f84600f37a9b4f22b1ae05401a1c6db63da8
2023-03-26 11:37:59,True,0.4733,0.001449,1093.55,1.58503,0x35...aca7,https://bscscan.com/tx/0xd5329cbf239050285e1bb15223f73080aecabfac89aef27b92d64945031e6407
2023-03-26 11:35:20,False,0.4709,0.001442,200.0,0.2884,0x73...4ee9,https://bscscan.com/tx/0x4c60eb21667ad0493f5db3bcb1162a05944617522a416ab2c2e818af17dc5988
2023-03-26 11:34:35,False,0.4685,0.001442,48.8767,0.0704,0xb8...e12b,https://bscscan.com/tx/0x84549b160f0d8cc043e4466890f86d394f415bd3b759346dffbce9cf3376546d
2023-03-26 11:34:11,True,0.4709,0.001449,633.392,0.918,0x70...8487,https://bscscan.com/tx/0x544fdf89159d1bb59b8269b1285d8993b655f493e84839e2477c4440f33699dc
2023-03-26 11:32:17,False,0.4685,0.001442,47.9868,0.0692,0xea...a0b2,https://bscscan.com/tx/0xa9f024e6d1a627ed8428f47b865ff231c19cf560e6cb00d0e006c30f5edf280b
2023-03-26 11:30:23,True,0.471,0.00145,62.7101,0.0909,0x53...a975,https://bscscan.com/tx/0x58d1eb250fb7f480d8b4b0b16d31659816d483959357eecb2bc7bf212ce5d8c1
2023-03-26 11:30:11,False,0.4684,0.001442,634.0,0.9143,0xb3...7c96,https://bscscan.com/tx/0x123834ca7e4f07649729b2d4da2e3112ca057d88b569c7fded987275e3f501ef
2023-03-26 11:27:14,False,0.4707,0.001442,77.8012,0.1122,0x36...de4b,https://bscscan.com/tx/0x74cfd6ecd8e82c9a9a95bfb6a801c17f714b08cd121a027e24e9eb5bb21f3859
2023-03-26 11:27:08,True,0.473,0.001449,80.0,0.1159,0x09...b25e,https://bscscan.com/tx/0xd06d9806ec82957c55dfe39f54d331f5f6d8869883fbb5a64111eec16ef9d548
2023-03-26 11:24:11,False,0.4706,0.001442,720.309,1.03883,0xe6...d8b3,https://bscscan.com/tx/0x4f76d59003976147fd265de6cebf35357a2c45a03b2c259c63bd3062650129f3
2023-03-26 11:19:17,True,0.473,0.001449,632.938,0.9174,0x70...8487,https://bscscan.com/tx/0x3e5f4b10f731c47fd97a4bd828fd0b5a32fee0228305958c99fecada42bf6fa7
2023-03-26 11:06:18,False,0.4681,0.001442,45.22,0.0652,0x3b...d5bd,https://bscscan.com/tx/0x22280215afd822f04eb24c61113e3800749b86f96bf216552eacecfc910f67bd
2023-03-26 11:05:33,True,0.473,0.00145,92.2804,0.1338,0x7c...014d,https://bscscan.com/tx/0x65cde41c7afe90cab004e3d7424b5a3be0cf0803f1e5fb99fa6f19ae0032f550
2023-03-26 11:04:18,True,0.4704,0.001449,633.345,0.9179,0x70...8487,https://bscscan.com/tx/0x8cb846096a93b400c4df9a2ef726ecda9ac4f726179ae1cb530e9050fe9b2106
2023-03-26 10:57:15,False,0.4705,0.001442,24.3375,0.0351,0x01...b7e7,https://bscscan.com/tx/0xa36082bd1d778136db09e8419d26a026b9fcde79b002ee6911f48782630e53ed
2023-03-26 10:49:12,True,0.473,0.001449,633.871,0.9186,0x70...8487,https://bscscan.com/tx/0x7af62afe750eb5f4bd28a8e5a159c0e48af9c8c2255d7458544ebbae0c7fede7
2023-03-26 10:42:51,False,0.4682,0.001442,7.47242,0.0107,0xfa...537b,https://bscscan.com/tx/0xc28a5e396033da6378fecfd9be2fc80239706b6c4f546822adde124ca9ba95b8
2023-03-26 10:40:24,False,0.4699,0.001442,2255.44,3.25268,0x16...4027,https://bscscan.com/tx/0xe3663b1370803a68660f00475e71152c6d689b937c20dbe49d94d1057da21520
2023-03-26 10:39:48,True,0.4695,0.00145,95.6913,0.1387,0x64...3a6c,https://bscscan.com/tx/0x20d8f17c5f000b122194570bf3175426437b9214c8123ef18daa964bf8d4efe7
2023-03-26 10:39:18,False,0.4691,0.001442,1495.72,2.15735,0x00...78d2,https://bscscan.com/tx/0x598139e71d7f49e8e12a7d753e727444f0cc14b339af1c443b92fdeffece684c
2023-03-26 10:39:09,False,0.4664,0.001442,2566.45,3.7023,0x38...5bf8,https://bscscan.com/tx/0x563b77fa6ba509bdcd197643b9ac3351b373c0b3afd8e33d7b5106ac10fc5ab4
2023-03-26 10:36:03,False,0.4664,0.001442,40.46,0.0583,0x67...3305,https://bscscan.com/tx/0x63b63e51673e4503250732ef9fcf076cff9fa8fb5dc20cfd7d21a735a28fa974
2023-03-26 10:33:18,True,0.4687,0.001449,636.25,0.9225,0x70...8487,https://bscscan.com/tx/0x5270b23a90e64366dc9007868645bb495927c770ea8dc018c7cfefbb6977378a
2023-03-26 10:17:12,True,0.4704,0.001449,635.619,0.9215,0x70...8487,https://bscscan.com/tx/0x1d7acb0870bd58d4e92600919aca280cdd7a1c6aae058e0118bef1bc72ae492b
2023-03-26 10:11:36,False,0.465,0.001442,2087.8,3.01207,0x00...78d2,https://bscscan.com/tx/0xb948c7fafc1cc655c907cb080cbeee9e866b06a02e3cf26e4b4f1155fee06bb2
2023-03-26 10:09:48,False,0.4675,0.001442,139.0,0.2005,0x14...15b7,https://bscscan.com/tx/0x930e9a7c618f9e5f1cf1fb68576a7465d557aa658cc27aa7b4a457c2f6c6f363
2023-03-26 10:08:54,False,0.4675,0.001442,57.2234,0.0825,0x64...c781,https://bscscan.com/tx/0x4542be50516cd1ebfa2ac1754bf40c34f61235d339ba0db6077ab6b8387ce89d
2023-03-26 10:04:06,False,0.4657,0.001442,62.2993,0.0898,0xa9...dab1,https://bscscan.com/tx/0xa5199eb9c6519a352a091ba8fa322e8eb4eec8b11f79d4fffac38fe24fbc7071
2023-03-26 10:02:15,True,0.4705,0.00145,252.658,0.3663,0x3f...66aa,https://bscscan.com/tx/0x501d57ed460b85f0a3225bf7a4115b050ca927fa6c3798449d37b4a723e742e2
2023-03-26 10:02:12,True,0.4705,0.00145,57.3375,0.0831,0x91...2bbe,https://bscscan.com/tx/0x8244b33a7859ab3d9eb6b65d2816d2adddff0814f20b9a472e6a1678cc809ea5
2023-03-26 10:01:18,True,0.4702,0.00145,637.23,0.924,0x70...8487,https://bscscan.com/tx/0x006658e835ffb1ee04c6c99cca36fa3080c938552adaad19b6a1e0f40c6f84aa
2023-03-26 10:00:52,False,0.4658,0.001442,59.5801,0.0859,0x38...86a6,https://bscscan.com/tx/0xd12b1dcfd9e371b5dfd8ffc452dc083a5686d3bb9a94df182dd8263ebe1e98ef
2023-03-26 10:00:19,True,0.4707,0.00145,357.948,0.519,0x1f...5747,https://bscscan.com/tx/0xce7ab9a8a29314945f66915733ba11e50cf92994f8408a994d1293436db78728
2023-03-26 09:46:10,True,0.4701,0.001449,636.758,0.9232,0x70...8487,https://bscscan.com/tx/0xd15cb373323ce7a140650f0e532fd960b53fe1865a2820b99add0a3ee8b39e86
2023-03-26 09:45:16,False,0.4677,0.001442,710.0,1.0243,0xeb...0060,https://bscscan.com/tx/0x08d794b0c937ac68d28f8832eaf1cc814a00671fc657f1bc2ac080ebe7ddef0b
2023-03-26 09:37:07,False,0.4678,0.001442,1.0,0.0014,0x1a...d4bc,https://bscscan.com/tx/0xf25ffc56301457e5d506162e382ee8168289527face32d72c922238f825f6982
2023-03-26 09:33:25,True,0.4676,0.00145,1.0,0.0014,0x95...c3fb,https://bscscan.com/tx/0xab0d3b32739f31984ccb105f28e2ffbd07845b96e385f521718aaf94ad67ced2
2023-03-26 09:30:12,True,0.4699,0.001449,636.608,0.923,0x70...8487,https://bscscan.com/tx/0xf37b477288205a343e6e0c17ec797000e820ae0bfe6fd3a5e8564b80f4a38752
2023-03-26 09:29:30,False,0.4675,0.001442,16.3712,0.0236,0xc6...f810,https://bscscan.com/tx/0x841e9e56f3a209feb92897638491548c107b974a96ef9a08b3fa2285b6ff6e64
2023-03-26 09:28:27,False,0.465,0.001442,2571.95,3.71078,0x00...78d2,https://bscscan.com/tx/0x019dfc510e50fbd6a98832b6054ec3db63583d76913c6308991655fb26423ecd
2023-03-26 09:28:18,False,0.4651,0.001443,2571.95,3.71153,0x05...7eea,https://bscscan.com/tx/0x32949799d845904f17a688393c1eec19a32747c45f1debf2a9f1955f5b783feb
2023-03-26 09:27:09,False,0.4654,0.001443,52.23,0.0753,0x1d...304a,https://bscscan.com/tx/0x616d2128b2a8fc6fa6360c8a7eacf96eff436b6b7179e2913897047f3083239e
2023-03-26 09:23:03,False,0.4653,0.001443,9.13006,0.0131,0xfa...3d1e,https://bscscan.com/tx/0xf59e8c29a3007a9943a40b8e24eaaef49d09bac95fb5594c25be5d97e4fffba2
2023-03-26 09:21:01,False,0.4676,0.001443,52.224,0.0753,0xd7...92b0,https://bscscan.com/tx/0x4310ed7a565b4e0950ca14e04e495d15a02b6949b24aafb70a3d6cb070ded787
2023-03-26 09:15:12,True,0.4681,0.00145,637.387,0.9244,0x70...8487,https://bscscan.com/tx/0x4d0bfb9bd82266ab6505d9a750bcccedead6f6dc6024a04a9611034b6b1c9080
2023-03-26 09:04:01,False,0.4656,0.001443,10.6668,0.0153,0x6e...2f29,https://bscscan.com/tx/0xe68a10c378b033acfe1bb9ec244a9decd88cbbabefc9b82d22b65f50ff9e43de
2023-03-26 09:03:55,True,0.4679,0.00145,1413.47,2.05,0xeb...0060,https://bscscan.com/tx/0x7e0dad28960de817f0e664e04625474f7b435f2478a255675b1d870d58444a58
2023-03-26 08:59:16,True,0.4702,0.00145,637.419,0.9243,0x70...8487,https://bscscan.com/tx/0xa7ac7a3396b5062449b1d8555662416b923bf0a599cfd7097de12c50fbfee1e9
2023-03-26 08:44:10,True,0.4678,0.00145,637.33,0.9242,0x70...8487,https://bscscan.com/tx/0xa90cda01c9f18a6b91c40ebe7002b226010ee2c3137a8cdbc835ae55c165fcfe
2023-03-26 08:37:10,False,0.468,0.001443,7320.0,10.5648,0x83...6678,https://bscscan.com/tx/0x0414dbf3782d9a7a5aa184cd3620156fe7b1fa7faf562bb53a707db2655f281b
2023-03-26 08:37:10,False,0.4683,0.001444,6938.72,10.0201,0xb0...a41e,https://bscscan.com/tx/0x15c579e58103c6d0797a7a9ce6ccb760c0965eb4959586ff0a91b75f8ad8b160
2023-03-26 08:37:07,False,0.4684,0.001444,1172.64,1.69393,0x00...78d2,https://bscscan.com/tx/0x67b7f6452378d941a93b3f660c3e4131269641761275ff72cad8e1cac183bc4a
2023-03-26 08:36:52,True,0.4708,0.001451,127.44,0.185,0xda...479e,https://bscscan.com/tx/0x484644d1add7b05d1f061e6358cfacc2b5f41b3cf96a8446d1ad0fe1357e2ae3
2023-03-26 08:36:37,False,0.4661,0.001444,2572.74,3.71693,0x00...78d2,https://bscscan.com/tx/0xe5622552df80c742d96e82e90bb7688e4ab877966a6a5ba479c3e4c1cdb16f2d
2023-03-26 08:36:34,False,0.4686,0.001445,2572.74,3.71767,0x00...78d2,https://bscscan.com/tx/0x0779ab37f1807b25ff6db9b3a1e7b9cb31c57b0604d0721e2d3f670ce7949ea0
2023-03-26 08:28:10,True,0.4686,0.001452,636.699,0.9247,0x70...8487,https://bscscan.com/tx/0xc735ef88f483e0a148a0859bc1bf051abd7985f6daf12857ebe199da173a946b
2023-03-26 08:23:10,False,0.4664,0.001445,9440.0,13.6467,0x83...6678,https://bscscan.com/tx/0x3069e11ea738380a7c227d18e248ab6141379fdce9cf2f8355903c9efe3d5033
2023-03-26 08:23:10,False,0.4666,0.001446,2771.86,4.00899,0xb0...a41e,https://bscscan.com/tx/0x498cc796e757e8a142d97e0f619db7e3eca66b8e245303889343592ded0839f8
2023-03-26 08:23:04,True,0.469,0.001453,296.955,0.4316,0xc6...a958,https://bscscan.com/tx/0xd450d9a5b1523bffb8bfc6e9b50e1daaffb46e1c77d2d67e41de0c5cc3301747
2023-03-26 08:20:10,False,0.4669,0.001447,13846.5,20.039,0xb0...a41e,https://bscscan.com/tx/0xdc8d6f96cb7d8091b9f33e22e41e00e0e8df23e598fcff57b91bc366706fbb3d
2023-03-26 08:19:52,False,0.4697,0.001448,9440.0,13.6743,0x83...6678,https://bscscan.com/tx/0xfc09e3c97bf0d7fa7ebdca89fcab45dbe5d0a9a0860413b1eff7972c9b28146d
2023-03-26 08:19:34,False,0.4699,0.001449,1038.8,1.50537,0xb0...ff7c,https://bscscan.com/tx/0x11d1426c148c301046fbd61adf88463b8e23224a07e9d7c744108f41bc144a54
2023-03-26 08:19:31,False,0.4701,0.001449,6184.3,8.96443,0xd8...bcda,https://bscscan.com/tx/0x3465798ea75ff85aa1569aec572a6e0f714fdbf99db9f3972714568e0de9a51f
2023-03-26 08:19:31,False,0.4704,0.00145,9440.0,13.6921,0x83...6678,https://bscscan.com/tx/0x46973e894684bd1dcad721e042f5d6944349e6e2c8d46a217f38cea6c011a5ed
2023-03-26 08:19:31,False,0.4708,0.001451,13852.1,20.1098,0xb0...a41e,https://bscscan.com/tx/0x16fc733b3d911b25cfba18977ef3f60a051e6bbcfe4725dec9b219efd2e6ef41
2023-03-26 08:19:31,False,0.4711,0.001452,1205.64,1.75132,0x00...78d2,https://bscscan.com/tx/0x76d493233962f550bbc98885a4d3aac9f3183e5c555a12640ec53571ec59917e
2023-03-26 08:17:49,False,0.4688,0.001452,212.88,0.3092,0xdd...0065,https://bscscan.com/tx/0x6eef42aaf539664e79940c12fad44a6301d8c278ea24d96f969d0b7e9981e846
2023-03-26 08:16:04,False,0.4687,0.001452,14.3018,0.0207,0x43...a0db,https://bscscan.com/tx/0x00988c60eeede878dc123e669281f32acc536cab8393bda5a4e5dd2459d9d0a4
2023-03-26 08:15:55,False,0.4687,0.001452,37.9708,0.0551,0xca...3bca,https://bscscan.com/tx/0x95793ce175798e477f21cdcd7864ed9fd269f60cc38d2c90bb3d5bf46118fbde
2023-03-26 08:15:34,False,0.4711,0.001452,74.958,0.1088,0x1c...df7f,https://bscscan.com/tx/0x21e8f8c0b3578fd5071f43995406cff01fbb67cff5b2ea12839773f4b8ee1f2b
2023-03-26 08:15:22,False,0.4711,0.001452,2556.3,3.71396,0x00...78d2,https://bscscan.com/tx/0xb87695462a36e6852687ff2711b3c7a31345cfd094323f8cfc4d942fd0250c36
2023-03-26 08:15:19,False,0.4712,0.001453,2556.3,3.71471,0x00...78d2,https://bscscan.com/tx/0x2dfbb012295032050fdf0bf4b7b7428b2177beb515f332bceafdff6fcaef4e1b
2023-03-26 08:12:10,True,0.4713,0.00146,633.017,0.9245,0x70...8487,https://bscscan.com/tx/0x520f5a2cca9ae7c0c1dc74bca49acc8525d17310b74242546c348cde137c1c83
2023-03-26 08:06:40,False,0.4715,0.001453,260.0,0.3778,0x2e...a4ce,https://bscscan.com/tx/0xd6dfee183e184d8c78abdc642600ce580294406bf53ad0ed310982ea9eda74fa
2023-03-26 08:05:55,True,0.4738,0.00146,105.711,0.1544,0x2e...a4ce,https://bscscan.com/tx/0x1c261225cbd07fdbc125017f595809fe06cbb658e64b36083f0c817ffc3a5a1d
2023-03-26 08:05:34,False,0.4692,0.001453,2555.51,3.71416,0x00...78d2,https://bscscan.com/tx/0x0f6abec7ff3b3141e0990503ce0cd74de5671abf3fb80c6fe5d9b8eaaecb72c7
2023-03-26 08:05:01,False,0.469,0.001453,2556.3,3.71605,0x00...78d2,https://bscscan.com/tx/0x752aaa3547dd203c20b6c3024ee00b6a8c299c66483838e2555363f42136ea86
2023-03-26 08:03:25,False,0.4693,0.001453,898.17,1.30583,0x16...17ea,https://bscscan.com/tx/0xf78a25a8c4c1f36884810ea959d03d0bec62dc5a5238b6b8a50931ff151d8f3e
2023-03-26 08:02:28,False,0.4717,0.001454,2555.51,3.71591,0x00...78d2,https://bscscan.com/tx/0xd9fc75720d3dfa90dcacf822034e179cc06cacac1e68281f7edadef3ae1cb73c
2023-03-26 08:02:25,False,0.4718,0.001454,2555.51,3.71666,0x00...78d2,https://bscscan.com/tx/0x8d7591e4d3b53caddc9120f940a4c1c109a797bed6916d628682fc94d6aa00f9
2023-03-26 08:00:58,False,0.4695,0.001454,1328.77,1.93281,0x00...78d2,https://bscscan.com/tx/0x5d0eec5a94b5c0f7dee6f37b83018e2d2967d199d4f70f76361167160f41a8b7
2023-03-26 08:00:52,False,0.4696,0.001454,2550.87,3.71103,0x00...78d2,https://bscscan.com/tx/0xa6d5b328a425b5b55ab0411d7d0abffdf62ed3b17c4987ddb5a0e86148d77768
2023-03-26 07:57:16,False,0.4697,0.001455,60.0,0.0873,0xea...eb34,https://bscscan.com/tx/0x490a48a85d819e826a0ddcc64e47224a5b0d7a0ac43ecf5fd8579a0677e67602
