datetime,buy_order,price_USD,price_native,amount_token,total_native,maker,etherscan_url
2023-03-29 08:54:34,False,0.4732,0.001494,21.2347,0.0317,0x02...f2c0,https://bscscan.com/tx/0x428b9ad7a342d29b46053cef48e7e551cff3c87f5ade60c92785cbf30bad50b7
2023-03-29 08:51:28,False,0.4709,0.001494,5.80491,0.0086,0x1e...8e0f,https://bscscan.com/tx/0x0d96263f6638728028b81ebddbf4bb53e4d2b19c85771563438d4e187dc7a93b
2023-03-29 08:49:43,False,0.4709,0.001494,19.1086,0.0285,0x02...f2c0,https://bscscan.com/tx/0x4a73099188f1a2ec28450fc61e064dfde0b106eaac80e7941bbb4099d6f11d8d
2023-03-29 08:48:19,False,0.4732,0.001494,46.7092,0.0697,0x02...f2c0,https://bscscan.com/tx/0x1038f973421a4ce4bd4d883dcede37607a1d3613bf73eea5d7565d7b785e8fef
2023-03-29 08:47:55,False,0.4732,0.001494,18.0,0.0268,0x02...f2c0,https://bscscan.com/tx/0x8c767c3857c0292f904c119cac850c0e6d709410edd414da3e1720303b792a86
2023-03-29 08:47:40,False,0.4733,0.001494,46.7107,0.0697,0x02...f2c0,https://bscscan.com/tx/0x8466a012f1d23a73a7b88b853b27fc7f2e22e26c5496b49626675f8dbfc1f9a5
2023-03-29 08:43:16,False,0.4709,0.001494,8.66718,0.0129,0x80...e52b,https://bscscan.com/tx/0x9dd71d07249f9959a073aa4dad21a864cab1b342bb35d549b9aa4f042c4322de
2023-03-29 08:42:49,False,0.4708,0.001494,50.0,0.0747,0x02...f2c0,https://bscscan.com/tx/0x091cf1d936bceae5dd49905a767b140f83cc5c4a0ab798414c6e4a9eab9222ee
2023-03-29 08:37:07,True,0.4756,0.001501,2331.14,3.5,0xf2...bfcf,https://bscscan.com/tx/0x5aa9ff55d5ab62c7e5d4be471d8f75f73c703b018cd5304778d663c9a43f5495
2023-03-29 08:37:07,True,0.4755,0.001501,2867.3,4.3041,0x00...78d2,https://bscscan.com/tx/0x4cce71fe671d40b66e92e84deb6d23b7e044be340e1de57c604415468f511e70
2023-03-29 08:37:01,False,0.4707,0.001493,50.0,0.0746,0x02...f2c0,https://bscscan.com/tx/0xa3e8a1fadce6ff5c97102bdbf545e07ba0b33824149e1bd59eb6e4ca550f5e66
2023-03-29 08:34:34,False,0.4707,0.001493,18.0,0.0268,0x02...f2c0,https://bscscan.com/tx/0x05da6ec4e6e0da306ab60077cbb255f122661a2b00a4fe4e36df35b1798d6922
2023-03-29 08:32:07,True,0.4752,0.0015,985.5,1.47911,0x05...7eea,https://bscscan.com/tx/0x0a156ad5556af50e92a20972a9e4248ff8060909a5e96cbf6663a3bad3bdd306
2023-03-29 08:29:10,True,0.4715,0.0015,411.2,0.6171,0x00...78d2,https://bscscan.com/tx/0x87993aa55079d743f03091019dc944a45dcab88f84d4c382f822dbf420bb149f
2023-03-29 08:28:37,True,0.4707,0.0015,2656.59,3.98651,0x05...7eea,https://bscscan.com/tx/0x1be04880210a7cff7d6a1b7976507a84598b039f8b0f83fa0bd53fc3457c7b5b
2023-03-29 08:28:37,True,0.4706,0.0015,3332.77,5.0,0x8d...1b76,https://bscscan.com/tx/0x98a7f3feea89873e3e012a7a61875ec3337d19d81a7d8bb97b54a39025dcde5f
2023-03-29 08:24:07,False,0.4691,0.001492,100.0,0.1492,0x02...f2c0,https://bscscan.com/tx/0x804db4ec94c97be7798a8276ed680b25fd7edce9bfb8bcc63a17b1094695a83f
2023-03-29 08:22:49,False,0.4665,0.001492,22.0,0.0328,0x02...f2c0,https://bscscan.com/tx/0x0e1f8616860adab50293006159e1b12d7ac437751ebb6ac3500d0105ced3eb20
2023-03-29 08:19:31,True,0.4706,0.0015,161.695,0.2425,0xeb...ec78,https://bscscan.com/tx/0xf6edeefe5f4a08055ee26ee5097d8328721f5043745dff8ce705e9d504cd40a3
2023-03-29 08:15:28,False,0.4656,0.001492,7.483,0.0111,0x07...0daa,https://bscscan.com/tx/0x8edff692c9d9547c3ecb19f26e39fa15aa8bd2d2737f3e54d0d07240f9390d25
2023-03-29 08:15:10,False,0.468,0.001492,10.0,0.0149,0x02...f2c0,https://bscscan.com/tx/0x0e9ee06761bc42fc5e583d2b019ece15299df4bf2582bf324fd7364b15aeb53a
2023-03-29 08:14:43,False,0.468,0.001492,47.125,0.0703,0x02...f2c0,https://bscscan.com/tx/0x12e9ecb7726379bc65abdd67f47c08b050f6b3197e9bba6507d8539e822ddf62
2023-03-29 08:10:34,False,0.4687,0.001492,69.798,0.1041,0x3d...229a,https://bscscan.com/tx/0x72ea92134bbab45091591d1dcb70ed76e6f975df959deda36c3568c5d126aee3
2023-03-29 08:08:07,True,0.471,0.0015,1248.7,1.87304,0x00...78d2,https://bscscan.com/tx/0x3e647335cf27c8a6bbf308f4f479f0fcf6292eabf63097d84bb72aa7f0e98ca8
2023-03-29 08:07:46,True,0.471,0.001499,737.358,1.10594,0x52...1c7e,https://bscscan.com/tx/0x2c2f600be64432377a6657b115bfc1f7c0bd06376451961d66d24ff313522c68
2023-03-29 08:07:37,True,0.471,0.001499,866.797,1.3,0x16...65bf,https://bscscan.com/tx/0xdcc30f48c4eb600ab2cf86b5e4dfcf138fedc16f738ea54c54cddd08c95fbe2e
2023-03-29 08:07:34,True,0.4709,0.001499,4265.45,6.39591,0xdb...8aba,https://bscscan.com/tx/0x6badbc709bb0b31e910ed37a21e08f14bd9e08b1fdde21a59a3f87e14e69a90a
2023-03-29 08:07:34,True,0.4708,0.001499,2334.77,3.5,0xda...6e1f,https://bscscan.com/tx/0x121b8180d1b9b25b31123684656d3544ce709739f3d47244cd580259af4abf2a
2023-03-29 08:07:34,True,0.4707,0.001498,2335.21,3.5,0x27...b6f2,https://bscscan.com/tx/0x70b30575c06c00ca2f9a7a9af8577a89cc2564f17c91a6519ed254a89a529622
2023-03-29 08:07:34,True,0.4706,0.001498,2335.64,3.5,0x8d...1b76,https://bscscan.com/tx/0x1337675ebbbd2126875a6c1f03682190816c767cf88095542f56c4b0671528dd
2023-03-29 08:07:34,True,0.4705,0.001498,2669.84,4.0,0xb0...a41e,https://bscscan.com/tx/0x2a88c6d508fe19e3b6bc28c76694a21353b7cb256c1bbeade4c7b492c2d5fc1e
2023-03-29 08:07:34,True,0.4704,0.001497,4268.26,6.39301,0x00...78d2,https://bscscan.com/tx/0xb6d4b2a1020df5934dfebb724b8d0fc0b21581d9a9d93aad2a4d873e82a1e0de
2023-03-29 08:05:28,False,0.468,0.00149,10.0,0.0149,0x03...9bee,https://bscscan.com/tx/0x97f9b1c190bde70e7b6e1c085263036f21fd64941852ac24bfe0299543a86f9c
2023-03-29 08:03:07,False,0.468,0.00149,20.0,0.0298,0x12...1ebf,https://bscscan.com/tx/0xb2f6eb80d000da7351012571d78058a88f28e9c6e2c34f3b21a824d14a8a289c
2023-03-29 08:01:37,True,0.4709,0.001497,4259.17,6.37725,0x00...78d2,https://bscscan.com/tx/0x250996e3906e934c801bca689f07ece7e80753dba17b8a68a0e6534ea7c32ed8
2023-03-29 08:00:43,False,0.4688,0.001489,15.0,0.0223,0xbe...6b14,https://bscscan.com/tx/0x6a4f101beb79f041a5160ea311e22f6aa2807ae2916e5669604b5ede25e95263
2023-03-29 07:57:37,True,0.4689,0.001497,10.0,0.0149,0x0b...a1ff,https://bscscan.com/tx/0x3c984342a8495e71935983308c9483c577b6749b38400db4ae4e11bcc37d9a67
2023-03-29 07:47:52,False,0.4691,0.001489,25.7243,0.0383,0x00...619b,https://bscscan.com/tx/0x646b5c821824a926512c62f500a389c7804949a181a3e0ae95637005a79406f5
2023-03-29 07:43:01,True,0.4716,0.001497,4.0,0.0059,0x8e...f7a5,https://bscscan.com/tx/0x599607629694184f3406d3189058f56a874254d9705c1b2c45f272ce57e2db30
2023-03-29 07:42:31,True,0.4692,0.001497,612.1,0.9163,0x00...78d2,https://bscscan.com/tx/0xf83478b0fb253f6ba731ef5d81db1b6e583ae04880b221606e4832e9bfd48bc9
2023-03-29 07:42:25,True,0.4692,0.001496,989.4,1.48105,0x00...78d2,https://bscscan.com/tx/0xd7cfeb370aa2f892fc1ccbda05db84496f06927b8e8762916705d637192cf1c8
2023-03-29 07:42:19,True,0.4693,0.001496,680.7,1.01888,0x00...78d2,https://bscscan.com/tx/0x48eb7d12f2c6d4450d7a35046191516101054c1aefbf7ba26806c3a560a234fc
2023-03-29 07:41:25,False,0.4694,0.001489,41.3735,0.0616,0x64...9ae8,https://bscscan.com/tx/0x36c76729723c68388d4239cc3236173a895dfcc8337fc19e659d8182c135bdac
2023-03-29 07:40:51,False,0.4694,0.001489,8.05744,0.012,0x69...71a8,https://bscscan.com/tx/0xde901fbf2dbb736d7878a427febcbba13221fe9b3f8c1f517b1915653e620b6b
2023-03-29 07:39:10,True,0.4697,0.001496,1907.4,2.85475,0x00...78d2,https://bscscan.com/tx/0xc011c88800732fcfc534961049c7986fac5644ca7e383d718423439318d58d97
2023-03-29 07:37:49,True,0.472,0.001496,2338.92,3.5,0xda...6e1f,https://bscscan.com/tx/0x39e11042cba8ecc1a57d776e7e729e9d88815ff4e6062355f5e3556ab27d841a
2023-03-29 07:37:49,True,0.4719,0.001496,1765.28,2.64116,0x00...78d2,https://bscscan.com/tx/0xf874ffca5217980b212be67dbba55f867d18155281c06fc1b5c83045e76a5707
2023-03-29 07:37:29,False,0.4696,0.001488,16.3475,0.0243,0x34...4913,https://bscscan.com/tx/0x256374d97a908475ce27f97ad0744250d19d9b77e801a6df1d289d24cbdc80ce
2023-03-29 07:34:32,True,0.4696,0.001496,833.678,1.2472,0x62...1f10,https://bscscan.com/tx/0xf64176f71d0b9139bdac3bcd2b1f96c9ca4e105dc86eacbd99a8d599dc3e3eac
2023-03-29 07:33:32,False,0.4672,0.001488,34.24,0.0509,0xb8...1f89,https://bscscan.com/tx/0xebd1ee5aeb787e8e1fa4de5f4b159a9f78ede0d6bbe7ed6c87c1cb407d698d4e
2023-03-29 07:32:53,False,0.4695,0.001488,20.0,0.0297,0x64...9ae8,https://bscscan.com/tx/0x09b268d562d52ee56062310f8e4a427691e3cf0858d52d72382eae8af6fb710a
2023-03-29 07:29:44,False,0.4695,0.001488,60.0,0.0893,0xea...eb34,https://bscscan.com/tx/0x9bfd51b89b6485a069ae79021dd6f00fba800f7a37c30222a041cea891ffbea5
2023-03-29 07:28:08,False,0.4671,0.001488,92.4705,0.1376,0x57...2510,https://bscscan.com/tx/0x6de3a3c9064a74b7db2c86b9cf1f72a797013486740a2882231547567d002a97
2023-03-29 07:27:20,True,0.4718,0.001495,1048.7,1.56878,0x00...78d2,https://bscscan.com/tx/0xadc00bcfe2bea3b501d242d629a1bab0b1dfdc3ad0dc9fae2b9df3127c5078ad
2023-03-29 07:27:17,True,0.4717,0.001495,3561.5,5.32678,0x00...78d2,https://bscscan.com/tx/0xf11b1b2867470dd015d8d7f7ef1a82f8ea96b68a87aac81b694a063f4d3d7085
2023-03-29 07:27:02,False,0.4667,0.001488,39.0207,0.058,0x17...7037,https://bscscan.com/tx/0xcf659120eb83eff70fab9f2747f4c257216427305ec3964858d75ba19d49c8d9
2023-03-29 07:24:47,False,0.4693,0.001488,7.05078,0.0104,0x3c...cfd2,https://bscscan.com/tx/0xb54a179956ab1aadc24a94fc5be93492bf88a9aa1faa78ceb9dd6d6b2b9ea5b9
2023-03-29 07:24:17,True,0.4693,0.001495,367.9,0.5501,0x00...78d2,https://bscscan.com/tx/0x152fa91d313632c8e10727c5d39012c77b62ecf87a8d26add601fa231675e886
2023-03-29 07:24:14,True,0.4693,0.001495,439.7,0.6575,0x00...78d2,https://bscscan.com/tx/0x4368aab7c8fcbdb496d6bb5d65010366a731161fb456ef0be3d6b8b2272037c0
2023-03-29 07:24:11,True,0.4692,0.001495,1918.8,2.86907,0x00...78d2,https://bscscan.com/tx/0xc973ec0b219d304f9568e8aef17caef72bc940f48809d7e6fcdb261ee5901042
2023-03-29 07:24:05,False,0.4666,0.001486,8.0,0.0119,0x8d...db2a,https://bscscan.com/tx/0xd67c293115887b6a0ce9b3a4895a4ce6f39ff7d77301d2df8cfe06676f45be9f
2023-03-29 07:22:59,False,0.4692,0.001487,1000.0,1.48772,0x77...b1a8,https://bscscan.com/tx/0x68a7aabf6e6701581b4f89314cb50960b0372c6579714fcaa91dc625ad48fccc
2023-03-29 07:21:26,True,0.4715,0.001495,105.231,0.1573,0x13...5d16,https://bscscan.com/tx/0xc0ad89d6a5cbc822ca7ffd06ef67dffaa0aa5d0345d785b29b1b56d54691bac7
2023-03-29 07:20:44,True,0.4714,0.001495,1895.7,2.8343,0x00...78d2,https://bscscan.com/tx/0x1ab467d5d5de212f259c26982733135a165d3724486d79073cc69b220f99384d
2023-03-29 07:18:01,True,0.4689,0.001495,16.1162,0.024,0x92...b3b0,https://bscscan.com/tx/0xba3374e304d970cfa9ddbf4fcc4af694fb246c5f55d85d1586f9e9ee1554e0bf
2023-03-29 07:17:47,False,0.4689,0.001487,2.0,0.0029,0x7c...8b80,https://bscscan.com/tx/0x7e75b05fd89a058f871f99a7a2023bea35720807fcc564c4bea6c769bc0cbf7a
2023-03-29 07:13:17,False,0.4667,0.001487,19.2811,0.0286,0xf6...0562,https://bscscan.com/tx/0x5748b019c202b995423d66952c957aac6f7789d549d282ff31d22f21a8080e0a
2023-03-29 07:11:56,True,0.4712,0.001494,2341.34,3.5,0xed...4f31,https://bscscan.com/tx/0x235c34a1f36f73c967c880a5cd0f6268da4ca6b4d4c1a0d855f2dfef6be12ce2
2023-03-29 07:10:17,True,0.4711,0.001494,4251.47,6.35372,0x05...7eea,https://bscscan.com/tx/0x620b0b4a8a14bb76608ba7d3414ec46da27a4e9b3160e467069d8b842f061d04
2023-03-29 07:09:59,False,0.4686,0.001486,33.6667,0.05,0x3b...305f,https://bscscan.com/tx/0xced5d8414c2a801d3d02202efe13a67c1737cf5612b87e35f93152e5759d7884
2023-03-29 07:09:56,True,0.471,0.001494,905.0,1.35223,0x00...78d2,https://bscscan.com/tx/0xf81658429cce3d1ae4f365d60d319196a5d30381d0177549c77f56c7f1d1f9e3
2023-03-29 07:09:38,True,0.4686,0.001494,1259.1,1.88115,0x00...78d2,https://bscscan.com/tx/0xc7455535be17a06aa5929843d0814744f2cf7865824dba421593da012e682912
2023-03-29 07:09:14,False,0.4662,0.001486,17.8144,0.0264,0x95...bd9d,https://bscscan.com/tx/0xb8b13ad059554f3218fa66d967647ce960a278048e930e7cda68f0b617341d8e
2023-03-29 07:07:38,True,0.4707,0.001494,33.4678,0.05,0x3b...305f,https://bscscan.com/tx/0x38ee0ac63ddb40142afc5cf077e9ea232f938d22282ac93b955b0ca80dc33e14
2023-03-29 07:06:20,False,0.4659,0.001486,177.201,0.2634,0x1a...b0ea,https://bscscan.com/tx/0x71ca875676699250fd58515e83e57dee57ebd20604c6e52505ccbe51bc65f4e3
2023-03-29 07:06:08,False,0.466,0.001486,35.9907,0.0535,0x92...b3b0,https://bscscan.com/tx/0x76a81e6467c803437f1204ea60bd1707d6722fa98a7c7a7f7319617aebb6ab95
2023-03-29 07:05:38,True,0.4706,0.001493,2342.93,3.5,0x62...1f10,https://bscscan.com/tx/0x8b8ed4c90ead8a592b2aa3cde29fb4c3addfd168c7e738d079dbac9f98f3d549
2023-03-29 07:05:35,True,0.4705,0.001493,2343.37,3.5,0xed...4f31,https://bscscan.com/tx/0xb48f90111a9709419303d98e9778de323f3facb52689325277c18ae309b969d5
2023-03-29 07:05:35,True,0.4705,0.001493,593.4,0.8861,0x00...78d2,https://bscscan.com/tx/0xe0e40080048cd0e11912b2c1a8bc237fad044895fadc2de36da3ee183e868ac7
2023-03-29 07:05:14,True,0.4705,0.001493,2343.92,3.5,0xed...4f31,https://bscscan.com/tx/0x3d9642c5807f61b722da2e28e56647945da0227c10a57cb731e030133d701717
2023-03-29 07:05:02,True,0.4704,0.001492,2344.35,3.5,0x62...1f10,https://bscscan.com/tx/0x2cdc50e100a50a27028997f4b7968a91a3e0a771612ca19f88d0d4b3e799003d
2023-03-29 07:04:59,True,0.4703,0.001492,906.9,1.35378,0x00...78d2,https://bscscan.com/tx/0x2f410618b8d822f47450b81ccef5a1d5d5889ad12bd155f3093e421d9e5bc428
2023-03-29 07:04:56,True,0.4703,0.001492,2344.96,3.5,0xf2...bfcf,https://bscscan.com/tx/0x8ccda727b87e09e10da19e62fd6cbd6029d41ec7b400d6763aeb2431b3599699
2023-03-29 07:04:56,True,0.4702,0.001492,2345.4,3.5,0xed...4f31,https://bscscan.com/tx/0x2307e90873b107328d1cd9918390474eb93ef2fc49bf8a4eb089617429bcbb03
2023-03-29 07:04:56,True,0.4701,0.001492,2345.83,3.5,0xda...6e1f,https://bscscan.com/tx/0xa1c9c215699531ad6936e154e404492f9bc1b1482e44e996fee8ffd3f884fdb9
2023-03-29 07:04:35,False,0.4677,0.001484,53.4433,0.0793,0x95...bd9d,https://bscscan.com/tx/0x4a774dcb3ca0ee16f52c6c13cd2495f7631e493da3e4d82349fc864bac4831e7
2023-03-29 07:03:59,True,0.47,0.001491,2346.26,3.5,0x91...79fe,https://bscscan.com/tx/0x35526fcdeafdc8841129bf67721ffcaaa6962c00d1420260015a4a6f3442a7c4
2023-03-29 07:03:59,True,0.4699,0.001491,2346.7,3.5,0xed...4f31,https://bscscan.com/tx/0x3f829d8060ae8677f6b7ae933600614623e33868b3b2c9213ba7547648d8650f
2023-03-29 07:03:59,True,0.4698,0.001491,2347.14,3.5,0x3f...573a,https://bscscan.com/tx/0x03d4ee5616be1db2858c4053d25da8557921289b13c4d126f5670d9a9c531d8f
2023-03-29 07:03:53,True,0.4697,0.00149,1544.1,2.30217,0x00...78d2,https://bscscan.com/tx/0x3eb82a4349100c0f56d968810d9360ccfc13b77366c5bb49cad8b9d92d278abd
2023-03-29 07:03:29,False,0.4673,0.001483,5.0,0.0074,0xee...5232,https://bscscan.com/tx/0x712c270cdbb6dd768980d6f9d2d6ca924e87db0be5deac9364f6f84d91a266ce
2023-03-29 07:03:20,False,0.4673,0.001483,11.7989,0.0175,0x3a...bd67,https://bscscan.com/tx/0x495fce8544cb9e1cfd2e67af6ebefe4279ad59cc443528a9036e8567c9839aa2
2023-03-29 07:03:05,True,0.4673,0.00149,2347.86,3.5,0x62...1f10,https://bscscan.com/tx/0x3d26490801215d883ee69ce558688a3c10f8f9fab14bca1d191be038c259e9bb
2023-03-29 07:02:44,True,0.4672,0.00149,2348.3,3.5,0xed...4f31,https://bscscan.com/tx/0x8f91c0c0305c99da8a1de58ee0fb8dc48198245851f7b312c6f51c0797fe4f64
2023-03-29 07:02:38,True,0.4671,0.00149,2348.73,3.5,0xda...6e1f,https://bscscan.com/tx/0xb4e0e6e088a1786d6235f317986204164777717228fe28fd81839abb4c665421
2023-03-29 07:02:38,True,0.467,0.001489,2349.17,3.5,0x62...1f10,https://bscscan.com/tx/0x98a554c5e68f96812111fb69e41eb01f81c2f8e929868a8b1d4d05c91354a3b7
2023-03-29 07:02:38,True,0.4669,0.001489,4028.17,6.0,0xda...c952,https://bscscan.com/tx/0xe6d99c3d1c4935893b1cf64b6b36f791dce1e2566f1b8b80e55bbf598f05404f
2023-03-29 07:01:53,True,0.4668,0.001489,2350.36,3.5,0x62...1f10,https://bscscan.com/tx/0xead3d35328390ca6f77f48fff694feb3f7f2c9f184f785e394aa419af0f8aaeb
2023-03-29 07:01:53,True,0.4667,0.001488,2350.8,3.5,0x0c...8533,https://bscscan.com/tx/0x72b271b072c05cdfde98ee4043e667d72776db8af392f0c1f535262c8d3039d0
2023-03-29 07:01:53,True,0.4666,0.001488,2351.24,3.5,0x52...1c7e,https://bscscan.com/tx/0x32bf63017db5092ca8edab2ea3d0d0709836bb92be4f9c4defd876b52f283baf
2023-03-29 07:00:17,True,0.4689,0.001488,35.9902,0.0535,0x92...b3b0,https://bscscan.com/tx/0x5c7c8498864631923b8fc5e4cf5bf8a2cc070117bb3d53ac6aa9c0d0a661755e
2023-03-29 06:59:38,True,0.4689,0.001488,35.9903,0.0535,0x92...b3b0,https://bscscan.com/tx/0x8b689688e3ce34ef0e4a094248c9df4c4d91ccb7e135760da8b471b834e32451
2023-03-29 06:59:20,False,0.4642,0.001481,5.0,0.0074,0xec...def9,https://bscscan.com/tx/0xcb2b092adb77d4555672354892769832944ce027d7cbdccc52d4f16b65358fc4
2023-03-29 06:56:26,True,0.4687,0.001488,67.2009,0.1,0x92...b3b0,https://bscscan.com/tx/0x410fb1aeff9991b9ec19d81a9c1a2c9d8a7a46a8e7e68f4156bbc0a34152cf8a
2023-03-29 06:49:20,False,0.4664,0.001481,306.739,0.4542,0x92...b3b0,https://bscscan.com/tx/0x22c25caaff2ba091ec24b5f2aa8de9b26badd01b59ddcf0a6c8ccd02f80413d9
2023-03-29 06:31:20,True,0.4658,0.001488,213.577,0.3179,0xb8...99d9,https://bscscan.com/tx/0x6400b178b9b9f50a84b745623c7432898415b01dd7a74c138d1757c9ffd8fe36
2023-03-29 06:24:38,False,0.4657,0.001481,250.0,0.3702,0x03...534c,https://bscscan.com/tx/0x55aaafcfaeb0ef6a82bfe06c43fe169cdd2fad2b7dcb51091b07d0b6b48cc301
2023-03-29 06:15:53,True,0.4659,0.001488,636.794,0.9478,0xd4...58b9,https://bscscan.com/tx/0xc8f8eec1d15488f56e76b2d696fd07e578e1b06bf0257deceab82c0b648ec9c1
2023-03-29 06:06:46,True,0.4687,0.001488,1.8,0.0026,0x3b...305f,https://bscscan.com/tx/0xebe16f58b163ecc4acfdd2e407a21b87b50fa85fbd7002dccf91808b34128077
2023-03-29 06:06:04,False,0.4636,0.001481,13.3582,0.0197,0x2a...dc7e,https://bscscan.com/tx/0xb802107b9faecc34a61df4cd365ccdda0fec795222543838eb6d15ab2acdc151
2023-03-29 06:04:36,False,0.4636,0.001481,3.0,0.0044,0x47...43a6,https://bscscan.com/tx/0x70adcee0ef1f19e9807410bbcba56b22427c19dba85cdc03ae1ac478647e38a4
2023-03-29 05:57:00,False,0.4637,0.00148,232.976,0.3448,0x56...1ef1,https://bscscan.com/tx/0x6211d1212fb5e3e15b09d1efec2afb09371b0e90b1aa57476203f801b8069da3
2023-03-29 05:56:57,False,0.4639,0.001481,13.5045,0.02,0x49...b36f,https://bscscan.com/tx/0x1648dd3b56871b4a27cf4c251ca3f7622a2298c2f4e1150c35cd9fa1b405c15a
2023-03-29 05:56:21,True,0.4665,0.001489,232.977,0.3469,0x56...1ef1,https://bscscan.com/tx/0x701ecf9cb655c1962ba654f4671c44a7f096510600659ddaabcc05c785a6abd6
2023-03-29 05:36:27,False,0.466,0.001481,11.4341,0.0169,0x38...30ba,https://bscscan.com/tx/0xb830bcc7f592c22242e1684a068b95cfa8ee05f7ae863d3a688aa45e5413a23f
2023-03-29 05:33:15,False,0.4657,0.00148,50.0,0.074,0xd1...6e61,https://bscscan.com/tx/0x64d1b4e6a86dd65c0de9ba5d18cf5e7ce6acb1c82fdf8bea5d5eaf4d79cd8b7c
2023-03-29 05:22:40,False,0.4638,0.001481,100.0,0.1481,0x92...1a8c,https://bscscan.com/tx/0x120594743ed3190acd06aa33636bcae96cef7e061f9f977dd14a1c1bdfd18779
2023-03-29 05:15:10,False,0.4661,0.001481,5.01736,0.0074,0xd3...075d,https://bscscan.com/tx/0x63d22c407f70b327fc02f720e730d022fd648c174d20c709e66c7b9d1793ba03
2023-03-29 05:11:49,False,0.4662,0.001481,9.60556,0.0142,0x2d...075a,https://bscscan.com/tx/0x9a5995e71d46fb13a6c59b03798062b03db48d76975b4ee69ce03017619bf1dc
2023-03-29 05:09:31,True,0.4685,0.001488,148.851,0.2215,0xd9...3451,https://bscscan.com/tx/0x71c92bd86d0a9e60f73509cc14d826ccae0c973be6b2edffd0e15ff2606fb0ba
2023-03-29 05:05:55,True,0.4684,0.001488,18.781,0.0279,0x80...3e8b,https://bscscan.com/tx/0x019c09572a02409cbaec525f869f3109ae030467cde6dcd4e4908607f772aa3a
2023-03-29 04:56:58,False,0.466,0.001481,20.1012,0.0297,0x0f...2cd4,https://bscscan.com/tx/0x9e55baa468c37b187d57e7d366ddc4debce99575661eeadf5122b47f8129dd6e
2023-03-29 04:56:19,False,0.466,0.001481,77.5696,0.1148,0x0f...2cd4,https://bscscan.com/tx/0xbb729811668a9d4d37fda74b146b3f621fcbcf5664f85b500a9ce241d7a646dd
2023-03-29 04:49:19,True,0.4684,0.001488,102.117,0.1519,0xc4...529e,https://bscscan.com/tx/0xbc26cdbed0d87dabe6b8c41be37d03af56b28908a04eb86b4d1c2a0c6bffaa24
2023-03-29 04:47:16,False,0.4661,0.001481,104.662,0.155,0x80...d14e,https://bscscan.com/tx/0xb71d423db4b086fabde1faf66fefc1f4a28d36e7f869765a7bd3c19a9e03209f
2023-03-29 04:23:25,False,0.4639,0.001481,4.75406,0.007,0xfa...537b,https://bscscan.com/tx/0xb9eaa8ea26b15cc3b2d178c813f6a426cabd38c1ce428d106c0804c8aaa981a6
2023-03-29 04:22:40,False,0.4639,0.001481,9.93285,0.0147,0x97...855d,https://bscscan.com/tx/0x08e05eb20119030b388326489c353f47067682630ad98027bb4f09deead3746d
2023-03-29 04:21:58,False,0.4639,0.001481,137.254,0.2032,0x12...dcc3,https://bscscan.com/tx/0xf3ea0fc94878a7dbc338bb2b4b20e23ffad3ec31b9e673416a63ed3b5c990495
2023-03-29 04:19:46,False,0.4638,0.001481,318.648,0.4719,0x53...2bfa,https://bscscan.com/tx/0x2387335ebd8760d3f52823c252d5c0df9d46dee085cadd22ebb63f18db6a4f31
2023-03-29 04:15:58,False,0.4661,0.001481,20.0,0.0296,0xf0...85f0,https://bscscan.com/tx/0x515a880f3260dde19f8df034a69c25038108c8107a516230731c04ba6480c01e
2023-03-29 04:13:31,True,0.4684,0.001488,106.425,0.1584,0x54...1905,https://bscscan.com/tx/0x64d96fd2afd67fbe6385b0f028eefc654a4ea187726632eec028f62a183bf12c
2023-03-29 04:05:54,False,0.4662,0.001481,41.3535,0.0612,0x67...f9c1,https://bscscan.com/tx/0xce6bcf277bc1a7e0f74e38185b859915f785d11457ac0eb820f6a69e88be474e
2023-03-29 03:58:08,True,0.4687,0.001488,20.0,0.0297,0x17...7037,https://bscscan.com/tx/0x15232c1db8d9ecdfb296a3ca49f42a5193d14ddd5924bdcb48eee9a4bb3642b9
2023-03-29 03:54:38,False,0.464,0.001481,16.101,0.0238,0xb8...9548,https://bscscan.com/tx/0x871079ff7405c2bbac248f00186f69c319addea5406070c2b5fb64fd40c22635
2023-03-29 03:43:47,False,0.4664,0.001481,96.6868,0.1432,0x3c...cfd2,https://bscscan.com/tx/0x261418aed1e7eb9d337fb8f04a8f7a3d06880bb80a9588567503cbc9612eb5c5
2023-03-29 03:43:35,False,0.4664,0.001481,4.0,0.0059,0x3c...cfd2,https://bscscan.com/tx/0x5fc929b69993d404c08ea28e2afad066339331c171555a26133d260f3f9a5f39
2023-03-29 03:43:05,False,0.467,0.001482,26783.7,39.7097,0x62...1f10,https://bscscan.com/tx/0x1bcc374e03490a44965c5b8559e6e82c3f85c4a84c1b81301ee56262cf91dc6f
2023-03-29 03:40:11,False,0.4652,0.001484,5.10271,0.0075,0xab...a224,https://bscscan.com/tx/0x6e1add9374fb8240841abd50f651d664332cc5bffd6363952bf722cdbccc3105
2023-03-29 03:38:23,True,0.4675,0.001491,500.0,0.7458,0x25...f5b2,https://bscscan.com/tx/0x954ebd138a84ae9525857adb3c2b0f30a41a818d332b7e77051ce6785a630b2a
2023-03-29 03:35:45,True,0.47,0.001491,2346.74,3.5,0x8d...1b76,https://bscscan.com/tx/0xc72cf64cecffff7b15ec16cbcc434b6e5a5ca064afcb91978e68e860a865ebf6
2023-03-29 03:35:45,True,0.4699,0.001491,2347.18,3.5,0x91...79fe,https://bscscan.com/tx/0xc209656b1798d0a19b917e098ba5b52674129e9f6c5d4321d1919bf17c0719c6
2023-03-29 03:35:39,True,0.4698,0.00149,2347.62,3.5,0x27...b6f2,https://bscscan.com/tx/0xcae61f30647f12f3d74bab15280b23fe1f77cf3dc1a6c7ad72ec77915fdd0656
2023-03-29 03:35:39,True,0.4697,0.00149,2348.06,3.5,0x52...1c7e,https://bscscan.com/tx/0xcfc161f1f452b6220e05c26eba6f5e47c1d8cd7b569a2457bdf8fd56ec82fbf2
2023-03-29 03:35:39,True,0.4696,0.00149,2348.5,3.5,0xf2...bfcf,https://bscscan.com/tx/0x1cf21df98cb549d01248788a1ca09c030eb11f0f53c76ed7cfb815aa7b66c224
2023-03-29 03:35:39,True,0.4696,0.00149,1006.63,1.5,0xb0...a41e,https://bscscan.com/tx/0x2d9948b0ec8d4f2349fd1504ce13cb5460e8e0132d76e79254ba09535ced6d10
2023-03-29 03:31:22,False,0.4674,0.001482,118.35,0.1754,0x7f...3696,https://bscscan.com/tx/0x261b9737fa8a6e3e61c13da5f67fa4baf127e3294e82e29e7bca9936ce0440bc
2023-03-29 03:31:04,True,0.4674,0.00149,823.6,1.22718,0x00...78d2,https://bscscan.com/tx/0xd64ce232dfe4c6c6f5dac9d970f067491e7c7dcf3f2b0a8b92919d84f448552c
2023-03-29 03:31:01,True,0.4674,0.001489,543.5,0.8097,0x00...78d2,https://bscscan.com/tx/0xdbb6d6c0255819c938c4f702d5ff0ccc9ff84bf645119847acf964809b788939
2023-03-29 03:30:58,True,0.4674,0.001489,961.0,1.43175,0x00...78d2,https://bscscan.com/tx/0x6eeb43858d89969639733e88beabb4288b2cc20108e93436be5535f872eafbb7
2023-03-29 03:30:52,True,0.4673,0.001489,461.2,0.687,0x00...78d2,https://bscscan.com/tx/0x873d5a0c21521564bb80bae6d023983f6201e48d2146ba028d6b6b1d29d273a0
2023-03-29 03:30:49,False,0.4673,0.001482,20.2388,0.03,0x8b...976d,https://bscscan.com/tx/0x03200326630f40dc9c70d400bcd8a156314f6bc7b69358412354706e17d7ada9
2023-03-29 03:29:49,True,0.4673,0.001489,823.6,1.22691,0x00...78d2,https://bscscan.com/tx/0xfef039154c5dbb4d59561ada17b6c6e4f40dbfa0a675b46c0180d98d6629f768
2023-03-29 03:29:40,True,0.4673,0.001489,543.8,0.81,0x00...78d2,https://bscscan.com/tx/0x8acdb68c25fbf935fdb98ec994a8bfdf0fc17baf2b59aa2b3292721be861367e
2023-03-29 03:28:22,True,0.4696,0.001489,787.8,1.17346,0x00...78d2,https://bscscan.com/tx/0x0427569cb0960fb9bb69210ad5cfebbccc1def2b507dae7c3d5c3a1b2f1f9973
2023-03-29 03:28:19,True,0.4695,0.001489,1397.0,2.0807,0x00...78d2,https://bscscan.com/tx/0xf344eefd9531c36687b7864ddf3674e2c1269beb9c297e8b0ba03404c342bb1e
2023-03-29 03:28:13,True,0.4695,0.001489,928.4,1.38264,0x00...78d2,https://bscscan.com/tx/0x003d4c4b6bba67930f5fa11027406f70f70111f6b6f40e772d47ad0d65f33dc9
2023-03-29 03:27:43,False,0.4671,0.001481,26.9946,0.04,0x21...a11f,https://bscscan.com/tx/0xd72752297477f6c69cad3d55935d385c7f0774e23fc03d08e582401e0084c05f
2023-03-29 03:26:43,False,0.4649,0.001481,1.58074,0.0023,0x80...8892,https://bscscan.com/tx/0x2800a08d8f0477d943e3baa1460c994d7ffe4cfed38000a24c4b1cdda95de948
2023-03-29 03:26:40,True,0.4672,0.001489,700.728,1.04351,0x62...1f10,https://bscscan.com/tx/0x2f1e3de1ad99715dacfe4de6665edd128419f3ed3d7c3330a3f064d90cb209d6
2023-03-29 03:26:40,True,0.4672,0.001489,872.6,1.29937,0x00...78d2,https://bscscan.com/tx/0x4bea6aea9fcba022bfa56714dd51c3f1985349ba7bae002eb85156e71a0ef24c
2023-03-29 03:22:55,True,0.4671,0.001489,10.0,0.0148,0x3b...305f,https://bscscan.com/tx/0xd40673c865fc2eeaa71f83d3a06c616032eb21f8695eaa61a17d9828fab1abc3
2023-03-29 03:21:31,False,0.4648,0.001481,67.4947,0.1,0xd6...75f1,https://bscscan.com/tx/0x3f61eb6a8052cc9b9349713a5138dc53eae4b2c0ccccad6ead57676ca2ef8fc7
2023-03-29 03:20:58,False,0.4647,0.001481,21.7846,0.0322,0x11...a238,https://bscscan.com/tx/0x559b20a7c99c867b7ba44db9b9f58e00e78cea961db69502fc7e61e824fa5691
2023-03-29 03:18:49,True,0.4686,0.001488,2350.73,3.5,0xed...4f31,https://bscscan.com/tx/0xcda5513393f319f7cca84a882a46e7b28c2470809d384fc789ca6616592e7ebd
2023-03-29 03:18:49,True,0.4685,0.001488,2351.17,3.5,0x52...1c7e,https://bscscan.com/tx/0x73f5e729d35aacdc3925d42874f69d1c3e789133e189c33ba97ae1091d11284b
2023-03-29 03:18:49,True,0.4685,0.001488,2351.6,3.5,0xf2...bfcf,https://bscscan.com/tx/0xb8ee62f0e4dad4dbef69ad5f4d76a0548a7435b240bf57f96a4b4d8c060afafb
2023-03-29 03:18:49,True,0.4683,0.001488,4269.62,6.353,0x05...7eea,https://bscscan.com/tx/0xed281707a57ce0e5c0f909f0c9637d749f9b84f73fb00271c09a15787621437d
2023-03-29 03:13:52,False,0.4626,0.00148,29.4184,0.0435,0xd1...794f,https://bscscan.com/tx/0xe75b88dbbf62738817ac158b92d99ee8f80f9390f7a9d79fc0d23ec91dd2dc52
2023-03-29 03:13:49,False,0.4649,0.00148,190.901,0.2825,0x0b...e901,https://bscscan.com/tx/0x12aecd6ab4568f5b662fb4971722d115488c55033ee34c2848a301b47ccb0c15
2023-03-29 03:12:55,False,0.4625,0.00148,620.024,0.9178,0xb4...0d28,https://bscscan.com/tx/0x03ae13605741a29056e643d40fcd64bc8df331b4632055a90b0b76ba443a64b1
2023-03-29 03:12:16,True,0.4672,0.001487,1301.7,1.93657,0x00...78d2,https://bscscan.com/tx/0x0905bfa959ea110e3e97a35bbbc75d19f47120ef4667d7d88a58a768b1683380
2023-03-29 03:12:01,False,0.4646,0.001479,10.0,0.0147,0x5a...c405,https://bscscan.com/tx/0xbd33196c811d6ec9d843a03e9da3b184109696966f55448f48ae010ba8ee8ff7
2023-03-29 03:12:01,True,0.4671,0.001487,545.2,0.811,0x00...78d2,https://bscscan.com/tx/0xc3481206b63060aa48be032413d2441e0c47ce85970f1df0b97531b109e67de4
2023-03-29 03:11:55,True,0.4671,0.001487,875.3,1.30204,0x00...78d2,https://bscscan.com/tx/0xb22c8be2358494da6409dfbf2224efbb86c4de5c91290e3501af1f67e42c9c7f
2023-03-29 03:10:34,True,0.467,0.001487,214.208,0.3186,0x87...173a,https://bscscan.com/tx/0x4c8a5a49249d7adce6411d1e584ef963d4dbbbc6ef61cda850238e62a77431bb
2023-03-29 03:00:30,False,0.4616,0.00148,29.7785,0.044,0x02...a875,https://bscscan.com/tx/0x25265b2bd8784457e0c5afb795dc15be816045ee97ecd08403a1e9b793205197
2023-03-29 02:56:15,False,0.4639,0.00148,18.2098,0.0269,0x52...8d7e,https://bscscan.com/tx/0x650ef84e5960f196e8548eada60df0f722bd5e4bddc1cf79d166c4a9735b2705
2023-03-29 02:55:24,True,0.4662,0.001487,2347.77,3.49189,0xda...c952,https://bscscan.com/tx/0x180396d5e118cc14284dfad14065b5eab4c7866f16b811cf6a569180d2aee226
2023-03-29 02:55:24,True,0.4661,0.001487,2353.66,3.5,0xed...4f31,https://bscscan.com/tx/0xfb77fb7b29f436c96d001aafe9ba8018c230f5f9745b11477cdaf248608db791
2023-03-29 02:55:24,True,0.466,0.001486,872.2,1.29684,0x00...78d2,https://bscscan.com/tx/0x7ec1d8c766c67dab33bbb601bbd6fca477b7a81ee1e856248bd12ec8cf151a46
2023-03-29 02:51:36,False,0.4619,0.001479,386.14,0.5712,0x89...7a42,https://bscscan.com/tx/0xcd91fe2ec6ff34b80939f4ef4df2c26f43fc63ee62549cfe56f96cb271e95bf7
2023-03-29 02:51:09,True,0.4666,0.001486,14.4761,0.0215,0x26...b9bd,https://bscscan.com/tx/0x9d5c4e7079bde3b815916db83cf90ea1c96479c84799dcdb19215fdfb8165e3c
2023-03-29 02:47:00,False,0.4621,0.001479,71.0158,0.105,0x4a...ec69,https://bscscan.com/tx/0xa6bea5774e52b022bc9db6469ce52a9b894c5378d9482ebac592985b6c6d7f98
2023-03-29 02:43:05,False,0.4621,0.001479,4.76,0.007,0xe3...d785,https://bscscan.com/tx/0x448167b9c282a0ce157438a8aafb4557202406047e052f1146f3c33c91ca44ac
2023-03-29 02:41:32,True,0.4643,0.001486,1265.6,1.88167,0x00...78d2,https://bscscan.com/tx/0x8407425c0da5c92bd6310e1dbef6bc00dad86495eb43b389472a38abf0703335
2023-03-29 02:39:53,True,0.4643,0.001486,1268.5,1.88579,0x00...78d2,https://bscscan.com/tx/0x24e688e7a318e9b77afbe4e293c78685b05b32a44db5633df46731e2390bddad
2023-03-29 02:39:47,True,0.4665,0.001486,2980.1,4.42957,0x00...78d2,https://bscscan.com/tx/0x04ae0b52f4ecbdce7985568a35f29a92b298df7552adb29e7f86e10c2d6aaebb
2023-03-29 02:39:14,True,0.4664,0.001486,2355.21,3.5,0xed...4f31,https://bscscan.com/tx/0xdc2a545e4f29935dfcad24421182f7f683906ded528d76997f25cfa20e574287
2023-03-29 02:39:14,True,0.4663,0.001485,4287.93,6.37047,0x00...78d2,https://bscscan.com/tx/0x454d421c7ffb519685c831402d15c61ffcfc812b57ac6fca9e2f491744ce81df
2023-03-29 02:34:16,True,0.4661,0.001485,2356.45,3.5,0xed...4f31,https://bscscan.com/tx/0xfe28caf27cb76f5f21a623de7032b3c1dcc0f58656996afaa06cb2cd2a330431
2023-03-29 02:34:16,True,0.466,0.001485,2106.76,3.12859,0xda...c952,https://bscscan.com/tx/0x4800ddefd51370ea123505a949dd28b01582fd053b43c6bdbe8cc05ba8e0dcbc
2023-03-29 02:34:16,True,0.466,0.001484,2357.29,3.5,0xf2...bfcf,https://bscscan.com/tx/0xc3c4e210eddf7daeb390fb9990d8840fcb9188c98e7fb06657c1c6c8f76e155a
2023-03-29 02:34:16,True,0.4659,0.001484,1134.0,1.68348,0x00...78d2,https://bscscan.com/tx/0x2bb7b3221ac50a0a764cfc46689a527c130139304436c5cbef1893e1ffd08dce
2023-03-29 02:32:54,True,0.4635,0.001484,4286.64,6.36237,0x00...78d2,https://bscscan.com/tx/0xda9c445f5242c9ce51e05e4ff5f4356d688b69f1fcf65cf6ffd243210ae0202c
2023-03-29 02:32:54,False,0.4611,0.001476,225.194,0.3325,0x0b...56ac,https://bscscan.com/tx/0x13f6ae13be297932061e815c51696b4a963b5eed11b1a05cc12cd2cab43ed364
2023-03-29 02:32:51,True,0.4633,0.001483,4297.14,6.3759,0x00...78d2,https://bscscan.com/tx/0x03c79594daa8d1c05a1b97d14385861c46893b5071fb33b9fb545fa3093edd94
2023-03-29 02:28:48,False,0.463,0.001476,11.4362,0.0168,0x15...63ce,https://bscscan.com/tx/0x11817af54b1ff8826dc142ce5784b5943d248fe8349151ba01dc8f7cd5319168
2023-03-29 02:27:45,False,0.463,0.001476,44.41,0.0655,0x10...2622,https://bscscan.com/tx/0xf9da65319fdc113882079c67443bc99590d77f771badd0e527fb4755e0c6d7ee
2023-03-29 02:19:15,False,0.4629,0.001476,6.39542,0.0094,0x74...a19a,https://bscscan.com/tx/0x81c39d8d7c9da9f85ca2dc80f7eac948ac70b142d3b3c9d7e42c3fc20a6314a6
2023-03-29 02:18:03,False,0.4604,0.001475,45.0071,0.0664,0x8d...e1a0,https://bscscan.com/tx/0x4e11b940f1f1fdb03cd9a89d88584a82dbfeec382faf719747344daa67b05bb9
2023-03-29 02:11:57,False,0.4605,0.001475,75.4454,0.1113,0x66...320b,https://bscscan.com/tx/0x172562d1fe2c35121e6d311bf5e07aea90982ed049b93d72bfd3c742de6c3891
2023-03-29 02:06:21,False,0.4628,0.001475,11.0134,0.0162,0xb2...5ec1,https://bscscan.com/tx/0x892c952fd1c168b732e127a1595161dc4b5d52173a29ea95f6a5db59d207f9ea
2023-03-29 01:58:03,False,0.4626,0.001476,8.96,0.0132,0x53...b978,https://bscscan.com/tx/0xddf79b945b049956f7b8b9782b4085e565db417c763fb3541ca3cf5bbe3a49fc
2023-03-29 01:55:18,False,0.4626,0.001476,47.1825,0.0696,0xbf...84c4,https://bscscan.com/tx/0xddedec1d2f091640b4187ed0f1cebd72c780a500abe0efcbc3db1eea97c4bd68
2023-03-29 01:54:33,True,0.4649,0.001483,18.0,0.0267,0x8e...f7a5,https://bscscan.com/tx/0xe923b4683084077bee29e20e0e3db190b67e78074501d45c095ec5550660c5cb
2023-03-29 01:53:24,False,0.4626,0.001476,45.1183,0.0666,0xc6...0114,https://bscscan.com/tx/0xa9a24978b0dc238dffd100724c5a9f913c593d593dd5bea32b8367e1f0c134d8
2023-03-29 01:52:12,True,0.4649,0.001483,1204.23,1.78644,0x1f...4049,https://bscscan.com/tx/0xd8d540c1d8662f9f1674e08e2bb3b5ec9a5ce497a4bc5867b255fb2f0664963d
2023-03-29 01:50:15,True,0.4648,0.001483,2359.68,3.5,0x62...1f10,https://bscscan.com/tx/0xb8aaafb04f44f20a9935247335ff19b215c8f0eb310e321abb30e4b40bc6fd94
2023-03-29 01:50:15,True,0.4647,0.001483,2360.12,3.5,0x8d...1b76,https://bscscan.com/tx/0x86a0bcb7aec315269e1a906bc33533356bd92281a79c4d1b52205fca2162c6ad
2023-03-29 01:50:15,True,0.4647,0.001482,1034.8,1.53438,0x00...78d2,https://bscscan.com/tx/0xeecf73f09018631493f7aa0b4d7eec2cb447f0228d178a80000d717ab9efc109
2023-03-29 01:46:12,True,0.4623,0.001482,30.2026,0.0447,0x9a...51bd,https://bscscan.com/tx/0xf53e8e2e0b8fececa42ce01bd9e9fa818484171cb91fd58aefac1e97783adfe7
2023-03-29 01:46:06,True,0.4623,0.001482,325.879,0.4831,0x27...42d4,https://bscscan.com/tx/0x786b9ba0236c5c7d30b5eba0ee0e8a198d06e10af479bcd805158a2b137dd678
2023-03-29 01:41:45,False,0.462,0.001474,3.77253,0.0055,0x4c...2653,https://bscscan.com/tx/0x46eda47e604e404be67fcc58f3d176004e1f4c8390ac7291d27dd57153ca447b
2023-03-29 01:33:30,True,0.4644,0.001482,2360.82,3.5,0x52...1c7e,https://bscscan.com/tx/0xd190fba70559d1370ecf0d161d5fee931b40ac4171da1b9b7c5fd6a8be396bb8
2023-03-29 01:33:30,True,0.4643,0.001482,2361.26,3.5,0xed...4f31,https://bscscan.com/tx/0xcca9a18c3a236027eeb30c5baadd4292ceb962bfdba21ba9c2485fa8c54822d5
2023-03-29 01:33:30,True,0.4642,0.001482,2361.7,3.5,0x2f...e155,https://bscscan.com/tx/0x95b07d49c36dc51eaa0d8d2d8da573a9b29272fe98ee2ba81fff53f09158913a
2023-03-29 01:33:30,True,0.4641,0.001481,2483.6,3.67995,0x00...78d2,https://bscscan.com/tx/0x8c792962b7dc1cc3b75b2565f084a3e3ce695d5dc38bf305203ffbfe4f8b1e0e
2023-03-29 01:31:48,False,0.4617,0.001474,90.2154,0.1329,0x27...5457,https://bscscan.com/tx/0xddc01bac7d0f6ef648b4f375c40b9ea838678a4fb6dd565e84c1ac0f09497fd7
2023-03-29 01:31:18,False,0.4594,0.001474,10.0,0.0147,0x27...5457,https://bscscan.com/tx/0xedc9d871bb6a2e0f870ba59a43f59d498dc4deb3c656bc7438d98941f7674ca1
2023-03-29 01:27:54,True,0.4638,0.001481,30.1606,0.0446,0xd4...d5df,https://bscscan.com/tx/0xd4703cbbc7777b9a5e58700dcde077d57d79dd06248f9b12d6d92446c69cebde
2023-03-29 01:26:48,True,0.4616,0.001482,200.618,0.2973,0x6c...e0e6,https://bscscan.com/tx/0xe1e4f21da5a4b760b3bd4e86c657c55975bb3784d5e4650deaf486f7d29aa17b
2023-03-29 01:24:51,True,0.4613,0.001481,12.5335,0.0185,0x62...1698,https://bscscan.com/tx/0x470dc20fa273719e37effdb4f26e03246e198ee69e68b4002e51fde4bc627f97
2023-03-29 01:19:33,False,0.459,0.001474,2.32494,0.0034,0x3a...bd67,https://bscscan.com/tx/0x7bb2db0214442f4935d7d6574fde594a227a080dcb57e4f7fa98b05ffa8da6d9
2023-03-29 01:17:48,True,0.4636,0.001481,43.0944,0.0638,0xf2...103c,https://bscscan.com/tx/0x9f7a0fce3483e887eca17ce6d296008ff725648563571648ce9fa1580bb61318
2023-03-29 01:08:51,True,0.4637,0.001481,829.9,1.22948,0x00...78d2,https://bscscan.com/tx/0x7281fd8d356360d5e6d22f135baea2cc435d98ff666c9101995ed914290c8921
2023-03-29 01:05:30,True,0.4631,0.001481,2362.8,3.5,0xed...4f31,https://bscscan.com/tx/0x50442f538fe1e69ac311017c677a28d1ecb4b7118a7798c414352c77d6848337
2023-03-29 01:05:30,True,0.4631,0.001481,2363.24,3.5,0xda...c952,https://bscscan.com/tx/0xbdabc7dd34c4722ee021e1595cc89ef1100100234b105dc10678f6f07e22b430
2023-03-29 01:05:30,True,0.463,0.00148,1446.9,2.14256,0x00...78d2,https://bscscan.com/tx/0x471329f70fb63420fc464a20658286be338b2625f3227b67c964c81197c5d434
2023-03-29 01:04:21,True,0.4606,0.00148,646.957,0.9579,0x70...8487,https://bscscan.com/tx/0x6148d7c168b9997757ac4191e21abf0f83eb11f015e7b64bfabd814c4c11a10d
2023-03-29 01:01:51,True,0.4635,0.00148,2364.07,3.5,0x91...79fe,https://bscscan.com/tx/0xd35a3015eec1ad474ee79a926d64d5c1bbcbffbc048f0c8a559a17f274062639
2023-03-29 01:01:51,True,0.4634,0.00148,2364.52,3.5,0x2f...e155,https://bscscan.com/tx/0x5433eade28c4e9727fae2947d4dabdc7b80a0d0a7f79a4222c1c7697672f0fee
2023-03-29 01:01:51,True,0.4633,0.001479,2364.96,3.5,0x62...1f10,https://bscscan.com/tx/0xd7fb918bf759f167a1b31b9e7f789a58444b6e836adb378e6a673bb000c3b2c6
2023-03-29 01:01:51,True,0.4632,0.001479,3074.7,4.54939,0x00...78d2,https://bscscan.com/tx/0xbb59479f5236b4241aa2035dbaaea0edb320d8ef00d225ca8178321042e358cd
2023-03-29 01:01:36,True,0.4608,0.001479,93.8604,0.1388,0xed...4f31,https://bscscan.com/tx/0xf65ac7a387bae6b0ecab38f54f23e880a07b9ed37c1820f2e993b1573175d1e6
2023-03-29 01:01:36,True,0.4608,0.001479,2366.0,3.5,0x0c...8533,https://bscscan.com/tx/0x6c5339f831ca89408e102bfee870f657ab16310fed3217f354a6f62c722ffe16
2023-03-29 00:49:20,True,0.4631,0.001479,647.475,0.9576,0x70...8487,https://bscscan.com/tx/0x830989cc656aa5f43de8642b4354546a8c20a68ca145f3b8fd7214bba6a56cf5
2023-03-29 00:46:53,True,0.4631,0.001479,24.0,0.0355,0xee...8089,https://bscscan.com/tx/0xbba7a9e1a446f8fa70bdd09250d3302d4b72df6d490aca87a4e03a4604860306
2023-03-29 00:46:35,False,0.4585,0.001471,20.8529,0.0306,0x52...8d7e,https://bscscan.com/tx/0xda9253d38e103d758f58fa8933c4978e75bc1ae59fd676f60b8c5acf428b5936
2023-03-29 00:45:35,False,0.4585,0.001471,18.0,0.0264,0x3c...4da0,https://bscscan.com/tx/0xd5baf4af6bcee6aea567d4dd4f70d51ce583a4e955e350848be78aee049bea92
2023-03-29 00:41:47,True,0.4631,0.001479,1933.3,2.85929,0x00...78d2,https://bscscan.com/tx/0x8fdbd8548c17563adbf190ae776db3c4a269b7aa0d9ccb55e5effca803dc01ea
2023-03-29 00:39:35,False,0.4608,0.001471,15.9275,0.0234,0x2d...2204,https://bscscan.com/tx/0xedef9306661b3b034927e7201cfbd0843fda80acf6ff51b0fa04b660c77fb20a
2023-03-29 00:39:08,True,0.4631,0.001478,40.572,0.06,0xe7...00c0,https://bscscan.com/tx/0x3463a2c9e852653f709ea94a62fda9e14dcc67d8c0a73c9849b2e39b83eff74f
2023-03-29 00:34:54,False,0.4582,0.00147,8.47814,0.0124,0x55...2f89,https://bscscan.com/tx/0xf9c4a5e3fae197b48e1ad14238e4991b31c109e4778dc01c4ee7aee37bc1501e
2023-03-29 00:34:48,False,0.4582,0.00147,15.0,0.022,0x5c...4731,https://bscscan.com/tx/0x9a9b626c03d780f8a278d9b517226c01c9ae26bb29effb9f04b6f0e64272f728
2023-03-29 00:33:12,True,0.4631,0.001478,646.58,0.9561,0x70...8487,https://bscscan.com/tx/0x9db0b3ccf432b1d44242354998006553364aed31ae9ead2ba1ad51d67fbb652c
2023-03-29 00:26:24,True,0.4608,0.001478,1263.6,1.86849,0x00...78d2,https://bscscan.com/tx/0x3a2f8d9f6fa8f4241ff70b1efb433ad342daa29eb4f55af56a9a82c478b7fd91
2023-03-29 00:24:51,False,0.4608,0.001471,1270.34,1.86908,0xf2...103c,https://bscscan.com/tx/0xfb19523af381a35ef4efd0e38f7ace757dcff4fffcdba68bd65ec693a4e05740
2023-03-29 00:24:06,False,0.4585,0.001471,29.0,0.0426,0xf2...103c,https://bscscan.com/tx/0xc75ca61ffdda1789a2bbfad764c3105039bd1fd434290678838861815e0bbd82
2023-03-29 00:23:57,True,0.4631,0.001478,1117.5,1.65247,0x00...78d2,https://bscscan.com/tx/0x817e730141ee43c85748c6df84c6a99e01b62d5ac39f2c1bc920e1a307fa5c7f
2023-03-29 00:23:39,True,0.4631,0.001478,2415.8,3.57178,0x00...78d2,https://bscscan.com/tx/0x48cc147d3d3c30f32982234aeb26ac17c11c2e9127d702c94d510f37f4668d33
2023-03-29 00:16:39,True,0.4613,0.001478,1904.4,2.81519,0x1f...4049,https://bscscan.com/tx/0xf1d9b9ed5eb1c5756c84a23ed6763fca4798d834f5e24a92a7b090cba1b13c4d
2023-03-29 00:08:42,False,0.4616,0.00147,47.8853,0.0704,0xf6...0562,https://bscscan.com/tx/0x3ada6e736f5650c8fb20d4ee85f805dab77f7eba1e839205682cd9f17550e44b
2023-03-29 00:05:24,False,0.4616,0.00147,13.23,0.0194,0x5c...70bd,https://bscscan.com/tx/0x5fbe3677bc2d98e5259b591f538cd08e0e5f764bf2aa45e36e5bb761884f9859
2023-03-28 23:59:47,False,0.4592,0.00147,20.3406,0.0299,0xb4...6d63,https://bscscan.com/tx/0x628576fc60b9178632f97f34f3adad1e615e487a4201deed2767a9933cb4935f
2023-03-28 23:59:38,False,0.4595,0.00147,24.0924,0.0354,0x3d...3d57,https://bscscan.com/tx/0x727a03ddaaf4b05b17192bb503f39b6c2166025c1103958686b0468ae497c10b
2023-03-28 23:49:02,True,0.4626,0.001478,348.541,0.5154,0x36...a89b,https://bscscan.com/tx/0x413f4e7304109da503242e18d55dec010cd623e2718080fddd2aafd2cd386c13
2023-03-28 23:43:44,False,0.4626,0.00147,16.0,0.0235,0xb4...6d63,https://bscscan.com/tx/0xe0a3b03023cad94aca429cd731e430b003bd27783b1fa206807fc1200d12685e
2023-03-28 23:29:52,True,0.4623,0.001478,219.497,0.3244,0xd4...7960,https://bscscan.com/tx/0x835f88a0dbb5689b8fe7f164a0d1513d10c77bee5a70c41e0d879864c2d105e1
2023-03-28 23:12:23,True,0.4648,0.001478,54.1239,0.08,0x5b...91e7,https://bscscan.com/tx/0xfb1c586db078a3fc9c9d5997bd918f23b3b3fdd466c5934411a359290004ca6b
2023-03-28 23:09:53,False,0.4602,0.00147,5.0,0.0073,0xee...ab7a,https://bscscan.com/tx/0xa5c78fb4bc1c33f6a7474946076cccc858b80c545ec25fc3dbf137fd7fb618ea
2023-03-28 23:06:38,False,0.4626,0.00147,109.811,0.1615,0xa9...dab1,https://bscscan.com/tx/0xc78840e39f2c76f812404fdcefa2e6334de333f66348e40f9be078631d1d3858
2023-03-28 23:04:41,True,0.4649,0.001478,28.6065,0.0422,0x92...a4fe,https://bscscan.com/tx/0xa56fdf93fe613a411e18fd68ec817bfae18e0a79c68147f5cbc50a3610c5039f
2023-03-28 23:03:02,False,0.4603,0.00147,111.546,0.164,0x63...fd97,https://bscscan.com/tx/0x3ed69949536c1206cc079cf76df001d68433d8717e03504c0e0fe6594772bd5c
2023-03-28 23:02:08,False,0.4603,0.00147,3.29319,0.0048,0xf6...15bc,https://bscscan.com/tx/0x6f3d11e8ba111b872b5b990886ca9e3a2c0e1594407f4cf78c9772f4a8a9eda8
2023-03-28 22:59:08,True,0.4651,0.001478,42.8658,0.0633,0xcf...1320,https://bscscan.com/tx/0x2c1e341b1ef4b54686badcc5054e0f0c2d870d6d2686415aea5d9f3c255a7b8b
2023-03-28 22:57:41,True,0.465,0.001478,765.3,1.13116,0x00...78d2,https://bscscan.com/tx/0xf86dffcf5e10f82da9caabeefb619728412cfafe09abee685c8c8e0178a5089d
2023-03-28 22:57:26,False,0.4604,0.00147,13.3525,0.0196,0x9f...3fb5,https://bscscan.com/tx/0x7e93d97c5c06a535f372c940d5bdd6e7ec46d809caf1c71e932a4d97f538120d
2023-03-28 22:57:26,False,0.4604,0.00147,63.7246,0.0937,0xa0...69ff,https://bscscan.com/tx/0x87368c8cf38099e4f72fab422bf6d0fe3dd53083177a7042e17201b011df6656
2023-03-28 22:56:50,True,0.465,0.001478,28.5753,0.0422,0xe6...b877,https://bscscan.com/tx/0x1e272c3b6f2e3ded4c798a60faa64a58687c47086be99160403abe30d269183a
2023-03-28 22:55:26,True,0.465,0.001478,42.972,0.0635,0x0e...96cc,https://bscscan.com/tx/0x5a718b354d2111d513641a206f4988ec40d03ec97d5bad99a1e6eb37b55ea475
2023-03-28 22:53:32,True,0.4628,0.001478,42.8616,0.0633,0x82...6730,https://bscscan.com/tx/0xf7e2dedad946bf038f0552cedae0cd15b3ba74654faa7f150fd2d4d2b48cb31a
2023-03-28 22:53:17,False,0.4605,0.00147,1.0,0.0014,0x50...a125,https://bscscan.com/tx/0x0d491407c8aa15ed973077c3e3bb25b32e31ccf7bf0accb97f5095b84c421a48
2023-03-28 22:51:53,True,0.4653,0.001478,28.5738,0.0422,0x60...0037,https://bscscan.com/tx/0x0f46f330d0bc56fe2a9c697b44896a4a1dd7cd56ad13a5ffa98487e4f8580f8b
2023-03-28 22:50:38,True,0.4653,0.001478,42.9659,0.0635,0x0e...96cc,https://bscscan.com/tx/0xe04cb2e784d32b028ef9b7817795ec6ae8190742ec4b59bbaeb90d477a17056c
2023-03-28 22:49:11,True,0.4659,0.001477,1148.6,1.69756,0x05...7eea,https://bscscan.com/tx/0x9047841d0a2a1b168ac6a89c1ea1935eded6a22ba22f9ee27c21df3d5b7ac0ee
2023-03-28 22:45:44,False,0.4611,0.00147,5.26345,0.0077,0x2a...4fae,https://bscscan.com/tx/0x2161d9a82f5b65b9676c25a851b090e01a3e4cec3ff8bafa2050eb71e1437068
2023-03-28 22:32:44,True,0.4661,0.001477,2368.5,3.5,0x0c...8533,https://bscscan.com/tx/0x8a15b03b57170ff05c855582cf8df65947096ac9fa7506ee1829a7d1b7453aea
2023-03-28 22:32:44,True,0.466,0.001477,2368.94,3.5,0x62...1f10,https://bscscan.com/tx/0xf6d1bfc2d3c0408e79f9eacacac0da97948258ddfb84a7345d2c0abbf7f9f1b5
2023-03-28 22:32:44,True,0.4659,0.001477,949.9,1.40325,0x00...78d2,https://bscscan.com/tx/0x264e1eb26d97be700c5acb39fc5e897c95f72da09d32e1cae5d8104cd751c301
2023-03-28 22:31:20,True,0.4659,0.001477,131.1,0.1936,0x7a...bb4f,https://bscscan.com/tx/0x5bc5ce29b15930acdb7bea3b85bfb800287a5b3567735f95e7c2c2509a9618d8
2023-03-28 22:21:02,True,0.4637,0.001477,806.0,1.19058,0xa0...cc8d,https://bscscan.com/tx/0x3b0defe3f0e84e4952fe9409c8f379a1fdf8434180ef0db976d3b02f873c9eeb
2023-03-28 22:20:59,True,0.4636,0.001477,1663.0,2.45625,0x71...69e3,https://bscscan.com/tx/0x1bc30c4ed8e29fe97dc434c6529f9a319987975d33457ae8f95e056a50a37fe4
2023-03-28 22:20:56,True,0.4633,0.001476,548.1,0.8094,0x9d...6dab,https://bscscan.com/tx/0xe651da1751d69f5b9e2b410ba0bc1fc4335b786930892d8b08e3f993436e8e2f
2023-03-28 22:18:29,False,0.4612,0.001469,35.0496,0.0515,0x1a...0c99,https://bscscan.com/tx/0xe9ae3244422fa0863e557e96e0cf2c4972d3a9b31b2654e3a013e1dd5b9f0b92
2023-03-28 22:17:35,False,0.461,0.001469,350.06,0.5144,0x89...7a42,https://bscscan.com/tx/0xa78234f68bf223d43e4d6173f20a50c7bedfe5fc4cc3322b0f680fb7fad0a1eb
2023-03-28 22:14:50,False,0.4636,0.001469,208.992,0.3071,0xa7...aa71,https://bscscan.com/tx/0x1bf0dc7d90723fab08350697ae2c989f2c0fb5d432bda1dbe9f13f8714da5e1e
2023-03-28 22:10:29,True,0.466,0.001476,41.9797,0.062,0x56...4465,https://bscscan.com/tx/0xe9279e0b90555fcb4d6aa3b5354ccde3898dc72780bbf5ef1e124a6920a49cb9
2023-03-28 22:10:20,False,0.4636,0.001469,21.0348,0.0309,0x4a...1c2a,https://bscscan.com/tx/0x9392ea9ed297c89d63878a763cbcb125fbe775ed96df8bb6dde14bba5612df90
2023-03-28 22:09:02,True,0.4636,0.001476,71.4624,0.1055,0x52...a560,https://bscscan.com/tx/0xa78d81b53e1e4e9386b707997d372054d09afc3f88c9d859f9cda2d177f30de5
2023-03-28 22:06:32,False,0.4637,0.001469,13.0043,0.0191,0xe9...891f,https://bscscan.com/tx/0xdbc568a887f9d1af90ee86954db78768d29a827276a85c96d603df74f767dda7
2023-03-28 22:05:56,False,0.4611,0.001468,48.5368,0.0712,0x75...6ebd,https://bscscan.com/tx/0xba1bea0a8429e524fda2eb7aa4422524a8be82c59e11f3117aba138b3c113b18
2023-03-28 22:04:50,True,0.4638,0.001476,232.9,0.3439,0x3e...a7c8,https://bscscan.com/tx/0xc73547fd6a5678b364762197b3eed252cec192162d87651a169ddd94ec6bb0c6
2023-03-28 22:02:12,True,0.4634,0.001476,249.826,0.3689,0x3f...66aa,https://bscscan.com/tx/0x02da2c918c66a0a086ef56328aeef144d1cbbf8ed3718c5ff603b6ddec875156
2023-03-28 22:01:36,False,0.4616,0.001469,13.0,0.0191,0xa8...a962,https://bscscan.com/tx/0x10fe206e227a19e0c3847d70ade2b6e833839a57a96bf6932e50000a395a6628
2023-03-28 22:01:03,True,0.4663,0.001476,1466.1,2.16508,0xaf...847e,https://bscscan.com/tx/0xe89468bdc4a174c519203e363597a1e4e9684a8d1a800a464b2968dbc3f2d94b
2023-03-28 21:54:12,True,0.4637,0.001476,4390.79,6.48265,0x7a...c707,https://bscscan.com/tx/0xd231976c45eb28f2a2100078192003f99d02efbfc900c6ee95643221a6c06efc
2023-03-28 21:51:27,False,0.4618,0.001468,3.88269,0.0057,0xd7...0c77,https://bscscan.com/tx/0x3bf7b0deb42e74a90005a4c6d76eacbc7717678343fef01c280b968bdfa19930
2023-03-28 21:51:12,False,0.4618,0.001468,10.6494,0.0156,0x97...37d9,https://bscscan.com/tx/0x23e20166c10b60dbd76086e1c6257627770cdd818804a3cbd4cb5272afbf3607
2023-03-28 21:50:51,False,0.4593,0.001468,21.7811,0.0319,0x97...37d9,https://bscscan.com/tx/0x2667f9bc464e4f5834243879a05beb76f9a16a19908f02473dc78e0f8457857d
2023-03-28 21:44:18,True,0.4617,0.001476,2371.23,3.5,0xed...4f31,https://bscscan.com/tx/0xc544625c526b186b234d5d6b3020433114f9d30b2bcc5a54604818ea5e43a555
2023-03-28 21:44:18,True,0.4616,0.001475,2371.67,3.5,0x2f...e155,https://bscscan.com/tx/0x1b8ccf772329add2f245f4aa5f4c6d8944258d2bb5474d1872e5ae55e9c225e6
2023-03-28 21:44:18,True,0.4615,0.001475,1992.1,2.93934,0xb3...55e7,https://bscscan.com/tx/0x2be4b770ec5ae919ab7ab2f0761c081f54fffb50e1b2fc09bfaf991c5d1f16b3
2023-03-28 21:41:12,True,0.4615,0.001475,647.299,0.9549,0x70...8487,https://bscscan.com/tx/0x94dfab23c397bfd06d259559f75fcee2d108d78a1f36b72e89f102394d84035b
2023-03-28 21:37:00,False,0.4615,0.001467,48.3568,0.0709,0x63...9a7a,https://bscscan.com/tx/0x7820bba56089302f9883a38da7902c623085989d2d3f7f8af193fa54f729eee5
2023-03-28 21:35:33,True,0.4614,0.001475,56.3083,0.083,0x2c...c9c5,https://bscscan.com/tx/0x9bd323c9422b7518d7a21b25d40d50556e21ab54165148600ec5aec56bacb63c
2023-03-28 21:34:03,False,0.4591,0.001467,10.7081,0.0157,0xf2...0b57,https://bscscan.com/tx/0x33ff8990224bd2c1f50bb6f8d726de4efdecb9c49f2b28d8aa3e13c1ec7c089f
2023-03-28 21:29:57,False,0.4612,0.001467,4.34783,0.0063,0x80...02dc,https://bscscan.com/tx/0xf70bf0cf4ff1929bf3473c9ba12553ce5e50d5a28ab7fd635851174d800d9e25
2023-03-28 21:28:27,True,0.4635,0.001475,27.0761,0.0399,0x2a...6cdd,https://bscscan.com/tx/0x162328ab015033b1693af87ec05176e8d529be0577bb3ad26f85c59fabfe1c38
2023-03-28 21:26:45,False,0.4612,0.001467,9.86329,0.0144,0x5d...d98a,https://bscscan.com/tx/0x30bca631dc7082eefc4d89a826858d8187d08398bb97456de109c5a787c7c014
2023-03-28 21:26:12,True,0.4634,0.001475,646.903,0.9543,0x70...8487,https://bscscan.com/tx/0x9087e93edb034dea281033299dc3a50fed95eccb2bed0d4ac90e3304551c0498
2023-03-28 21:23:15,True,0.4615,0.001475,326.681,0.4819,0xd3...ec6f,https://bscscan.com/tx/0x654110de94caca56f6d031452ed86f643c581b637cd1745f20653f578e49f810
2023-03-28 21:23:06,True,0.4638,0.001475,654.566,0.9655,0x2c...015a,https://bscscan.com/tx/0x8def5edccd490d5b038a73b9f184754f92a54a3ba009b247421d0ec6ea4f29e4
2023-03-28 21:23:06,True,0.4638,0.001475,654.6,0.9655,0xd3...ec6f,https://bscscan.com/tx/0x538d6390beef423e5e165a7e662a4587d944508573b66b64b62e01ffe4cf0a6a
2023-03-28 21:21:24,False,0.4616,0.001467,140.686,0.2064,0xe6...3705,https://bscscan.com/tx/0x366b8b1b952101ac103d1c9bc6fa1c48929878d14bb732f508d1fed353660f22
2023-03-28 21:20:15,True,0.4619,0.001474,1845.8,2.72246,0xd3...ec6f,https://bscscan.com/tx/0x823d03f5fc1bb49667ae8494e0dbd262515f950b2f3b383fe61cf1115f1ff21e
2023-03-28 21:18:21,True,0.4622,0.001474,1850.9,2.72958,0xd3...ec6f,https://bscscan.com/tx/0x32ddd41fd2d471ff72244ca5eb0a1cb0899c029d52fc5dba2cd1ab0b0ba2567e
2023-03-28 21:18:15,True,0.4621,0.001474,4058.47,5.98376,0xd3...ec6f,https://bscscan.com/tx/0xc2a3a931969cb4cf140faaf4a73f6e1db241bd3051871b79248ff493b4da4786
2023-03-28 21:18:06,False,0.4596,0.001466,19.7623,0.0289,0x12...8521,https://bscscan.com/tx/0x88eb5bf82765880f712b1901dde75841f92cf86e72b2a9ba51c18f875369e92a
2023-03-28 21:17:48,True,0.4619,0.001473,4036.08,5.94886,0xd3...ec6f,https://bscscan.com/tx/0xe2c045bc3edcfb5efc8066f8f550b9b7bda7841ffe4bc4f6726c2f2abc4fbad5
2023-03-28 21:17:42,True,0.4618,0.001473,2.0,0.0029,0x27...8af0,https://bscscan.com/tx/0x856377eece9d28a372ea0cb9a83778b6d35e4b039ffe99998ff50ee707459364
2023-03-28 21:17:21,True,0.4641,0.001473,4037.38,5.94887,0xd3...ec6f,https://bscscan.com/tx/0xbf08b4354b3e198cf9a81911b5938a48bdc68a99d295ac411c3c8b39da05e433
2023-03-28 21:16:24,True,0.464,0.001473,4086.73,6.01965,0xd3...ec6f,https://bscscan.com/tx/0x5e0a7656158f114f0052de3dacc07d7d3ff1730d11df439cb7e2ea67ffd3039d
2023-03-28 21:16:21,False,0.4593,0.001465,50.0,0.0732,0xb7...f07e,https://bscscan.com/tx/0x3121f8125521925213dda77fb6d34cb465adbb580f103aae42a7ec75395d626f
2023-03-28 21:16:21,True,0.4615,0.001472,4034.77,5.94124,0xd3...ec6f,https://bscscan.com/tx/0x7566ee4dc96d088212d96abcb3265ba7bf27001724dfc63aafd379e5f1c23b91
2023-03-28 21:16:15,True,0.4614,0.001472,3392.21,4.9936,0xd3...ec6f,https://bscscan.com/tx/0x6b53d85e04505b2f3c74e2c30027e918b128da38690b20a9147caad2f70df421
2023-03-28 21:16:12,True,0.4613,0.001471,870.035,1.28054,0xfd...1f3e,https://bscscan.com/tx/0x1f5c9e13e4771c30636600838ccd83a2466e10e2a2c8bc6a93827640d46ea9f6
2023-03-28 21:15:39,False,0.4611,0.001463,226.0,0.3308,0xde...367a,https://bscscan.com/tx/0x09575d429d59ff3b43249465e1b2fda77cbea631094aeaef0db2bf3409415a5a
2023-03-28 21:15:14,True,0.4613,0.001471,4036.29,5.93969,0xd3...ec6f,https://bscscan.com/tx/0x9e3b31f729a116fcc6639ac37639dcd894cb3fa675094c5b1c6e58c86e67358f
2023-03-28 21:12:07,True,0.4634,0.001471,2891.62,4.25406,0xd3...ec6f,https://bscscan.com/tx/0x80e6fc70203263dd6d93021eaa7a8a3cd96518bba9dffee981f4adb3ecf621fa
2023-03-28 21:11:13,True,0.4633,0.00147,1172.5,1.72467,0xd3...ec6f,https://bscscan.com/tx/0x5c3d8661bacc0abc21cffb1a3c5a35feeb4b61abafb44cd3cab6dd4ecfe54e73
2023-03-28 21:11:10,True,0.4633,0.00147,1172.5,1.72451,0xd3...ec6f,https://bscscan.com/tx/0x792ccbfe8b6cb2972fb6dfe71c77f8b201b3ad6fc26520596d680fb5cf5e5283
2023-03-28 21:11:04,True,0.4607,0.00147,1172.5,1.72435,0xd3...ec6f,https://bscscan.com/tx/0x20b2b8e0cd3b9cf13ffaa46f49c9bbd27728ad4d20a99c8ab2663cc8e9a583a3
2023-03-28 21:10:13,True,0.4607,0.00147,647.436,0.952,0x70...8487,https://bscscan.com/tx/0xa5241ab5ce34949ecd958dfdc2637f6eb24613a4a135914be8946ba1e07b2e24
2023-03-28 21:10:07,True,0.4609,0.00147,1172.5,1.7241,0xd3...ec6f,https://bscscan.com/tx/0xb88f8298141881ad257ef9ab0f05d61b96aa5b09968d8e47afff4504095ba4c1
2023-03-28 21:10:01,True,0.4608,0.00147,1172.5,1.72394,0xd3...ec6f,https://bscscan.com/tx/0x7c34178b0e7cb4b9ac231a41416f0b5d92e924b8cc32ab0bb3a6e4f48dab3e9b
2023-03-28 21:09:34,True,0.4632,0.00147,972.3,1.42947,0xd3...ec6f,https://bscscan.com/tx/0x89d60fd1107090d91a11e84497ee2c109ff503ac074e348b0b48cdf0e022f66d
2023-03-28 21:08:16,True,0.4608,0.00147,1507.82,2.21657,0x43...fe22,https://bscscan.com/tx/0xe30ab32a6630896d4ebcd72e86117739f0fb4b1350152bdfb265cade4fdba6f4
2023-03-28 21:08:16,True,0.4608,0.001469,1508.0,2.21657,0xd3...ec6f,https://bscscan.com/tx/0xdbd334ccf30b7efd921ea5499b8edb21c6ac9d1e9367db400f885ecb0aa2f9ff
2023-03-28 21:08:13,True,0.4607,0.001469,624.177,0.9173,0x0e...7558,https://bscscan.com/tx/0xa153a0c2f9a1954c5088abd71e03233d64114da8f96b6b5281c3d05b799a6ce4
2023-03-28 21:08:13,True,0.4607,0.001469,470.7,0.6917,0xd3...ec6f,https://bscscan.com/tx/0x552420d7ddbee142c433de1e1b5f2e83d1df4569579067bbfaf9f680b09bb79b
2023-03-28 21:07:25,True,0.4609,0.00147,31.6942,0.0466,0xa9...0c0f,https://bscscan.com/tx/0x64bd5c552a0941ab061c3124fc8c9802ae24aece7d5f403282cb65b632141781
2023-03-28 21:07:16,True,0.463,0.001469,21.301,0.0313,0x09...ebf0,https://bscscan.com/tx/0x7f6c71d0fda345986dfbfd9110534cc4f461e91d320db2393edc65341b59f3bd
2023-03-28 21:04:07,False,0.4606,0.001462,20.5196,0.03,0x52...8d7e,https://bscscan.com/tx/0x42183a8bddee10bc599bd8009cfc15657bc942314d276014e54701a2c2e4da14
2023-03-28 21:04:07,True,0.4629,0.001469,475.5,0.6988,0xd3...ec6f,https://bscscan.com/tx/0xa2004280de520d349a5416bc3f293ddcbaf1e2fb1bf60438d5cff2ce5dda1d78
2023-03-28 21:04:01,True,0.4629,0.001469,1661.6,2.44172,0xd3...ec6f,https://bscscan.com/tx/0xad2cf4822ef1290b47e240c2df4db03471cf056d77b51b000d6d8721a78b4634
2023-03-28 21:03:58,True,0.4628,0.001469,1661.6,2.4414,0xd3...ec6f,https://bscscan.com/tx/0x221e6e0bc2301e9aa2797aaf62c0061c55a76fd483d1d40a36297960e8598f9f
2023-03-28 21:03:55,True,0.4603,0.001468,9549.4,14.0248,0xd3...ec6f,https://bscscan.com/tx/0x82b653061733829ab2d4c4e848f6e8c1689f6fb73236748a6b8f01870974a1e7
2023-03-28 21:03:52,True,0.4601,0.001468,2384.25,3.5,0xed...4f31,https://bscscan.com/tx/0x8682e2f33b6969c566f535b0e0b7164e809d98200023387c24be7c7b98137a11
2023-03-28 21:03:52,True,0.46,0.001467,2384.7,3.5,0x0c...8533,https://bscscan.com/tx/0xea1896b312626d12dd811dcd1d81f1bf665c0bfe538efa365f3515fd6b8be9ca
2023-03-28 21:03:52,True,0.4599,0.001467,4333.0,6.35783,0x00...78d2,https://bscscan.com/tx/0xc98046192369bd67552d2220786d4d80b2d242df39f45fc7560776eef97816a8
2023-03-28 21:01:52,True,0.4597,0.001467,526.3,0.772,0xd3...ec6f,https://bscscan.com/tx/0xbb2c430fdf1fc72d99c483dc2eff52744288fe546242ef52fe303777b8fd472d
2023-03-28 20:58:28,True,0.4593,0.001467,389.968,0.572,0x15...a42e,https://bscscan.com/tx/0x86b86cddcea074081e1ba8cf98ccdad11b59b34f70acc73c88bbe8f3238ea07b
2023-03-28 20:57:10,False,0.459,0.001458,20.7671,0.0303,0x5a...53dd,https://bscscan.com/tx/0x6114e16ece3acb8e320762c7acf9af4b7b0f02e70b7b361c89f1cbe9577b8f99
2023-03-28 20:55:10,True,0.4607,0.001466,651.547,0.9557,0x70...8487,https://bscscan.com/tx/0x0ab9c08e06de13c3da56673f8c63ce69ddfa1d63f8a70f5f17cb2bf051370086
2023-03-28 20:54:16,True,0.4605,0.001466,1593.6,2.33747,0xd3...ec6f,https://bscscan.com/tx/0x283afd06516d2d735159c85c72bcadd6cd30a57ed4bf6975fbf3861321aa7102
2023-03-28 20:53:10,True,0.4578,0.001466,2839.72,4.16453,0x2c...015a,https://bscscan.com/tx/0x54ad7f29a65cb77efa6e9d1cb6b5d04ce51906e1dcaecb1c9c464689ab5b7221
2023-03-28 20:53:10,True,0.4578,0.001466,1246.4,1.82758,0xd3...ec6f,https://bscscan.com/tx/0xbf4983a955d38a82b6322d64d4fabb8d85efa08e0a0b4d30d3bcbf3611d9c495
2023-03-28 20:53:07,True,0.4577,0.001466,1280.6,1.87754,0xd3...ec6f,https://bscscan.com/tx/0x884064054e3218d5838f0684e6079f6850232aff939585b90773320cb892953f
2023-03-28 20:47:27,True,0.4598,0.001466,903.107,1.32397,0x47...b7a9,https://bscscan.com/tx/0x73d10afdc0a75da276d5718c8923c949efe044f0964a0b4549aadcddab8005fe
2023-03-28 20:46:30,False,0.4575,0.001459,6863.35,10.0139,0xf9...5ebf,https://bscscan.com/tx/0x11764042c67ed4e8fd9ac070c761baed49191d41525afaa40ce1d4de9f50234b
2023-03-28 20:46:15,False,0.4575,0.001459,5000.0,7.2986,0xdc...ad8e,https://bscscan.com/tx/0x5bb32f7c205eb66ede69aa58bf10d42ae6c756f0de3763c7c0e2598a1b7f78da
2023-03-28 20:46:00,False,0.457,0.00146,4380.46,6.3966,0x38...5bf8,https://bscscan.com/tx/0x7d8be01451258363166cdd62dae166b54910c7b3cd75611202d8b29c03931d21
2023-03-28 20:45:51,False,0.457,0.00146,7283.83,10.6412,0xaf...847e,https://bscscan.com/tx/0x0c2584a1ad6ac8b42b91f4a7ef03be2af95c672d201fd449ccb43c4bc08bb9df
2023-03-28 20:45:21,False,0.4558,0.001461,4390.07,6.41653,0x6d...531c,https://bscscan.com/tx/0x7d206a9749613acdb76fbf57c6d64f8c6da9a587d38eb8f93f0e2d1c8ca7efd4
2023-03-28 20:45:06,False,0.4555,0.001462,4272.55,6.24688,0xd3...ec6f,https://bscscan.com/tx/0x3e9782f4bf6fe163dfbce058be1096cf5f841a6d2b8ffccc7cc11b929e5726d2
2023-03-28 20:41:06,True,0.4552,0.001469,0.839,0.0012,0xfb...2f89,https://bscscan.com/tx/0xc05275f4f3d75b98b5d39f15710ae1cfaf95c38b357d2686707e39a8eedf2818
2023-03-28 20:39:15,True,0.4574,0.001469,655.71,0.9636,0x70...8487,https://bscscan.com/tx/0xca7c89baddd58eb103aa6ac91b2181ce3b0f2fbb595d46a75edda9ca6c17aec8
2023-03-28 20:38:06,False,0.4551,0.001462,3.0,0.0043,0xb3...b08c,https://bscscan.com/tx/0x825d22deea21ccb169f040ffbde5635bf154ed38ec5c1581857f176cea08a951
2023-03-28 20:24:12,True,0.455,0.001469,655.474,0.9632,0x70...8487,https://bscscan.com/tx/0x47ebe127f96b6bdc838aeba112e7e9f1a30dd4222d6f88bbcfefbbbd6af69b97
2023-03-28 20:22:57,False,0.455,0.001462,24.35,0.0356,0xda...3787,https://bscscan.com/tx/0x5199d25b661c12c1069f81ecf988842fa54745adf09eec463ff51d162c1dc1aa
2023-03-28 20:11:57,True,0.4573,0.001469,70.0,0.1028,0x7a...bb4f,https://bscscan.com/tx/0xdf61395b763c69b636c99e68095cdc2e37973fe58d49705591ff3c9ac3ee89a3
2023-03-28 20:08:18,True,0.455,0.001469,655.012,0.9625,0x70...8487,https://bscscan.com/tx/0xe0bd8fa8c94eb00af291fc83a79d59bc2443927a9e264104a631f79d92c8eab5
2023-03-28 20:06:15,False,0.4527,0.001462,1.0,0.0014,0xdf...923e,https://bscscan.com/tx/0x9a2a059355e49a08d65238f442c636492c8164baa9b6cdb54f4fe8a4882aa58a
2023-03-28 19:54:11,True,0.4553,0.001469,220.516,0.324,0x11...7789,https://bscscan.com/tx/0xa71f23fe48f81e028345e1add7abff4da4886a199fb7bd1ec6af25c6e54c4de1
2023-03-28 19:53:11,True,0.4576,0.001469,655.533,0.9632,0x70...8487,https://bscscan.com/tx/0xef6674d9549780ad6ae715aa90db963efeb87bc74800fc92d7f49562e277c5a2
2023-03-28 19:48:23,True,0.4575,0.001469,4.87182,0.0071,0xac...a48c,https://bscscan.com/tx/0x843ed95574d8b7c129f2e6a46bf2e82ac403208861cbfa52dd7ac2591db3d58c
2023-03-28 19:48:05,False,0.4529,0.001462,186.293,0.2723,0x89...e3eb,https://bscscan.com/tx/0xb028dd3c113925081e948cfd618db140215886ac1c4152ee4628c7cf466fa006
2023-03-28 19:45:05,True,0.4552,0.001469,10.9289,0.016,0x8c...e58b,https://bscscan.com/tx/0x009f83af53727068d08fc3bbf95d00af1af04c3562fc82bfb0e457674c58c2c8
2023-03-28 19:43:38,False,0.4552,0.001462,5.26409,0.0077,0xc0...32ff,https://bscscan.com/tx/0x04ea7b5a8127bfa60a658d3bba62af07d62aedd25af8b7a9bf8e07d60d874099
2023-03-28 19:40:48,True,0.4575,0.001469,13.8452,0.0203,0x33...8082,https://bscscan.com/tx/0x287388d94898f2eaf0053349fe2ac050a4f043813bfadb27911c74cd1dc2de1b
2023-03-28 19:38:33,True,0.4553,0.001469,952.827,1.4,0x1d...d599,https://bscscan.com/tx/0x519c62bfd00cb0d1879bea0987ccb7b5c8b2df712d5685078283a2ad27c166ab
2023-03-28 19:38:00,False,0.453,0.001462,2432.7,3.55675,0x34...7c76,https://bscscan.com/tx/0xe68203aaeea76d39ca2813edba34ac917fe497a800c24a8a7e6c4ecc8f1b66e3
2023-03-28 19:37:57,False,0.4531,0.001462,2431.62,3.55585,0xd3...ec6f,https://bscscan.com/tx/0xab7e6c0da07f48ad7781f4d642b60546d47471267fe19d2ea5bbdff783a05edb
2023-03-28 19:37:12,True,0.4554,0.001469,655.349,0.9632,0x70...8487,https://bscscan.com/tx/0xba60bc37b4f75c6b8ec4df08450f10ab98a3b6d3443fa4ab2ff05f02c69acd21
2023-03-28 19:35:30,False,0.4531,0.001462,219.729,0.3213,0x2b...4654,https://bscscan.com/tx/0x14f355927c82263423a82aedb61044751a8de70772bd54297045b1f5248407be
2023-03-28 19:35:15,True,0.4579,0.00147,13.4818,0.0198,0x81...99af,https://bscscan.com/tx/0x4f171ec2b4c87d06f4fb628655988456b1d6fcb42e734fcc5065ab9212de92a4
2023-03-28 19:30:21,False,0.4555,0.001462,326.003,0.4767,0xea...7317,https://bscscan.com/tx/0x47edb85b937507def0669638291dbf6c3840bed0f2204239d42b48a04ec24431
2023-03-28 19:22:21,False,0.4555,0.001462,23.8775,0.0349,0xe7...47c6,https://bscscan.com/tx/0x2b35f2d5fdf9739c536a0a26075af091e2e11248ffb61882dda6f60fe7688bd0
2023-03-28 19:21:12,True,0.4578,0.001469,655.156,0.9629,0x70...8487,https://bscscan.com/tx/0x62de6646b8266e1305df17da2566f87bbd7915573b3457e9a5d3cb5b2364229a
2023-03-28 19:20:12,False,0.4532,0.001462,2058.42,3.01046,0xd3...ec6f,https://bscscan.com/tx/0x586fd8e19f03f45b2a6b0c632ea85d469b39d0725adc862c32798ac63f7868e8
2023-03-28 19:19:51,False,0.4533,0.001462,2569.25,3.75824,0xd3...ec6f,https://bscscan.com/tx/0x5826bb27304b19d4e56750f8e3e991c69b59795b4fb05127616808dcafdf8186
2023-03-28 19:19:48,False,0.4534,0.001463,3343.77,4.89233,0xd3...ec6f,https://bscscan.com/tx/0x38618c865e1a68252b27db30c275ad4bd922daa28f250de7345eb314299d2272
2023-03-28 19:19:39,False,0.4535,0.001463,3013.8,4.41065,0xd3...ec6f,https://bscscan.com/tx/0x6b8727c4ceac90fedd0ddac268a9b149cd49748c0fac696f1a97d3961a1849d4
2023-03-28 19:19:36,False,0.4537,0.001463,3013.09,4.41065,0xd3...ec6f,https://bscscan.com/tx/0xca6b4c36d7c07aa0527ce5519e2848307423ecd915370915c77ced79ece57de9
2023-03-28 19:19:00,False,0.4538,0.001464,1069.14,1.56529,0xd3...ec6f,https://bscscan.com/tx/0xb179c28696e0d0a2f7215c2920c4a75ce5238f5f4ef8a1fe7dc870fd50657dff
2023-03-28 19:18:54,False,0.4538,0.001464,1069.24,1.56557,0xd3...ec6f,https://bscscan.com/tx/0xde4e8c5d8dfa591741789d654ac781ec94f9afca9658dade8cefaf95692555ed
2023-03-28 19:18:51,False,0.4539,0.001464,335.132,0.4907,0xd3...ec6f,https://bscscan.com/tx/0x1666a6b904906fac1df339207f6048fe6cc69d7a03097296ecf4017c503b1255
2023-03-28 19:18:45,False,0.4561,0.001464,335.123,0.4907,0xd3...ec6f,https://bscscan.com/tx/0x6f7138bf6ed6a53bce6df8fb3216e405dbf51e215b91ac2d8cafcaf83a75ae3b
2023-03-28 19:08:06,False,0.4565,0.001464,41.622,0.0609,0x29...a336,https://bscscan.com/tx/0x315dfb9a4e1e5d97402873a2da3ccab9e2f5583090053ad8f78a9d5244e8d39b
2023-03-28 19:06:54,False,0.4542,0.001464,1300.0,1.90374,0xb2...6c8d,https://bscscan.com/tx/0xacc2d88485cc4f7c5807e2dd25ac7c0cd5133e697adee6e591a38540ad7ca480
2023-03-28 19:06:12,True,0.4563,0.001471,653.697,0.9621,0x70...8487,https://bscscan.com/tx/0x72d292b2631fae0c132e007629d1d1982074a5cfaae44d5fd4c000b677c60d7d
2023-03-28 19:05:15,False,0.4565,0.001464,100.0,0.1464,0xb2...6c8d,https://bscscan.com/tx/0x903ffc070da1c2986c8295debc2c96ce322dbc18458204c59597cd29af75e45b
2023-03-28 19:02:12,False,0.4543,0.001464,880.865,1.29,0xd3...ec6f,https://bscscan.com/tx/0x33170dbedf6a5806020c4f1b74515240efe662dd9e8df167cda020bee8fd39a5
2023-03-28 19:02:09,False,0.4544,0.001464,1991.36,2.91662,0xd3...ec6f,https://bscscan.com/tx/0xc149ee1d8c99864fd866b6ee11e8dbd75729fadc31daca02dbabd87d9d0fff7f
2023-03-28 19:02:06,False,0.4544,0.001464,1991.05,2.91662,0xd3...ec6f,https://bscscan.com/tx/0xd2216f5225ab13b70598601180d78b535c9e53e1bc3f6e8bca86e387ea251f5a
2023-03-28 19:02:00,False,0.4545,0.001465,41.677,0.061,0xf9...26ad,https://bscscan.com/tx/0xa8d643a01c2e419d75efdf44459e08f82afff4fb801158229bb5430858c875ca
2023-03-28 19:00:18,True,0.4568,0.001472,0.0284,4.187e-06,0x8b...6566,https://bscscan.com/tx/0x0eb2b26ec1c0304cdfb234497b6bbf903941c7a6eba7f094f65b8cc5c4dc81cc
2023-03-28 19:00:03,False,0.4568,0.001465,1204.4,1.7645,0xd3...ec6f,https://bscscan.com/tx/0x1eaa1a285154fb04fbd2d12e1ccbb0df1ff9e234520853a031464d9b7e4db039
2023-03-28 19:00:00,False,0.4568,0.001465,1246.95,1.82703,0xd3...ec6f,https://bscscan.com/tx/0xac4996b2df482e9ea27f1ee60aa7c60ebb1f5169e7a3f9d29984507f131060e8
2023-03-28 18:59:54,False,0.4569,0.001465,1643.33,2.40807,0xd3...ec6f,https://bscscan.com/tx/0x661deb979424cdf824b4d093305c31f18534101ce0df76c0097d23091c9c3c69
2023-03-28 18:59:18,False,0.4568,0.001465,1023.22,1.49955,0xd3...ec6f,https://bscscan.com/tx/0x95969b0e971895831a5cade317d5a1af08d28473f0ecf4bbdffc9ac67c328e3e
2023-03-28 18:59:15,False,0.4569,0.001465,1023.14,1.49955,0xd3...ec6f,https://bscscan.com/tx/0x54a177611ed4c60cde7e1176ce24c11c8782879701b551a41d6da001d7add638
2023-03-28 18:59:12,False,0.4569,0.001465,1023.06,1.49955,0xd3...ec6f,https://bscscan.com/tx/0x607868f042c876e7e99da9cebae63580a81e640a1cf39bd7205564c594dd526a
2023-03-28 18:59:09,False,0.4569,0.001465,1022.98,1.49955,0xd3...ec6f,https://bscscan.com/tx/0x3cdd2bef7ca4ddd0001f4fee666d0bc0c7b8d927237bbae84bf370dd23dc02aa
2023-03-28 18:58:33,False,0.457,0.001466,1023.22,1.50003,0xd3...ec6f,https://bscscan.com/tx/0x88148c61d196ee622c402dfccba08369f0317703eb9feecc96c40f7fc893947b
2023-03-28 18:58:30,False,0.457,0.001466,1023.14,1.50003,0xd3...ec6f,https://bscscan.com/tx/0x20624313618ea27b44d8579ebb6580f9d19d69c1e9141a4258d8a59015740fc4
2023-03-28 18:57:21,False,0.4547,0.001466,1023.24,1.5003,0xd3...ec6f,https://bscscan.com/tx/0xf6ac26c9327b0bda7bbc3ce930a58e2303a1578abe0abc4eb471e7edd25040db
2023-03-28 18:57:15,False,0.4571,0.001466,1023.16,1.5003,0xd3...ec6f,https://bscscan.com/tx/0xe5fee412be3c1779180cd8baebbf63e3c49381992354cfb42b91c05971f940ea
2023-03-28 18:56:21,False,0.4548,0.001466,1023.22,1.50052,0xd3...ec6f,https://bscscan.com/tx/0xedca03aecdf7a3d74eb933953001c3c907ee8ead8088da306925400a586b23e0
2023-03-28 18:55:39,False,0.4572,0.001466,626.376,0.9186,0xd3...ec6f,https://bscscan.com/tx/0xd06faa91f448a35ea01ebdf7700ab0017d4907ab690ce4441109f6d5a812083b
2023-03-28 18:55:33,False,0.4572,0.001466,626.346,0.9186,0xd3...ec6f,https://bscscan.com/tx/0xdd4cccd35a62624095efd9a1234d746f30efc57b8d9d9a303872b41c48bf01e9
2023-03-28 18:55:30,False,0.4572,0.001466,626.315,0.9186,0xd3...ec6f,https://bscscan.com/tx/0x84c378dbc2998662ba4bbd18d0f60216ed02ab5526008a1108a0331c7e2ab48f
2023-03-28 18:55:27,False,0.4572,0.001466,626.284,0.9186,0xd3...ec6f,https://bscscan.com/tx/0xf77ebf10957f5e61d7bd9826d03323cf4127fb2a89f76dc6b8cbd3c4d50a7146
2023-03-28 18:55:21,True,0.4595,0.001474,1121.46,1.65316,0xa4...93d4,https://bscscan.com/tx/0xd1c9e06c0663e6e556d8d634eadc73eef2aff1d6b96338fe3d9867a626690062
2023-03-28 18:55:21,False,0.4549,0.001466,626.308,0.9186,0xd3...ec6f,https://bscscan.com/tx/0xfbab5d7aae2aa34ebe26093434078e43f3f8397f4a48e11ad369d277e0acbeeb
2023-03-28 18:55:18,False,0.4549,0.001466,626.277,0.9186,0xd3...ec6f,https://bscscan.com/tx/0x216675ce3bb9457462ca43c6423985aff475af1a6ef516ecfbf8d18098abc162
2023-03-28 18:55:15,False,0.455,0.001466,626.246,0.9186,0xd3...ec6f,https://bscscan.com/tx/0x88a99ce1a6532dd5f51de7b4464491eeac83758de22e6dfbd8eb153be62f77f6
2023-03-28 18:54:27,False,0.4548,0.001466,626.417,0.9189,0xd3...ec6f,https://bscscan.com/tx/0xa79fb205962927962d9d24b2a481ff44fb77000c1083f504428bcdeda3e283c7
2023-03-28 18:54:24,False,0.4548,0.001467,626.386,0.9189,0xd3...ec6f,https://bscscan.com/tx/0x0eb9e111b2711b61ccf7b835cad1af169105657706e84a6967ccfc6952ea8e8e
2023-03-28 18:54:21,False,0.4548,0.001467,626.355,0.9189,0xd3...ec6f,https://bscscan.com/tx/0xf5e6fdefab0a3df3975e87da2c9776bbf820d46e82a3b0ba9f2474eefcd1fb8f
2023-03-28 18:54:18,False,0.4551,0.001467,626.325,0.9189,0xd3...ec6f,https://bscscan.com/tx/0x931aa234eb589c135e34a4619b897929d1dcd941b996673ea895874e8e492141
2023-03-28 18:54:15,False,0.4551,0.001467,626.294,0.9189,0xd3...ec6f,https://bscscan.com/tx/0x3eeadec0768b88822f04c035a36b06a05fe6bb7c71513bbe5048731a4b7493c2
2023-03-28 18:54:09,False,0.4551,0.001467,2484.9,3.64635,0x00...78d2,https://bscscan.com/tx/0x4fcf9d148b910412b7ac0d3cfdf2bdbbf7196f505e6c7903cf429e6b97baa71c
2023-03-28 18:54:09,False,0.4552,0.001467,2621.88,3.84814,0xd3...ec6f,https://bscscan.com/tx/0x46fe0c73d3c0dd27b737d10a07ba47fea1f6b67c36673c0dfdce7cc1f301a87e
2023-03-28 18:50:12,True,0.4575,0.001475,652.327,0.9623,0x70...8487,https://bscscan.com/tx/0x2c1a651cd13bb9d1de1b891f2f4ffd2c096fcd6904f867d8e9733f35e6cd4401
2023-03-28 18:49:57,False,0.4572,0.001467,25.0,0.0366,0x0e...2859,https://bscscan.com/tx/0xcad050d4abc2681472c1c46460ab3b1abc3462d1a58df720d5c6c3d83aa1baae
2023-03-28 18:48:00,True,0.4572,0.001475,16.8949,0.0249,0x52...8d7e,https://bscscan.com/tx/0x9a26ad5f474b18da2fbc0372202993374e66a5263c91c2fff699179b66ecd899
2023-03-28 18:47:21,False,0.4552,0.001467,60.0,0.088,0x57...42a3,https://bscscan.com/tx/0xa8979fd62e9945f383405cdbe99b8e3e365a3808b540bf4856e04e628cc2fb44
2023-03-28 18:46:57,False,0.4575,0.001467,602.815,0.8848,0xd3...ec6f,https://bscscan.com/tx/0xae9468fed02ccb5b361cd21346a285f5549e4af9b3c34c6eedacc3cd7c1538cb
2023-03-28 18:45:09,False,0.455,0.001467,1304.43,1.91481,0xd3...ec6f,https://bscscan.com/tx/0xc69025666d759b1936c84b5680a2b22c7e349fdd252a58e4be6457c59d17c37b
2023-03-28 18:44:09,False,0.4553,0.001468,3319.82,4.87414,0x98...5cc4,https://bscscan.com/tx/0x264067ecc9270fd4caa052af867ad6497643814f7a6ba6d29b7546438c9f9b23
2023-03-28 18:44:06,False,0.4577,0.001468,37.0,0.0543,0x61...ccba,https://bscscan.com/tx/0xafacb38ef45dd5cd64cd09fb4f7d76d3e86fcf1a964a8bd7989024d8bbeb3721
2023-03-28 18:44:00,False,0.4577,0.001468,1241.51,1.82312,0xd3...ec6f,https://bscscan.com/tx/0xc3a241f7ad702d0de8e12754336f23795cabd5f4ac62c3e41885cfc113acc8c9
2023-03-28 18:43:57,False,0.4578,0.001468,1241.39,1.82312,0xd3...ec6f,https://bscscan.com/tx/0x7c5d2cf04c1a301838a6893849bf2357df550a97529cff3b4a12dce14c25ae1a
2023-03-28 18:43:54,False,0.4578,0.001468,1166.21,1.71286,0xd3...ec6f,https://bscscan.com/tx/0x77607654a2ea57fcbdda1a8102d7982186879080c0dbcbfd82e56359726a3bf7
2023-03-28 18:43:51,False,0.4579,0.001468,1166.1,1.71286,0xd3...ec6f,https://bscscan.com/tx/0xd6f27aeeb0ccb3d47a9c4355a0b797ded3c587f16df77c1bada272e28d9b07d6
2023-03-28 18:43:48,False,0.4579,0.001469,1165.99,1.71286,0xd3...ec6f,https://bscscan.com/tx/0xeae4168ed08237ad4fed89862a2486173041762ddfac5aa2b8cd20d4da28dd9f
2023-03-28 18:43:45,False,0.458,0.001469,1165.88,1.71286,0xd3...ec6f,https://bscscan.com/tx/0x7952a6082e98b6a4e92e2283b2ce2f68ab93a884eaf72321da3dbfe5fffa6cb0
2023-03-28 18:43:42,False,0.458,0.001469,1317.75,1.93616,0xd3...ec6f,https://bscscan.com/tx/0x81392599407c2ba232ca1ce6eb218e4f064e0cd99fe6e1904200ae26c152a666
2023-03-28 18:41:18,False,0.4582,0.00147,13598.9,19.9925,0xfc...535e,https://bscscan.com/tx/0xb4d223c700ac6994c6c3f2c9c4c670f69b4d71bc2a238178b051659128d6b1f9
2023-03-28 18:41:15,False,0.4585,0.001471,2367.12,3.48224,0x62...1f10,https://bscscan.com/tx/0xd0b883ed414f77e89ecba75ba936fe3b66756c8cc8d1a5ebcd84ca50fd5d5fbe
2023-03-28 18:41:15,False,0.4586,0.001471,2367.56,3.48354,0x2f...e155,https://bscscan.com/tx/0x04d652609f0f6696b7795a36c41f848f1de7d3dd12ccc21d19eb9c2d56ac3028
2023-03-28 18:39:42,False,0.4563,0.001471,81.6599,0.1201,0x0f...2b79,https://bscscan.com/tx/0xe6cc70bc794ff8c37424eb4bb703da78eea95b81d87acdb18881572f8dbb6389
2023-03-28 18:37:33,False,0.4563,0.001471,17.2979,0.0254,0x6d...a553,https://bscscan.com/tx/0x928850c5bd57afd88b9f6b318013c0c4c86ccf597a491d4798428cfee0db574a
2023-03-28 18:35:33,False,0.4585,0.001471,159.91,0.2353,0xb2...6c8d,https://bscscan.com/tx/0xab1857064fd4ec12ccee3a6b97d820bd6434b65025f0e4d3116084840b049a78
2023-03-28 18:35:18,True,0.4585,0.001478,650.234,0.9616,0x70...8487,https://bscscan.com/tx/0x91b3eb6bf6967f3d5a5669a32f9758b71f85db40cfce01250b01b63912f33b87
2023-03-28 18:35:09,False,0.4562,0.001471,10.0,0.0147,0xe6...7358,https://bscscan.com/tx/0x682b939ab3dab06b604f4b27931916f4e6c322f6455de1c94a339406eaaff73d
2023-03-28 18:30:20,False,0.4562,0.001471,20.3563,0.0299,0x17...55d9,https://bscscan.com/tx/0x5ba9a24dd910be5bb042db90b426812faa422474bd60bcbd4d32220cde27a990
2023-03-28 18:26:23,False,0.4561,0.001471,36.1334,0.0531,0x5c...be56,https://bscscan.com/tx/0x9cac4df0f251d2f2f0fecbfab6e24295c1e73808b94a8e05ea5bb96c085d9bcb
2023-03-28 18:22:59,False,0.4562,0.001471,1.75789,0.0025,0x6f...c51b,https://bscscan.com/tx/0xad058bf90616dec261409dfea832745a2b90619160413cd0cb8fd0ee9e791356
2023-03-28 18:20:11,True,0.4585,0.001478,650.528,0.962,0x70...8487,https://bscscan.com/tx/0x21e086952300f12ab8cc3208f58975d2057778ae9b9167ca00df48d7e11da25f
2023-03-28 18:19:56,False,0.4562,0.001471,49.0,0.0721,0x24...9df4,https://bscscan.com/tx/0x0e718914709966bb48741cd3a01b0886c8bde22c025ebdbf71c184f65c8ce1a5
2023-03-28 18:18:59,False,0.4584,0.001471,20.0,0.0294,0xff...a96e,https://bscscan.com/tx/0xcf84679a5f417475588b71e3de1333ca22e2104977befd7c6e60f6c7ccdf0ce3
2023-03-28 18:14:41,False,0.4586,0.001471,19.2547,0.0283,0x87...8c31,https://bscscan.com/tx/0x2740e59a684445959d3e0604bea2f016516695d9a9b8e81aba770a3c215b9172
2023-03-28 18:14:32,False,0.4563,0.001471,52.0,0.0765,0x37...d749,https://bscscan.com/tx/0xf40025952247620187b547a1db95f0f533135d10274ab1e2696183f648aff12a
2023-03-28 18:14:26,False,0.4563,0.001471,85.0,0.125,0xff...a96e,https://bscscan.com/tx/0xb9872d12ea7217af96de4d94e0c988f03499fc4c464ce0535968b63f87276cec
2023-03-28 18:13:59,False,0.4586,0.001471,13.1257,0.0193,0x0c...90ef,https://bscscan.com/tx/0x0ca2ed7a0d4971d14290e2a35611d33b15f43751363cfb90d409f515e4705c26
2023-03-28 18:13:35,False,0.4563,0.001471,30.0,0.0441,0x7c...11de,https://bscscan.com/tx/0x4f6a08e7b6c5156f0f0d8ad7359c61c1b8e3d209e0b89db36b55950ab1064785
2023-03-28 18:13:29,False,0.4563,0.001471,10.0,0.0147,0xff...a96e,https://bscscan.com/tx/0xd5198359f0e1308182d4903305574c547127bf56a8e33f00e974dd01bd2ab9cc
2023-03-28 18:12:29,False,0.4586,0.001471,57.7171,0.0849,0x5d...d98a,https://bscscan.com/tx/0x319de892080d0478352c86df28431b221cbf8c98106497701e801af14e343095
2023-03-28 18:09:32,False,0.4585,0.001471,40.5699,0.0597,0x7c...11de,https://bscscan.com/tx/0x36bfc37706136ca4343cf4d4214fc7aadebcfcab56baff21e343e63ba996ef47
2023-03-28 18:06:08,False,0.4561,0.001471,18.69,0.0275,0x57...b26a,https://bscscan.com/tx/0xfb5a55898dcb5b25eaef9f4fde34cbf4c9feb38748518e57883a8d89aeb13529
2023-03-28 18:05:47,False,0.4583,0.00147,150.0,0.2206,0x9d...c1b0,https://bscscan.com/tx/0x76445ced9b55a388feadbf081a654f2889e100bafa8fd2ba66192abc66d4e7cb
2023-03-28 18:04:41,False,0.4586,0.001471,18.5,0.0272,0xae...3478,https://bscscan.com/tx/0x98cd050a03183401f7d2365c0d872ddcd77d804f722c1c884ec7cc45a65c411b
2023-03-28 18:04:11,True,0.4609,0.001478,649.872,0.961,0x70...8487,https://bscscan.com/tx/0x24747b44e52e67dfcb94ba23ef56c4ed01ed025a14f683790616f22c9588c020
2023-03-28 18:03:14,True,0.461,0.001478,37.6604,0.0556,0xcf...6a3c,https://bscscan.com/tx/0x2937ecceef7a6c2efaf99f6dac264396fd5c9e23f222b0a0d6420c816aae27f9
2023-03-28 18:03:11,False,0.4587,0.001471,19.47,0.0286,0xa3...b1fb,https://bscscan.com/tx/0x8622c682c631a7484428523717f5bccfc6df029aabdf8933a3d2c8c30fee615b
2023-03-28 18:02:38,False,0.4564,0.001471,7.05088,0.0103,0xef...a440,https://bscscan.com/tx/0xcc1e31ddec9037c46ba71ccebfc470acf9ae8194bf10d162a777b9986bf282ba
2023-03-28 18:01:50,False,0.4586,0.001471,23.3,0.0342,0x98...c27d,https://bscscan.com/tx/0x47818b435cb68500c51c01aec79717adbdbe5ee5c975da40997c658cc855dfd0
2023-03-28 18:01:25,False,0.4586,0.001471,100.0,0.1471,0x03...e79c,https://bscscan.com/tx/0xc71f210bde68bb49c093bfb0f6d6f2c149cff76ca1236a800816e2f861261ffe
2023-03-28 18:01:21,False,0.4589,0.001471,43.7148,0.0643,0x3a...2a90,https://bscscan.com/tx/0x1de6c4c86e124951612e668f4925647c7c106c1b332ee1455233a1d54e1525de
2023-03-28 18:00:32,False,0.4589,0.001471,37.45,0.0551,0xcc...da31,https://bscscan.com/tx/0x57c6de440a8bc8f882ba9990c1fe19753229fb8aadd12a97633f6c7821cb7044
2023-03-28 17:59:35,False,0.4591,0.001471,1.07777,0.0015,0xe1...c054,https://bscscan.com/tx/0x7197025d346b7f424b49c94fddff274b5c3dfc427b6a8e44c98ca0a3f9174de3
2023-03-28 17:58:56,False,0.4568,0.001471,18.96,0.0279,0xa9...2f30,https://bscscan.com/tx/0xc2f1359d6280f0b848b9388a0fe9bf2bf54653f85f6fbc587c0f30ba69b3e394
2023-03-28 17:58:17,False,0.4591,0.001471,225.0,0.331,0xe1...c054,https://bscscan.com/tx/0x10fa6072842e2a7f4e3d8e1e3ffe73a9c56fe1bdd912951aeefa93620c2844ba
2023-03-28 17:57:44,True,0.4614,0.001478,154.488,0.2284,0xe1...c054,https://bscscan.com/tx/0x4f8880aa1413841d34a8226c28f40dae3cbb7992dc0b0fed73437b960a048450
2023-03-28 17:57:35,False,0.4591,0.001471,17.96,0.0264,0xdf...156c,https://bscscan.com/tx/0xc0f970376dc75daa5715362ad64c278d02c8d2bf33b84d188a2123913f8bbe94
2023-03-28 17:54:35,False,0.4592,0.001471,7.78,0.0114,0xc2...532b,https://bscscan.com/tx/0x83769226a0740316b14c417713c3d0a2c947d0882f684f356b5c664b3a348f2a
2023-03-28 17:53:17,False,0.4592,0.001471,10.0,0.0147,0xc2...532b,https://bscscan.com/tx/0x761e29cc574b7e28db2cfc8e7fb402605907b7f316b4bc67fe59953408806826
2023-03-28 17:48:36,False,0.457,0.001471,19.0,0.0279,0x5f...b83d,https://bscscan.com/tx/0x2d08d537350791e0344990923103ebed3678f18424e0ef57f759de238e2fb2ef
2023-03-28 17:48:12,True,0.4593,0.001478,649.754,0.9608,0x70...8487,https://bscscan.com/tx/0x2d56a2c3cfe414bafc818fec03bfd5ecc74b5a914d0a7db2fd8ce40abaa207f0
2023-03-28 17:47:24,False,0.4593,0.001471,45.0,0.0662,0x2a...6167,https://bscscan.com/tx/0xdf972377b4c8d226db635525c8f1efcdd0e159e1112d78ac019bd37326a230c4
2023-03-28 17:46:57,False,0.4573,0.001471,45.0,0.0662,0x2a...6167,https://bscscan.com/tx/0x5a8877ec5f5c4c56d414a070b9bb3dbebdccd2914e374c551934b8fb1e780c4c
2023-03-28 17:37:15,False,0.46,0.001471,3.71425,0.0054,0x95...d779,https://bscscan.com/tx/0x105a148367a0d1d593855795e82b45aff6fc09c32d57375bd66a3303fdb714ac
2023-03-28 17:36:00,True,0.46,0.001478,63.0,0.0931,0x2c...388e,https://bscscan.com/tx/0xbf4b26a7913ef8b690729a8acc6d126c6d05e4c53ad55d5f869462c49dd2ea94
2023-03-28 17:34:00,True,0.46,0.001478,2367.12,3.5,0xed...4f31,https://bscscan.com/tx/0x517e7f1a4221a1c9e1890d55deaaa286f93007f25c3540a4c90bb4e56da80e88
2023-03-28 17:34:00,True,0.4599,0.001478,2367.56,3.5,0xda...c952,https://bscscan.com/tx/0x15afbcc85fb6c8e09984c343c07c67c83a04d1be31d482231966a437db7418e1
2023-03-28 17:34:00,True,0.4599,0.001478,1621.0,2.39597,0x00...78d2,https://bscscan.com/tx/0xe6e4fd8c33274807c4d4516f024a90139732cad29f3dd81ac95f6cbc26cb263a
2023-03-28 17:33:51,False,0.4575,0.00147,59.0,0.0867,0xaf...a5fe,https://bscscan.com/tx/0xbad764dcd5aca28929a34529e56500b7f5f9693ced5defe7fc89ea56570a0983
2023-03-28 17:32:12,True,0.4619,0.001478,649.195,0.9594,0x70...8487,https://bscscan.com/tx/0x7d4c534ee2b386e522366cc56c112f64751ba26d4ed677a988da9eead5ddb1ba
2023-03-28 17:31:36,True,0.4618,0.001477,4321.36,6.38553,0xd3...ec6f,https://bscscan.com/tx/0xe07acde1077485973529b9f803b4ab7c0822cf557fa585588c690b2387935bd7
2023-03-28 17:31:33,True,0.4594,0.001477,1323.5,1.95525,0xd3...ec6f,https://bscscan.com/tx/0x4302b87efdfe87e00fd9fcc5eeb9410dda62ecc05b67eaa9e958831a959fc581
2023-03-28 17:31:30,True,0.4594,0.001477,1323.5,1.95505,0xd3...ec6f,https://bscscan.com/tx/0x9f5f3d17cebf0f4f5735ad2eb4f7d696edcde40605e5bc9185f00cd9d0d33ddc
2023-03-28 17:31:27,True,0.4593,0.001477,1323.5,1.95485,0xd3...ec6f,https://bscscan.com/tx/0xec693424f4e8b3c3f06c24d63954510d876088bc8c4cc89ea4945b05971e305c
2023-03-28 17:31:24,True,0.4593,0.001476,471.7,0.6966,0xd3...ec6f,https://bscscan.com/tx/0x61ef301ac72574b83c587bc4a3f157d963b532b01fe63c3f8c63f47288ea53d1
2023-03-28 17:30:57,False,0.4593,0.001469,8.9095,0.013,0x8f...5df9,https://bscscan.com/tx/0x8e05f36cfa48b694fccfaf62629a3d583c9f5f364fa0cd0a95ab2cb4eec2f321
2023-03-28 17:29:15,False,0.4593,0.001469,83.0,0.1219,0xe1...37d2,https://bscscan.com/tx/0x839900775508b15aff04855b5ef9c7e4bc5fa699930e5bb48897e45d6c5768d9
2023-03-28 17:27:30,True,0.459,0.001476,13551.1,20.003,0xfc...535e,https://bscscan.com/tx/0xf7feeed630676ad394d0b138b15df7bd21ed4da89c0e47bba6a6eada6e9010ba
2023-03-28 17:27:27,True,0.4588,0.001475,622.638,0.9185,0x00...78d2,https://bscscan.com/tx/0xd7b3ebbd77f1d51d519be5bbbd14e57de3e2b880228a4fbc88a2fd48c21311a6
2023-03-28 17:27:27,True,0.4587,0.001475,1259.9,1.85858,0xd3...ec6f,https://bscscan.com/tx/0xa6e86cd7a087a44ff49795035e31835f7ecf5e3ce786fd07a7b0a0ee4d9fd9c2
2023-03-28 17:26:27,False,0.4587,0.001467,24.8472,0.0364,0x2e...3edf,https://bscscan.com/tx/0xe3fd19e8e572aaf29ab0c4b31889b2c5f6b094d9bb07a1de93d24e8d243897ee
2023-03-28 17:25:21,False,0.4564,0.001467,159.682,0.2343,0xcc...399e,https://bscscan.com/tx/0xbbd721fd283a89eb5722ad36cbb6fe56339f5c756894fd3b846e032bbf12ce9c
2023-03-28 17:23:36,False,0.4587,0.001467,74.5415,0.1094,0x2e...3edf,https://bscscan.com/tx/0x49fe6f9f4687921e75658da36182c353c287177ab43c820fc3a26c5496a14251
2023-03-28 17:23:33,True,0.4611,0.001475,163.416,0.241,0x0e...2f4c,https://bscscan.com/tx/0xc248a6ed08b44c7f70cef373170b8ac249a3f10d262c227e18ea03d285725402
2023-03-28 17:23:09,False,0.4587,0.001467,15.7115,0.023,0x31...386b,https://bscscan.com/tx/0x04ec7d38779bda0f876d9124ee0afbbaf433f4db2ca48b5346c8a16ed1877402
2023-03-28 17:23:03,False,0.4593,0.001467,33.0,0.0484,0xd1...72a1,https://bscscan.com/tx/0x143e8ce209fefb99920ac726b242176c774b5bccd043e0f5adca93088f9e9304
2023-03-28 17:22:39,True,0.4593,0.001475,347.773,0.513,0x40...bf97,https://bscscan.com/tx/0xcbc005c6f735ae54ab87643b2f835b9bd1f0891fd611d0da565f26d655738813
2023-03-28 17:17:39,False,0.4572,0.001467,97.0,0.1423,0x07...8378,https://bscscan.com/tx/0xb9ec9821b8aa80bcf6f352c1bb1d968e826768b5e86182c5da6f26a97c9b1a6f
2023-03-28 17:16:12,True,0.4595,0.001475,649.895,0.9586,0x70...8487,https://bscscan.com/tx/0x87193d0b845a33faf1f3fc9a0a73cc8b956ae8ca56ee37fe2bd740992bbd436d
2023-03-28 17:15:36,False,0.4571,0.001467,10730.1,15.7468,0xe4...48fe,https://bscscan.com/tx/0xe00a69c3c86018947d0013d440049018cdbe855a73f4fb91f64802ddb646d2f2
2023-03-28 17:13:12,True,0.4615,0.001476,304.318,0.4492,0x06...605c,https://bscscan.com/tx/0xcc5183fd27a926559f6ed9ebebfb60dcb29d34aac6cf054a74b1fcf5ad9fbe32
2023-03-28 17:08:19,False,0.457,0.001468,109.0,0.1601,0x76...2d12,https://bscscan.com/tx/0x8c244a8009be80793b50d6a4629266652262266fdab9f3cc7e17fecdfb83a6c1
2023-03-28 17:04:34,False,0.4591,0.001468,138.0,0.2027,0x0d...30cd,https://bscscan.com/tx/0xd9a63f04026860f566f89949900234c28ad602600d53fc25f3156b5528840bfe
2023-03-28 17:00:31,False,0.4571,0.001468,160.0,0.235,0x5f...7837,https://bscscan.com/tx/0x63256fd52c201b06758d0526e631eeb5a1bb430ce7723adb97fe412787b2f6d3
2023-03-28 17:00:13,True,0.4588,0.001476,650.966,0.9609,0x70...8487,https://bscscan.com/tx/0xa6f616c6c3aff3d20edd766050e8f1014225a21690bccdc5eb92de79032fc7c6
2023-03-28 17:00:07,False,0.4565,0.001468,73.815,0.1084,0xc5...da14,https://bscscan.com/tx/0x0d3277b3d6e83e181e77a26dd3b5b561f012bf152f753eda367956f81794fd52
2023-03-28 16:59:25,False,0.4565,0.001468,214.054,0.3144,0x08...c0af,https://bscscan.com/tx/0xc3e2b4ffe1c7c4fcd067fa0263e72bc6ea2c96c41c6edd40649f56d478a030ef
2023-03-28 16:47:47,False,0.4584,0.001468,400.0,0.5875,0xd7...d8fc,https://bscscan.com/tx/0xaa68d0ff05e6b27f4f69ac320151b2736b10d0f55124db46f5da1115ebb76dff
2023-03-28 16:46:38,False,0.4584,0.001468,52.4393,0.077,0xcc...399e,https://bscscan.com/tx/0x3bdaa36027b3dfe10e93b2dd27e677b5fdf85937933cb1a8ccb6d05ee9b03d58
2023-03-28 16:45:32,True,0.4584,0.001477,9.4116,0.0139,0xde...367a,https://bscscan.com/tx/0xef2543cc1ffc56d7a21c7ff2b3b15aabc5b374c51e3325db57b6b9519ccd5b8f
2023-03-28 16:45:05,False,0.4582,0.001468,531.463,0.7806,0x1a...2aab,https://bscscan.com/tx/0x44d5de9e986dc7f0f26c7eee46b019ecca9257041550af4d91d68893972a199b
2023-03-28 16:44:11,True,0.4605,0.001476,651.268,0.9614,0x70...8487,https://bscscan.com/tx/0x29ab16d1cc68207abd631b2d18bd4d277375ca283160481430fe1d63e79d59da
2023-03-28 16:44:08,False,0.4582,0.001469,1637.56,2.40556,0xd3...ec6f,https://bscscan.com/tx/0x03d221c3e9a8eefd1ce4ef38e2fbfe130f0c4684a0f8d9d0a2a3b1c65e86e86a
2023-03-28 16:44:05,False,0.4582,0.001469,1637.87,2.40634,0xd3...ec6f,https://bscscan.com/tx/0xd2b82eafac4293ef5cd55be263c567387a5a3aadddc0754733bfe072d04faa59
2023-03-28 16:39:59,False,0.4591,0.001469,3152.33,4.63223,0x98...5cc4,https://bscscan.com/tx/0x3256d25c231ea14711b4332a7901767db4fe98e1aee28cda659e3ef7b572da17
2023-03-28 16:39:59,False,0.4591,0.001469,326.24,0.4794,0xb1...8339,https://bscscan.com/tx/0x77afc1591241b22fcc511e888b107045794f96c9870d7513210f13c47b8677b6
2023-03-28 16:39:32,False,0.4568,0.001469,305.007,0.4482,0x26...c8bd,https://bscscan.com/tx/0x4bee656775cc4c1b9c9a0bef104aed7d44e7ce33dbd24adacf3ce3e8e46caf38
2023-03-28 16:39:23,False,0.4569,0.001469,1400.73,2.05879,0xfc...535e,https://bscscan.com/tx/0x5d1fb4e09e5dc1432b006ad77ede0a3a7137d03d6d26eae0ede16cb1c568cc02
2023-03-28 16:39:23,False,0.457,0.00147,3145.44,4.62399,0x98...5cc4,https://bscscan.com/tx/0xdc744b52baa6732971c440f65849915b2cd223d49b47b1541347554a1a44cb74
2023-03-28 16:39:23,False,0.457,0.00147,1292.47,1.90035,0xd3...ec6f,https://bscscan.com/tx/0x013ae8af764416bdeffcf6c60b7e658e9053f3aca5796bd8d558c78c5966a4fb
2023-03-28 16:36:11,False,0.4592,0.00147,1460.78,2.14804,0xc4...de76,https://bscscan.com/tx/0x17d8a17bb7c3754feb14466c596925aa8d440e3edf4da3003304b45e6f4d18b5
2023-03-28 16:34:26,False,0.459,0.001469,19.2482,0.0282,0x70...c2d9,https://bscscan.com/tx/0xe54ea165638b1321c62f6cca77d2d02eeafcaa1ba67b1fc16710369186c021dd
2023-03-28 16:29:14,False,0.457,0.00147,50.1978,0.0738,0xcc...399e,https://bscscan.com/tx/0xd772cfad862a524dda67c9b6dd97a64dcd1695eda9a33b4ae7fdc8913e866cd1
2023-03-28 16:28:14,True,0.4593,0.001477,650.518,0.9614,0x70...8487,https://bscscan.com/tx/0xa9d2ccdcfda9d1fa09305ccbb73dc120699da0af1d410ba52190d960fb519aa2
2023-03-28 16:25:44,False,0.4594,0.00147,4.0,0.0058,0x0c...90ef,https://bscscan.com/tx/0x5dfd8e2e6fd0509d85602f26b497ebdc93781a3edd6dd1d82401e369a5d441b7
2023-03-28 16:23:53,True,0.4618,0.001478,587.275,0.8683,0x1c...3821,https://bscscan.com/tx/0xca8ea0b49c1b7cf8b49d0761d7a1ef7c37f15b216e790c361c158ec47cd9b496
2023-03-28 16:18:35,True,0.4613,0.001477,64.5883,0.0954,0xfc...4334,https://bscscan.com/tx/0x4086d18337c3a13d1d2a034bbb8b5353f0d844e1ce1812bc82689a4cf6ea0231
2023-03-28 16:17:59,False,0.4567,0.00147,12.0,0.0176,0xb1...8339,https://bscscan.com/tx/0x9ff00f393bc8c27a91c6f57f2df7663c1029ff8b4adaccb082c24183edb792a5
2023-03-28 16:16:53,False,0.4567,0.00147,15.8078,0.0232,0x3d...41f3,https://bscscan.com/tx/0x215f214196343d40347cafcc50ee293453e6fff4c9c1b9b33c6324479fe9f534
2023-03-28 16:13:11,True,0.4582,0.001477,651.659,0.963,0x70...8487,https://bscscan.com/tx/0x61f61a61965b94f301287e33ca73a30293e43a5e6da7a677d93a91cbc4de968f
2023-03-28 16:11:53,False,0.4557,0.00147,10.8519,0.0159,0x6a...6911,https://bscscan.com/tx/0xa4d7e5cfd2b8e8010ba528501b7a071b132687fade09aeca453afbd8ce3a7fab
2023-03-28 16:06:50,True,0.4577,0.001478,72.4686,0.1071,0x0e...09c2,https://bscscan.com/tx/0x3841e25146d7608193af545b5e82f2a44955537204db83db62525727869dce83
2023-03-28 16:04:32,True,0.4578,0.001478,134.093,0.1982,0xde...367a,https://bscscan.com/tx/0x6a6565b73e7853ebdd237ceeda8efae884690cd8ea373cbdca26126a29bc87cf
2023-03-28 15:58:11,True,0.4572,0.001477,652.201,0.9637,0x70...8487,https://bscscan.com/tx/0x27bf2e4cd1b2f8d22327c55c8d70d30eee4f0c0c64bc6b9cd4851bebde00c914
2023-03-28 15:55:14,False,0.4551,0.00147,20.0,0.0294,0x6a...6911,https://bscscan.com/tx/0x98f1464d3650e43c5b1875b7ffcc9565cca9bf71296af7bcce191c4ca76706eb
2023-03-28 15:53:08,False,0.4555,0.00147,792.45,1.16514,0x09...d63b,https://bscscan.com/tx/0xb95ed191e6143699fadabd08b05e9c05ed14c93a9518faa978f9a09087e42742
2023-03-28 15:52:50,True,0.4601,0.001477,370.375,0.5473,0x35...aca7,https://bscscan.com/tx/0x708acbff34adde2bf34810aa18c50d3addb58df0e2af3b11e568002ce8b6e624
2023-03-28 15:43:48,False,0.4551,0.00147,10.0,0.0147,0x6a...6911,https://bscscan.com/tx/0x573edbeba33ea1d5dc2c82b4ab226708ea90794e6a77e8f96c15523050045b93
2023-03-28 15:42:15,False,0.4573,0.00147,1.9766,0.0029,0x45...4c9b,https://bscscan.com/tx/0x81e72d39f222a3dbd0bdfe5ac8c0943d6f0fa635970b66bd4cc12d6e63130895
2023-03-28 15:42:12,True,0.4596,0.001477,652.653,0.9643,0x70...8487,https://bscscan.com/tx/0xd3faddb219c20d14247a3ffbb91ef6af7feff272349e2ce16842defe86ee6780
2023-03-28 15:39:55,False,0.455,0.00147,10.0,0.0147,0x6a...6911,https://bscscan.com/tx/0xf441339bbfa745eb8ebf6f51672a4b3d11848bce23bf7b5f1e1c3781c3f47c21
2023-03-28 15:38:03,False,0.4549,0.00147,381.687,0.5611,0x06...c9f0,https://bscscan.com/tx/0x507f850bd846be2ceae558c1224dae1f9859cf12d298800793d83d33cf73ee06
2023-03-28 15:36:51,True,0.4573,0.001477,47.6475,0.0704,0xd7...f5c0,https://bscscan.com/tx/0x1a4a71452282fd4d19aca672d9aae994a950bd3ff43b39e2b23e20584a95ed15
2023-03-28 15:36:39,True,0.4596,0.001477,56.4776,0.0834,0x2c...c9c5,https://bscscan.com/tx/0x8680b841fc62548744d24874c4c71664c80c679d6eb0f6ba7fa1866172a4bc4f
2023-03-28 15:36:33,False,0.457,0.001469,121.216,0.1781,0x43...0f79,https://bscscan.com/tx/0xcc3199d9822c90090fe11f351643ee835b8dd40358c2772045de59528d7e5415
2023-03-28 15:34:51,False,0.4552,0.00147,5503.68,8.09367,0xd3...ec6f,https://bscscan.com/tx/0x1654b65b5cc3a641adb089f7c0c657ab4fc9180619fd5b723d65bb5fcfbf5ae8
2023-03-28 15:33:12,False,0.4576,0.001471,4357.57,6.41069,0xfc...535e,https://bscscan.com/tx/0x17d9dc1282d016766fb35537137d56c62f7ba543883b91a9a5ee02be8d9754d2
2023-03-28 15:33:09,False,0.4578,0.001471,4736.17,6.97018,0x52...1c7e,https://bscscan.com/tx/0xfa35d03306da3b47928cb919b2fae44bccc115bd1c6b9829014790bf57a5ad82
2023-03-28 15:26:17,True,0.4584,0.001479,650.931,0.9629,0x70...8487,https://bscscan.com/tx/0x9903406a01148bfcc632674ec8c7fb0b0c58caa33a9bf1e12771053c9e4b9ace
2023-03-28 15:25:38,True,0.4584,0.001479,137.384,0.2032,0xfc...4334,https://bscscan.com/tx/0xd634ef66587484c0652328ca0bce6e44fc23896f03dec5be41133eb0e1bea8a3
2023-03-28 15:24:41,False,0.4584,0.001471,115.0,0.1692,0xfa...b149,https://bscscan.com/tx/0x1f1062ba8b89cf711ebd16a8736794a4d52ef3509ba6cbd016ee6b613f5a7fc5
2023-03-28 15:18:14,False,0.4562,0.001471,174.0,0.2561,0xb9...0a9e,https://bscscan.com/tx/0x60da1c1dcc145a9fd98bbbe03a9547f42775d89703b636438c7f52bbb6a584f7
2023-03-28 15:18:14,False,0.4562,0.001471,125.0,0.1839,0xa9...d49b,https://bscscan.com/tx/0x1886618199b618390b51bf4c3674201a643ac7518b37b33a72af022aa4790093
2023-03-28 15:14:32,False,0.4585,0.001471,118.936,0.175,0xa4...22c6,https://bscscan.com/tx/0xb6661164e6c8c1650c75cbf109d163fe6bae4b7f3f941a73dfed0caac424b525
2023-03-28 15:10:17,True,0.4608,0.001479,650.582,0.9624,0x70...8487,https://bscscan.com/tx/0xdca1ed16e55306e986fba77562f55340c4f94e11750ee8b6ac44c046a85406c2
2023-03-28 15:05:05,True,0.4608,0.001479,30.2116,0.0446,0xe1...ce1c,https://bscscan.com/tx/0xbea3d272074e22cbd3597e7a3d65855c0f0a5490597d92a12e8c52c5cfaffb72
2023-03-28 15:05:05,True,0.4608,0.001479,9.89072,0.0146,0xe1...ce1c,https://bscscan.com/tx/0x5146995245a00bfe1f11c7ee54173067a48b67fb2fd061233535ef83d7c1ce51
2023-03-28 15:04:08,True,0.4609,0.001479,9.89073,0.0146,0xe1...ce1c,https://bscscan.com/tx/0x9718ec70359e4d410b67b4343891ef16a14a6286b7832d4ef1c219ff00868dc9
2023-03-28 15:02:53,False,0.4562,0.001471,40.8245,0.06,0xf2...0b57,https://bscscan.com/tx/0x1e6117994cc1aee85b7e9bf0971d25f73e6b236ae03479f52e05b36b03d5e262
2023-03-28 15:00:53,False,0.4585,0.001471,24.024,0.0353,0x01...9a37,https://bscscan.com/tx/0xa1621e94dc850927c607ca0b55bd4db112a2b7022ecbe02ca68e96207ba4ec38
2023-03-28 14:58:50,True,0.4583,0.001479,60.0088,0.0887,0x67...2c4d,https://bscscan.com/tx/0x2f7672fb45d98371cd9626d697ff07af54e81ec0f6e03abe2b5970f85897e85f
2023-03-28 14:56:32,False,0.4582,0.001471,20.0,0.0294,0x8c...1120,https://bscscan.com/tx/0xd331f5444a6188f5720c8522ceb1d66ca16e61a496d06bcb7b5fb3c75e14fa3f
2023-03-28 14:56:20,True,0.4605,0.001479,61.7827,0.0913,0x78...99a0,https://bscscan.com/tx/0x94bc1513b3b516f8b63f99d31e19c61896b4277561f4929674871c721e87e280
2023-03-28 14:54:11,True,0.4582,0.001479,649.824,0.9612,0x70...8487,https://bscscan.com/tx/0x7f21a6118b1026d300619cc6c71fab754078815235f8c4a40771536d39f113f9
2023-03-28 14:50:56,False,0.458,0.001471,3.37532,0.0049,0x8c...1120,https://bscscan.com/tx/0xd92fa063e72a60b04c244740bd3f4f10440391a9e968998e0db873233d1ec39e
2023-03-28 14:49:53,False,0.458,0.001471,3.00267,0.0044,0xbe...9d63,https://bscscan.com/tx/0xafee59b6df02ebb275a5d9e7bed51eff96681ac7599d685f24f0e96f9ee80440
2023-03-28 14:48:53,False,0.4557,0.001471,16.0623,0.0236,0x8c...1120,https://bscscan.com/tx/0x02644d7d59667016202875197deb1a14c59d0d4293dfcc5d57d6455bf630009d
2023-03-28 14:46:35,False,0.4552,0.001471,20.0,0.0294,0xb6...299b,https://bscscan.com/tx/0xecfee3ce2e683f32322f7b14667d6b993e90afa1b9ec3c28e6be906cf73ac6a3
2023-03-28 14:46:14,True,0.4573,0.001479,28.456,0.042,0x02...10db,https://bscscan.com/tx/0x6c4ad151e8cd59d1635dbd3412d7d2f11241a1546f38c3d0f58297c7bf336a41
2023-03-28 14:38:11,True,0.4599,0.001479,653.279,0.9662,0x70...8487,https://bscscan.com/tx/0x921821c5fb3e9726dd6232833e9ba2476a35d7d22143a427bf89679e532ef07c
2023-03-28 14:36:41,False,0.455,0.001471,30.923,0.0455,0xf4...2924,https://bscscan.com/tx/0x81208c6ab008c50ec2137c0245fc724dc371e985eb61aa3f068389a227f84ec5
2023-03-28 14:27:05,False,0.4556,0.001471,27.0,0.0397,0x8f...c2b9,https://bscscan.com/tx/0xb78dbaefaa37a9acbf539bd260dd4588257bf27b9b08e9b518d9007e399cdad1
2023-03-28 14:24:17,True,0.4583,0.001479,96.146,0.1422,0x8d...e1f5,https://bscscan.com/tx/0x22076a50c04c029044822ba151ca51fb30ae98383b13ffe1a28472f7ce680acd
2023-03-28 14:23:14,True,0.4606,0.001479,651.012,0.9628,0x70...8487,https://bscscan.com/tx/0xb720a4a8b4b2f0e380a3ed618bb2be8ae5c8ec00e2abc0e8b9379b52840d2394
2023-03-28 14:22:35,False,0.4567,0.001471,371.429,0.5466,0x89...7a42,https://bscscan.com/tx/0x90a87ff1cc9c5b438654053276db769bd51f10db4a8b521dde7bb0d714aafc54
2023-03-28 14:17:50,False,0.4592,0.001471,418.877,0.6164,0x89...7a42,https://bscscan.com/tx/0xff519cc7ec8f99dccd46d8303858474b1a1fc0e06435f19845e9a7e0afcf9f5f
2023-03-28 14:13:47,False,0.4586,0.001471,20.0,0.0294,0x6b...f329,https://bscscan.com/tx/0xd319781559a21e31ae44cb5abe7ebb24c74427e1754571f7dfa180434c00255e
2023-03-28 14:13:23,False,0.4565,0.001471,500.0,0.7358,0x89...7a42,https://bscscan.com/tx/0x0cbbd26102003da0d8fe1f542405694c4941c31d1b0d9747083192c7d61c130c
2023-03-28 14:11:23,False,0.4565,0.001471,150.0,0.2207,0x89...7a42,https://bscscan.com/tx/0xf268e39dd1f7e0db46c20bd118363fa676d75811ef1ace88466b90de6b0d90ef
2023-03-28 14:07:29,False,0.4566,0.001471,33.9722,0.05,0x25...1dde,https://bscscan.com/tx/0xd9d2f5d237a3e2152b22e7ce5c598cbdd5b4013bf04587773ef8a296c406fa97
2023-03-28 14:07:11,True,0.4612,0.001479,649.885,0.9612,0x70...8487,https://bscscan.com/tx/0x579c53f2dfdb26108e19179592f501e7a175d9f03c3801596fe9d4207cc6a190
2023-03-28 13:57:17,False,0.4587,0.001471,325.341,0.4788,0xf2...eb09,https://bscscan.com/tx/0xa7564d843928325e5ea2204e4b5cd53c48e9b24974d05384e66bb6e654956e1f
2023-03-28 13:54:29,False,0.4587,0.001471,471.98,0.6946,0x7f...cdd7,https://bscscan.com/tx/0x733dbb293b5a87bea911a659c51026c0f726668e8ba7754ad20a7110718d5c2d
2023-03-28 13:52:17,False,0.4563,0.001471,84.3775,0.1241,0x1a...33f0,https://bscscan.com/tx/0x8353aff175a0b9034d141b39a7d9f44826480efd2934a1b856b3ccff7051bc02
2023-03-28 13:51:44,False,0.4563,0.001471,7.37973,0.0108,0x27...42d4,https://bscscan.com/tx/0xb71a08555dda23497a20e698d1279f0ccbb7d609c5a33defcf6822c26a392dca
2023-03-28 13:51:11,True,0.4605,0.001479,650.696,0.9624,0x70...8487,https://bscscan.com/tx/0x286ce299f945429d7aad008334ba94881e0ecb03f6e0d0f7a1f917e7e0e881ef
2023-03-28 13:47:17,False,0.4576,0.001472,16227.0,23.8973,0xda...c952,https://bscscan.com/tx/0x0c9c4020a9091430b8c36e87e7e222a112408255c6ff080e3c2a96dc6dea7da0
2023-03-28 13:40:11,False,0.4575,0.001473,5.0,0.0073,0x47...43a6,https://bscscan.com/tx/0x7820336e2aaf021774688b801234fc68e8c6c08ca10b00baa60d64fdfd287f56
2023-03-28 13:39:32,False,0.4575,0.001473,3.28025,0.0048,0xb6...2384,https://bscscan.com/tx/0x1af1f9d56b42ed3505852c365881e672b59296a460c348d92e786bde6bf3ea0f
2023-03-28 13:39:14,False,0.4573,0.001473,1477.76,2.1767,0x99...c9d8,https://bscscan.com/tx/0x84b2b4deab8ed623a742926e37ca08c2ff0ca3193dcd680815138f510e368dbe
2023-03-28 13:38:47,False,0.4575,0.001473,34.9445,0.0515,0xa7...170f,https://bscscan.com/tx/0x11bb96cab3fe96f8aca4a04297db25d25cbba9d2b8383cdff60900709bcdb808
2023-03-28 13:35:14,True,0.4576,0.001481,652.71,0.9667,0x70...8487,https://bscscan.com/tx/0x336e32556c9342488a6bbf2b63afba1419142c51a8526b77a56fbe7732e0f735
2023-03-28 13:33:32,False,0.4552,0.001473,2.994,0.0044,0x53...5e89,https://bscscan.com/tx/0xd59ee8ccae08f197fd29726c97edbef655f3958c79009d3fafcb2f4a3ef4a231
2023-03-28 13:31:44,False,0.4552,0.001473,25.4729,0.0375,0x52...8d7e,https://bscscan.com/tx/0xb9e73399d61f52542387f7631bee821600acf495717415ffae764aa464c4e31c
2023-03-28 13:28:53,False,0.4575,0.001473,5.0,0.0073,0xee...5232,https://bscscan.com/tx/0x540c468da3af59d0f8cb153f8eb39c72d503842de6f121a308979ead3820707c
2023-03-28 13:28:26,False,0.4575,0.001473,3.0,0.0044,0x3f...9b0e,https://bscscan.com/tx/0xa84d2e5a68815741fff16ca2453dd555080e56a4e2d11355244a5d71742e3a42
2023-03-28 13:23:38,False,0.4567,0.001473,14.0602,0.0207,0x74...cae0,https://bscscan.com/tx/0x069eb48b011d886a7451a156db045d9083e8782f39a3deedbb988f184aa2bede
2023-03-28 13:21:17,False,0.4541,0.001474,14197.6,20.9352,0x62...1f10,https://bscscan.com/tx/0x043dd67f25221c9cf37791eea1116a772a958ff52ff2f78b8855e190b2137835
2023-03-28 13:21:01,True,0.4586,0.001482,6757.83,10.0178,0x0a...669b,https://bscscan.com/tx/0xf6a06ebbf07d8bce91304cd828ceec9bd2ce04c8c948595c35bae5d5712680e9
2023-03-28 13:20:11,True,0.4562,0.001482,654.39,0.9697,0x70...8487,https://bscscan.com/tx/0xb81fe4f9e92e01eef78d2f9b17b94518d32805eb1483c9b5f56ea46f2ad80725
2023-03-28 13:16:31,False,0.454,0.001474,10.2728,0.0151,0x8a...a232,https://bscscan.com/tx/0x4fa380e09847b27ee3235b9b6842db6174fb8666368087f8b8f474ae4d9a73ea
2023-03-28 13:13:04,False,0.4561,0.001474,15.9,0.0234,0x7d...a2a7,https://bscscan.com/tx/0xf2c29ab7fa198b035d0fb95877d594f28787580143b14442d8c60a39fe15fd1b
2023-03-28 13:08:59,False,0.4559,0.001473,16.4989,0.0243,0x99...aa8a,https://bscscan.com/tx/0xd7bdf86f11cfb29185e565b43f911ed955defa50735c13de60ee57def4d53c50
2023-03-28 13:05:10,True,0.4583,0.001481,654.755,0.9702,0x70...8487,https://bscscan.com/tx/0x2b17bc2df807724c9a3339500ac23fc7fae3cb6d13769e65ce5072dd013e3101
2023-03-28 13:03:40,True,0.456,0.001481,43.9827,0.0651,0xeb...4916,https://bscscan.com/tx/0xcf2e7684701f404d1c5b57da363b7c10602928a9a6123a0406389bf8160df8d5
2023-03-28 13:03:34,True,0.4559,0.001481,182.0,0.2696,0x36...9f00,https://bscscan.com/tx/0x8b79a87cef0e02822313308cc1931d3df54f329ba6e63dcf3b4c4640dbdf0e8a
2023-03-28 13:02:46,True,0.4559,0.001481,43.3754,0.0642,0x14...aaee,https://bscscan.com/tx/0x3626ddc31f190c7e15b27745e59fb3bd00797f71b80df8381882c73d69b70d0e
2023-03-28 12:49:13,True,0.4561,0.001481,654.197,0.9693,0x70...8487,https://bscscan.com/tx/0x6a8e759e54331b210070eacaa951ab6dddaded3faf0dba83092d3460dac05f92
2023-03-28 12:44:52,False,0.4564,0.001474,8.0,0.0117,0x02...10db,https://bscscan.com/tx/0x1edac79ab80b2bd8d982a6ff6ee7434d07cb226558df5c1ec30f3507f947d959
2023-03-28 12:44:22,True,0.4587,0.001481,63.3067,0.0938,0x7c...4318,https://bscscan.com/tx/0xdc12d39b58d5ba0e556c9191ef230fea8b63930592bb4249a67cd303b1f78581
2023-03-28 12:39:07,False,0.4568,0.001474,4.72456,0.0069,0xfc...39c2,https://bscscan.com/tx/0xe6269192fde55bc7102d7b142413400293c33a6a64493869a89a88cd118b4f7e
2023-03-28 12:33:13,True,0.4599,0.001481,2362.32,3.5,0xed...4f31,https://bscscan.com/tx/0xc48767ea5e156742db9f7cd19001c2c06fbadf700844220d04a25906e78e7bfa
2023-03-28 12:33:13,True,0.4598,0.001481,2362.76,3.5,0xda...c952,https://bscscan.com/tx/0xf9913568ce20e0b6085bc104540395b5cc3dc5af1607a5791e722c31b68f22a9
2023-03-28 12:33:13,True,0.4597,0.00148,4372.29,6.47504,0x00...78d2,https://bscscan.com/tx/0x36b5969956c155b3b3217b6f58298eca902b87f1b1651cd6d057302b4e82139f
