datetime,buy_order,price_USD,price_native,amount_token,total_native,maker,etherscan_url
2023-03-25 09:12:39,False,0.4754,0.001466,2533.93,3.71615,0x00...78d2,https://bscscan.com/tx/0x7898e93cabe46af66494bb2a67937b2e76f3c751aa49f5af22ab410a436ad6ca
2023-03-25 09:09:18,True,0.4778,0.001474,627.074,0.9243,0x70...8487,https://bscscan.com/tx/0xf6ce9562bae72b07437df73c04fd7c41b517ade8db9d14873f9f4e334177d976
2023-03-25 09:08:18,False,0.4754,0.001466,230.0,0.3373,0x5f...8c81,https://bscscan.com/tx/0x23445ff7625a20d7ee17751e45bba813099c87f333d212768589346e26a5b533
2023-03-25 09:02:15,True,0.4777,0.001474,247.613,0.3649,0x3f...66aa,https://bscscan.com/tx/0xda37de4c91935a1d45d94de259769a38fdf2a2e4f6272ca8a5ac28dd25f09f5f
2023-03-25 09:00:57,False,0.4752,0.001466,204.549,0.3,0xd0...10bf,https://bscscan.com/tx/0x54d6f9d89fa5a1e26e4e34aab132e964492a89d1e26c6eda5302fd4f514ad2df
2023-03-25 09:00:30,True,0.4775,0.001474,58.9266,0.0868,0x2c...c9c5,https://bscscan.com/tx/0x1214228c347ed75554ea69a601d1d71ab7f8e73f7b6784fe6f2541c1f880d766
2023-03-25 08:59:57,False,0.4754,0.001466,34.7324,0.0509,0x3c...cfd2,https://bscscan.com/tx/0xf2ef7d08c69ce8df582491c3d9a121b98b5c595875b91e95f556aa0790ff4cff
2023-03-25 08:56:38,False,0.475,0.001466,254.006,0.3725,0xd0...10bf,https://bscscan.com/tx/0x3a834c24e3f72e6e183e36c2e6fa721bac692d71d1f111088b0c5c8bf24932bf
2023-03-25 08:53:12,True,0.475,0.001474,626.612,0.9236,0x70...8487,https://bscscan.com/tx/0xe8e2c2803e9146d7765f62063ffbe6ee0dcd76e70fc64fc51649cafdf9c817b6
2023-03-25 08:41:30,False,0.4751,0.001466,848.628,1.24465,0x72...c559,https://bscscan.com/tx/0x2ff2eeed768ef7cfa08d5dfebcd1297d9c75e301abe20297432b5b93c378ceb3
2023-03-25 08:38:15,False,0.4727,0.001466,850.0,1.24674,0xf5...ee0e,https://bscscan.com/tx/0x38a8419b856773b229f406c18cfaee9cbb8e48493e361e5022c64a18b4d8b985
2023-03-25 08:37:12,True,0.4774,0.001474,626.422,0.9234,0x70...8487,https://bscscan.com/tx/0x064071bceb8a4761dc71f2b359572ae05e854d39a3b0ca786dbec03295319e6a
2023-03-25 08:25:00,False,0.4754,0.001466,2.0,0.0029,0x64...a5bf,https://bscscan.com/tx/0x4ba12f12045603e2aac1b7c0e787c1d9b06a62273bba9dbd837973faa363b159
2023-03-25 08:24:00,False,0.4754,0.001466,167.559,0.2457,0x89...6a21,https://bscscan.com/tx/0xbe36d314b51fd0a37adfebddb34515ae6835089f4b47e0be49b507f4a9b82a0c
2023-03-25 08:22:12,True,0.4754,0.001474,627.44,0.9248,0x70...8487,https://bscscan.com/tx/0x4deffd55b5c8dce5299f4411bccdea9380f811dde9e762927ffb8272105f0890
2023-03-25 08:18:24,True,0.4777,0.001474,71.5308,0.1054,0xeb...0060,https://bscscan.com/tx/0x60845c3896607eacf871306ef17e0867d9dcec57a8904871214c21bce392dd11
2023-03-25 08:13:33,False,0.475,0.001466,370.131,0.5428,0x4a...b418,https://bscscan.com/tx/0xd34af234ee887af6ffa97b8fe73c4778d32f95b7fcaa52b10b355422c69ba6fe
2023-03-25 08:08:04,False,0.4747,0.001466,1481.6,2.17321,0x00...78d2,https://bscscan.com/tx/0x31c797e0e36ed2cac7d1a4ff76faf1db96e7bae91d753096f5f5d0426e49af58
2023-03-25 08:07:28,False,0.4748,0.001466,48.324,0.0708,0xdb...3059,https://bscscan.com/tx/0x79a772c1114e630a089a32b53eb760cde5bbbe9986539192c14c6b927ef4aff2
2023-03-25 08:06:10,True,0.4775,0.001474,627.466,0.925,0x70...8487,https://bscscan.com/tx/0xde414ea43b91eb746f6ecfcdaadc738c858686a1e071b6e7aaf2f7738c21a326
2023-03-25 08:02:07,False,0.475,0.001466,11.9759,0.0175,0x86...de96,https://bscscan.com/tx/0xf4b6606d031a6d806986c51532cccf41666de19dafd0ec97e1bdd99db4d3e6e7
2023-03-25 08:00:07,False,0.4749,0.001466,1548.8,2.27195,0x00...78d2,https://bscscan.com/tx/0xff604d18d9386112232274846acae00f847a774951fd664a0b02c105b520db09
2023-03-25 07:58:37,True,0.4773,0.001474,165.605,0.2441,0x88...1d15,https://bscscan.com/tx/0xf1232090831c089bd9f1fcd6aaff7312b8a7f7f469f7ceea9fffbb129ded5b89
2023-03-25 07:56:43,False,0.4726,0.001467,2534.71,3.71873,0x00...78d2,https://bscscan.com/tx/0x284c9f8b90864731ae0250e48f559d20074e0c7689012b7245e86b5ac8fc6a42
2023-03-25 07:56:40,False,0.4727,0.001467,2534.71,3.71948,0x00...78d2,https://bscscan.com/tx/0x5bdd31515449f394ecf0b0608c7e0977731cc2d62edd939cb23bb4982c20d5e4
2023-03-25 07:55:55,False,0.4752,0.001467,1257.71,1.84586,0x00...78d2,https://bscscan.com/tx/0x0f5d56d10b43a6c277f333532746f9f3aebbcb719162a9e01bc2594768192e52
2023-03-25 07:55:46,False,0.4752,0.001467,2534.71,3.72059,0x00...78d2,https://bscscan.com/tx/0xf6d14068d86f62b1004b297f20dae662efff4004a57bf749237f4e07f6168044
2023-03-25 07:55:43,False,0.4754,0.001468,9440.0,13.8631,0x83...6678,https://bscscan.com/tx/0x6eccb220367b6f58f665c148dadcb9bff45ed6b7791c4cd3a4b66ad57cda3c33
2023-03-25 07:55:43,False,0.4757,0.001469,2528.59,3.7151,0x00...78d2,https://bscscan.com/tx/0x1021077b85b352ad04d7b3b1dd768a0d683c9507f821540c9eba02fbfc46f184
2023-03-25 07:51:10,True,0.478,0.001476,626.248,0.9248,0x70...8487,https://bscscan.com/tx/0x154d027eb79e22ec82b5526680ed5bef720e8ce4a816c024f3acf109079d3990
2023-03-25 07:47:41,False,0.4733,0.001469,11.9759,0.0176,0x86...de96,https://bscscan.com/tx/0xed908410bc1c3681b5883becd8f477f49a1d0c0b33f93d8affc534a13db741ff
2023-03-25 07:46:02,True,0.4757,0.001476,355.074,0.5243,0x07...9154,https://bscscan.com/tx/0x37fc0e3e800bb921ef359c2d1bc9d7e01070276b1fb6a96a9f321e6139228c95
2023-03-25 07:40:23,False,0.4758,0.001469,1725.1,2.53482,0x00...78d2,https://bscscan.com/tx/0x8f38726b167d016455987ce978452b8a11989ff184da7642bfdc9a4b46d9a61c
2023-03-25 07:40:20,False,0.4759,0.001469,2529.37,3.71721,0x00...78d2,https://bscscan.com/tx/0xf8bbd711cfb1b1f9f2bad3c56204ebefb44d2aceb69d8078cce5dfeaf13884d3
2023-03-25 07:36:17,True,0.4784,0.001477,626.232,0.925,0x70...8487,https://bscscan.com/tx/0x76dcd8ef38eda9eb73e6d347a10dae236c333f1c735f47cb3a9036954832ae7d
2023-03-25 07:35:11,False,0.476,0.001469,1000.0,1.46975,0xcf...9c22,https://bscscan.com/tx/0x1c783826c975501325b69f2829183b9e99dcb640b2152279ee8d8c5497be2587
2023-03-25 07:27:44,False,0.4737,0.001469,2165.0,3.18082,0x4d...0ff5,https://bscscan.com/tx/0xd2f1a1fa1bdfaa11a61d4b804fc439a71555f9a87696136874465b5fdcee1b93
2023-03-25 07:21:32,False,0.4765,0.00147,2533.92,3.7254,0x00...78d2,https://bscscan.com/tx/0xeb79b8cf692360f68c5cbc8eb6f6faf2e56c5734341004542ef0d13a49d7c7f5
2023-03-25 07:21:29,False,0.4766,0.00147,2533.92,3.72615,0x00...78d2,https://bscscan.com/tx/0xc0603f50e7c05c917de19e6179af076d181aac2fe2a84db93e05540d9fdfde9a
2023-03-25 07:20:11,True,0.4792,0.001478,625.312,0.9242,0x70...8487,https://bscscan.com/tx/0x228a616e1ff9481fea68edee171d4d260ffa919e9ad438ae33917218fd02beff
2023-03-25 07:20:11,False,0.4769,0.00147,1362.56,2.00386,0xb0...a41e,https://bscscan.com/tx/0xe080f68667eddccec86fcc15c21a8db783b0af12fb1306022ea7f88d210de176
2023-03-25 07:20:11,False,0.4769,0.00147,2540.07,3.73615,0x00...78d2,https://bscscan.com/tx/0xfbac3fad4768d4703d3bfb90030143641150d32a01c3041ea24a7666e598d94b
2023-03-25 07:20:08,False,0.4747,0.001471,2529.37,3.72115,0x00...78d2,https://bscscan.com/tx/0xb3161a2b5cdfee1dc8dfad96075a807ac144731a378f2ef297b8d4467a67646e
2023-03-25 07:05:13,True,0.4768,0.001478,625.027,0.9242,0x70...8487,https://bscscan.com/tx/0xa2b9d0e695f46db2e1c4acf832a57f34312bfe9e1c64904f328d09d34d2f22f6
2023-03-25 07:02:46,False,0.4746,0.001471,1209.2,1.77912,0x00...78d2,https://bscscan.com/tx/0x11a00937195a5be34ef48acaeda541c75ad6097f49e5f7c690af5913a57cdb8c
2023-03-25 07:00:46,False,0.4746,0.001471,1557.7,2.29213,0x00...78d2,https://bscscan.com/tx/0x647d5f919c1cfa125c413e3674a6f36eb1ef3e0716865982bfa046d8cb6f988f
2023-03-25 07:00:43,False,0.4747,0.001471,901.26,1.32632,0x00...78d2,https://bscscan.com/tx/0x7df81fa0b817b00df642b79937c6aed0edb56efb2dbadb18ae10452dc98cd510
2023-03-25 06:59:16,False,0.4747,0.001471,2533.92,3.72949,0x00...78d2,https://bscscan.com/tx/0x00c1aeff4dfef07f34b73b88f4c181799a1b86fe3a0963f7a0fd86beca4d4606
2023-03-25 06:59:13,False,0.4748,0.001472,2533.92,3.73024,0x00...78d2,https://bscscan.com/tx/0x2a46bb825c9cc36a336daa5f572c75868c82c3a1478f18a0e65a815d6799b89e
2023-03-25 06:55:22,False,0.477,0.001472,922.6,1.35836,0x00...78d2,https://bscscan.com/tx/0x0edbce04047a6be61661c878722ea56e9f016d30e3fc3bd847c099b4d4788180
2023-03-25 06:52:28,False,0.4745,0.001472,300.0,0.4417,0x53...6615,https://bscscan.com/tx/0x5e184aa4726ba65c0fde68c3e1bfc76d23a13ce896d92e6cc2263397b59dfc03
2023-03-25 06:51:22,False,0.4769,0.001472,77.1049,0.1135,0x63...0994,https://bscscan.com/tx/0x8c0a33749d428bbd53084ecd8b2bd1521134ef545a19dbb5e7b3cc1f39620aa7
2023-03-25 06:50:10,True,0.4768,0.001479,624.185,0.9236,0x70...8487,https://bscscan.com/tx/0xc226fa1db7c7dd6f01dcb456675c6ea223b8f50ba241075512c3784f3a93fbb1
2023-03-25 06:48:04,False,0.4769,0.001472,2524.05,3.71664,0x00...78d2,https://bscscan.com/tx/0xf8b13b96a0183052a20491896da0ef815629cd3cae25c8b303feed4a729236e3
2023-03-25 06:48:01,False,0.477,0.001473,5750.0,8.4696,0x83...6678,https://bscscan.com/tx/0xd7f3f7f37ef8bcc558857af9de9f86c489a0410ab88e13d543e06d2f8b2eb073
2023-03-25 06:48:01,False,0.4773,0.001473,5848.5,8.61863,0xd8...bcda,https://bscscan.com/tx/0x3897515f13fd8e58462a02870e4fc838ca162734940aa346e88349d7e32617f4
2023-03-25 06:48:01,False,0.4775,0.001474,5437.21,8.0161,0xb0...a41e,https://bscscan.com/tx/0x872b435250dcdd4b83b8fda0a8f24309c2f84070faea0d649040d3435656a303
2023-03-25 06:46:04,False,0.4777,0.001474,2528.58,3.72908,0x00...78d2,https://bscscan.com/tx/0xb805dc472675785482432d12acd1273aa08b0eed5bbbbb10b6b4ed9f8c420085
2023-03-25 06:45:16,False,0.4778,0.001475,2523.27,3.72198,0x00...78d2,https://bscscan.com/tx/0xcae0e8770c7472be9e1fb614c874e4285407893a065558f26c929b40f2c7766d
2023-03-25 06:40:46,False,0.4755,0.001475,65.18,0.0961,0x34...99dc,https://bscscan.com/tx/0xc1ab45b77a0d7d2f8b759016740aed15747ec9649e7521989522f388040613a4
2023-03-25 06:38:34,False,0.4785,0.001475,9.55785,0.0141,0x75...234d,https://bscscan.com/tx/0x8afc05afa4fd6080646e8da218c9b836970cb98252fa14776eeea3a9c6f16bd5
2023-03-25 06:36:01,True,0.4787,0.001482,159.499,0.2364,0xd0...e4df,https://bscscan.com/tx/0x6f9c28a873e5671e34534dcd061a3566e27c3acc910b46942382b62d38a53eff
2023-03-25 06:34:13,True,0.4787,0.001482,623.313,0.9241,0x70...8487,https://bscscan.com/tx/0xb2c81c9cf14320e29cddca3446ab6acebdd63e0a8fe64a0be7006fbb82fe3e8e
2023-03-25 06:32:58,False,0.4787,0.001475,1373.9,2.02679,0x00...78d2,https://bscscan.com/tx/0x7811a5928db93ff8779ccaa763a32333bdae7a64d6f607dcec6e1a4611e1da9f
2023-03-25 06:32:52,False,0.4788,0.001475,832.7,1.22851,0x00...78d2,https://bscscan.com/tx/0x9eb71b033c8c49ff5d12e73fc5368e929841cecf61f3d777b1ee4a218fdd5b35
2023-03-25 06:26:16,False,0.4787,0.001475,1134.2,1.67346,0x00...78d2,https://bscscan.com/tx/0x77a556e372303270b6df2eff3052c8f0847a1bfaf2f56e52fb2627218c8c2d9e
2023-03-25 06:24:43,False,0.4763,0.001475,2459.57,3.62949,0xd9...950d,https://bscscan.com/tx/0xff8d8cc08399d56028a1a6b07eb36d824b2c9c642807b608b79feea7fb51e4c6
2023-03-25 06:20:46,False,0.4789,0.001476,2513.47,3.70976,0x00...78d2,https://bscscan.com/tx/0x4de59f33bde2205a625c2e6b7b8f0cec4e5b069c09c0a6397266619d7b6e075b
2023-03-25 06:19:10,True,0.4813,0.001483,622.796,0.9239,0x70...8487,https://bscscan.com/tx/0x742fea68f573eafff2431c06e8dcf18189775d70a2b3cdd51409537f1de93a07
2023-03-25 06:14:58,True,0.4813,0.001483,191.317,0.2838,0x42...859c,https://bscscan.com/tx/0x8f75a1dd4e6f30ce1a80f9960285b5fb56f263f7debfe3e9483671b8b9c1110e
2023-03-25 06:14:58,False,0.4789,0.001476,25.6856,0.0379,0x3c...cfd2,https://bscscan.com/tx/0x6e35efed29f96ba67faa8d7606e08dd777f54acbf31ab95605084153c942e367
2023-03-25 06:13:55,False,0.4789,0.001476,2512.7,3.70913,0x00...78d2,https://bscscan.com/tx/0xd420e5467d19cf6778be9ec0440b227b2e766f58199f2fa4f9c80dfd74737821
2023-03-25 06:13:07,False,0.4788,0.001476,2513.48,3.71101,0x05...7eea,https://bscscan.com/tx/0xec0db5d19788bca641e7ac178211b84a5eff6c72d47dd3a17ccfda7785d11afb
2023-03-25 06:05:01,False,0.4767,0.001476,20.0,0.0295,0x75...4e82,https://bscscan.com/tx/0x70ad53c9b816c4b850da17d477cfb8d7730b0967815b2e338f1cd2099c169e4f
2023-03-25 06:04:10,True,0.4815,0.001484,622.475,0.9237,0x70...8487,https://bscscan.com/tx/0xbd133344ec6785ad57d993c3346700a8662a056ec1465b0406ba5538643149f2
2023-03-25 06:02:55,False,0.479,0.001476,4426.71,6.53727,0x17...272e,https://bscscan.com/tx/0xdfb76f708204c8b6072599549ee410b42979a295c4849bf0c94cd589c5524b86
2023-03-25 06:02:22,True,0.4815,0.001484,43.0,0.0638,0x18...f64e,https://bscscan.com/tx/0xefc538468f73aae6528b9428b93a3a65e5597c9fc60a9e41f19386f12728ddad
2023-03-25 06:00:34,True,0.4792,0.001484,28.6672,0.0425,0x18...f64e,https://bscscan.com/tx/0xf80a777585a1951ecf8a2e424d707e1e53f27617c4d7e3d61ccec6c6600dad0d
2023-03-25 05:49:10,True,0.4793,0.001484,622.242,0.9236,0x70...8487,https://bscscan.com/tx/0x425279c2d9917993d9a706ed9d997650a923e7c0346b00382f2f9104e31102e0
2023-03-25 05:47:46,False,0.4794,0.001477,200.0,0.2953,0x18...f64e,https://bscscan.com/tx/0xc167baec106200a6f08317acb2694e7fe1a25aed7534aff0f92177fd1315ae59
2023-03-25 05:45:04,False,0.477,0.001477,1285.0,1.89802,0x00...78d2,https://bscscan.com/tx/0x752a635c971e00ef1e4bdca9b2111586fb46270b02f9cf55a1e141803745e6ca
2023-03-25 05:45:01,True,0.4794,0.001484,450.0,0.668,0x42...859c,https://bscscan.com/tx/0x403a26600daae56b8f5a88254fdb70d341f0e9e2205ac0791e952edd40ebc8cc
2023-03-25 05:42:19,True,0.4796,0.001485,6.67403,0.0099,0x4b...904e,https://bscscan.com/tx/0x9cbabfe53c55b69e85819683c6fa2b7e4e3df98fcd279dd301bd7ae9c77f0bd0
2023-03-25 05:34:37,True,0.4823,0.001485,20.0221,0.0297,0x4b...904e,https://bscscan.com/tx/0xc14afba9669d14bf360b4937506ee22428fefad0ca48bc9da4317281b1d3d0c5
2023-03-25 05:34:10,True,0.4821,0.001484,621.892,0.9231,0x70...8487,https://bscscan.com/tx/0x6b3c261f824ece2bc56e47172e3e38cfcde2194ca8f39d6543e4aba7f768d999
2023-03-25 05:30:58,True,0.4818,0.001484,6223.96,9.23666,0x0a...669b,https://bscscan.com/tx/0x5ef074fd3c68ccd9dc28c700d016b79f2b808c136ee0365a149b50c255647e94
2023-03-25 05:28:22,False,0.479,0.001476,109.835,0.1621,0x1a...5e90,https://bscscan.com/tx/0xd46ba1f44c5fbc672674109a4c1110d50420af11239f2a8746f5d68d805693ff
2023-03-25 05:26:01,False,0.4789,0.001476,41.0744,0.0606,0xf0...383d,https://bscscan.com/tx/0xb21ed3118863292f6d2f3d762e4aee3658de3827f8e32d154437ad229ca41829
2023-03-25 05:24:01,False,0.4764,0.001476,2512.7,3.70984,0x00...78d2,https://bscscan.com/tx/0x9a5008a9827ccce808ab222acfcbc9b44b13fea0cd73c954b5ddaea102d81983
2023-03-25 05:23:16,False,0.4764,0.001476,244.8,0.3614,0xf0...383d,https://bscscan.com/tx/0x985cdf50c71bdf69c410930e0b331102b28b9d1d0e5b3bb1135fb52582c1ae73
2023-03-25 05:21:52,True,0.4814,0.001484,56.7472,0.0842,0x4b...904e,https://bscscan.com/tx/0x2112e9f8fcac5b83a04fa615a2e5293f1327e5d4b64d3975f07c7f40a106f2df
2023-03-25 05:21:49,True,0.4814,0.001484,56.7472,0.0842,0x4b...904e,https://bscscan.com/tx/0x2112e9f8fcac5b83a04fa615a2e5293f1327e5d4b64d3975f07c7f40a106f2df
2023-03-25 05:21:13,False,0.4787,0.001476,10.0,0.0147,0x02...f2c0,https://bscscan.com/tx/0xd56e56c69d6838eb752cdc688e869360d9dcb9af48c879ea650deff799ef8c6a
2023-03-25 05:20:01,False,0.4787,0.001476,67.1336,0.0991,0x02...f2c0,https://bscscan.com/tx/0x484351cff8bd7f4596892a9a6148c462f547f29ecb4d0a1d0dba3d49e669be42
2023-03-25 05:18:10,True,0.481,0.001484,623.128,0.9247,0x70...8487,https://bscscan.com/tx/0x17e7f897f543ab73fb9751ba6123c698fc68efcb77341a5aafa633547978747f
2023-03-25 05:17:19,False,0.4784,0.001476,2512.7,3.71048,0x00...78d2,https://bscscan.com/tx/0xf049d9255a351ea4e6b638036e80afb76e5d158f99d80858539f28aff2931cd8
2023-03-25 05:10:43,False,0.4761,0.001476,5.82917,0.0086,0x97...cd74,https://bscscan.com/tx/0xfc1bfed6432b5b9701688eb87be0417df8650f8cf1da08a97acd70c9f179fec0
2023-03-25 05:04:19,False,0.4784,0.001476,22.0,0.0324,0x02...f2c0,https://bscscan.com/tx/0xb912f6e2c9048e2cc598199f65486c6636c06bec8cb576b75c4d2a92dbddb8ff
2023-03-25 05:03:10,True,0.4784,0.001484,623.012,0.9246,0x70...8487,https://bscscan.com/tx/0x840e7967643d7f7777656fc9ff0e812ce90e6512d56f2cf6ed2ac27111b27d56
2023-03-25 04:55:52,False,0.4766,0.001476,1269.5,1.87485,0x00...78d2,https://bscscan.com/tx/0x77a91b69f0d993688aaec1c9e7f328634d15210a60f90d1a3af779cb0bd3a18b
2023-03-25 04:55:49,False,0.4767,0.001477,2513.48,3.71256,0x09...18f7,https://bscscan.com/tx/0xe38282cafbc9069f65c8e9442a723940b768ea9ddff9bdcb341d52ef36c898d9
2023-03-25 04:54:40,False,0.4792,0.001477,2518.75,3.72109,0x00...78d2,https://bscscan.com/tx/0x4a51b64fc9f23794e204df52818a0e4a8790f0be9278b9f581bd3e71e58e6c92
2023-03-25 04:50:36,True,0.4792,0.001484,28.3729,0.0421,0x09...3f43,https://bscscan.com/tx/0x58ad838e76ab5e60589e40aa3f43a87ad69494634bb98af364f1e2d9401cd59c
2023-03-25 04:49:58,False,0.4769,0.001477,1171.84,1.73147,0x28...3185,https://bscscan.com/tx/0x49a2290a0d3ce7e4f4b14b85cc8863130ed3bcf6f869f489c46bd85f3d0bc58c
2023-03-25 04:47:12,True,0.4818,0.001485,622.094,0.9238,0x70...8487,https://bscscan.com/tx/0x584ae70c418f6e2756d0ffeb04eb5cfaa7cc2c89368f1a05591b8aa6469ec207
2023-03-25 04:36:58,False,0.4768,0.001477,40.0,0.0591,0x97...99d0,https://bscscan.com/tx/0xc776d4628b25f29f3943e96f7b61770582ea251cbddf7594dabb5e3594040194
2023-03-25 04:32:10,True,0.4792,0.001484,621.197,0.9224,0x70...8487,https://bscscan.com/tx/0x94de1b36ce9ce52bb91939e010a209dc733ef8cd43eed1ec326b983f96ec12ea
2023-03-25 04:25:25,False,0.4792,0.001477,2518.75,3.72181,0x00...78d2,https://bscscan.com/tx/0xcb5fa98d54e44ac284ab72e51561ec95da582e95ef38358839691068242acca5
2023-03-25 04:25:10,False,0.4793,0.001477,770.3,1.13838,0x00...78d2,https://bscscan.com/tx/0x6d35ffa17edbf3863980614edac276acf91c500e26e9847c63be5e04b3e82862
2023-03-25 04:24:07,False,0.4769,0.001477,823.2,1.21663,0x00...78d2,https://bscscan.com/tx/0xae02ce267ff7d54578c58708e6fde8f4bd25bd9fb059cd080baae157ac6fa9e8
2023-03-25 04:16:13,True,0.4799,0.001485,621.548,0.9232,0x70...8487,https://bscscan.com/tx/0x72edd1018ca9a815dabd9c96db5cda067b622179326c7c6b5f00b1d25d84ff84
2023-03-25 04:16:01,True,0.4799,0.001485,51.2741,0.0761,0x66...7c57,https://bscscan.com/tx/0x770cee3e869fe5c3a192f32ff4ad47ecdd3ddb846f3492a7c4a3c990357579ab
2023-03-25 04:13:49,False,0.4798,0.001477,6.78702,0.01,0x3c...cfd2,https://bscscan.com/tx/0x2650361ecd02ae777b7e3d60660052d32aac794801842a9079d22721b86f76d2
2023-03-25 04:13:25,False,0.4798,0.001477,20.3611,0.03,0x3c...cfd2,https://bscscan.com/tx/0x0ea1a029f30d86da1285322396ae74c0e15e39657c8b786ca49efc1b61e3aa7b
2023-03-25 04:10:46,False,0.4799,0.001477,26.0817,0.0385,0x8b...f2b8,https://bscscan.com/tx/0xfb7dcdb2ad309e5de47193373e0d9bcfa388ef86dd8640a09adf023dbff7834a
2023-03-25 04:09:22,False,0.4776,0.001477,500.0,0.7389,0xda...7899,https://bscscan.com/tx/0x8e281a76b7b7ef3d7390ee4b07cce0e2cc588d1d3c992ac27416e5d7a9bd850d
2023-03-25 04:02:34,False,0.4775,0.001478,101.067,0.1493,0xf3...969f,https://bscscan.com/tx/0x695e1bcf3ee2427b2d42dc7b2cf0ab27e9d74f1baadb7e7b899f85f1748ae156
2023-03-25 04:02:13,True,0.4799,0.001485,29.5948,0.0439,0x1f...7a8f,https://bscscan.com/tx/0x4cc90d92c1d8b4a32474d618a03955b9350e758e294640f186d229f8ac408205
2023-03-25 04:00:13,True,0.4799,0.001485,621.429,0.923,0x70...8487,https://bscscan.com/tx/0x6478f251fca95b1fb3f5795c51059428b5ebc9e63e82263a0896adab54b8db4e
2023-03-25 04:00:10,False,0.4775,0.001477,10.0,0.0147,0xdd...93de,https://bscscan.com/tx/0xd18554218e43482bdb9fb74011b2e3f4f6feb5bd6d13f9e6f736f0d58d3daaba
2023-03-25 03:59:19,False,0.4775,0.001477,24.3,0.0359,0xdd...93de,https://bscscan.com/tx/0xdadd1359a9c16f43a76ca1e1434d6facc45e84f29b677c5a5efac4096b1bf827
2023-03-25 03:57:04,False,0.4775,0.001477,10.0,0.0147,0xdd...93de,https://bscscan.com/tx/0x05cd8aa1a9b983f4ebbfac3ace0f06de2f39b2ead790c6e81b418e19b7c86609
2023-03-25 03:55:10,True,0.4823,0.001485,327.09,0.4858,0xec...9221,https://bscscan.com/tx/0xbf5ffc10d3eacab5151b5ddefb747df0808acb88ef79339a1425668ac56ac7ba
2023-03-25 03:49:46,True,0.4821,0.001485,3.8,0.0056,0x94...677f,https://bscscan.com/tx/0xfb04173579f684c61d2252aa5bcf77602665cd109da01208cf4854d7a2385d0b
2023-03-25 03:45:12,True,0.4822,0.001485,621.52,0.9231,0x70...8487,https://bscscan.com/tx/0x6ade24664b4bf2315db982a321bf6bb3420c50032fabcc53b4cb32912cdffd7c
2023-03-25 03:37:10,False,0.4797,0.001477,10.0,0.0147,0xdd...93de,https://bscscan.com/tx/0x77aa6ca07df6512ba3f3befa295be9723a1e56b69a7d4120917d95fca22739ef
2023-03-25 03:35:11,False,0.4772,0.001477,30.0,0.0443,0xdd...93de,https://bscscan.com/tx/0xdbd296848c612fdc09850688afce0f45dcca9bab43870e9896dd7a8a5893e4ca
2023-03-25 03:32:21,False,0.4796,0.001477,39.0,0.0576,0xa8...6c48,https://bscscan.com/tx/0x4a131ffbb3f5b36f3b4964e9c4aa782e4577ff46f31cfddfa8f5c4a68a334487
2023-03-25 03:32:00,True,0.4821,0.001485,227.928,0.3385,0x33...c8f8,https://bscscan.com/tx/0xf55a1dd0efb6b0c0ffa8e170c938e511ff3ce702219e78ed095a94805ae6bea1
2023-03-25 03:31:52,False,0.4797,0.001477,1500.0,2.21679,0xed...41e8,https://bscscan.com/tx/0xeb2ec0e534dc05ad3ec82461bd2734c28127e2c86adf602001441d42c89f44aa
2023-03-25 03:29:17,False,0.4798,0.001478,2211.7,3.26906,0x00...78d2,https://bscscan.com/tx/0xb179814be6756d02f1aa08ec4ce74c515d0672ff9327a30ea4bd36230470df64
2023-03-25 03:29:11,True,0.4822,0.001485,621.509,0.9233,0x70...8487,https://bscscan.com/tx/0xc93298183214dd522659dec0b99c55ba8a61b55e6906168bae20e853815be4fd
2023-03-25 03:23:48,False,0.4767,0.001478,50.0,0.0739,0xa8...6c48,https://bscscan.com/tx/0x7c6ba596207706d44a14e18bc965fbdc5d6ff1791ab258cf0829c04f5d06ef13
2023-03-25 03:20:51,False,0.4786,0.001478,1334.5,1.97307,0x00...78d2,https://bscscan.com/tx/0xa9e26399e2be0a29ae61108e1bdc52d6c7a8e439ddc18df7ad4e9abcfebdfd16
2023-03-25 03:20:45,True,0.481,0.001486,0.6729,0.001,0x08...d9e9,https://bscscan.com/tx/0x6bbf7fe34bf651ab5ba09fe7581f2672159adfaadaae1a178f09ee63dc07d9c0
2023-03-25 03:20:42,True,0.481,0.001486,0.6594,9.8e-05,0x03...ebcc,https://bscscan.com/tx/0x849b0dcea89e6d3a0d85d4cd24f42184b1373839a1069258f05ec0bb1423143e
2023-03-25 03:15:18,True,0.4805,0.001486,31.1727,0.0463,0x8c...cf6c,https://bscscan.com/tx/0xdff677095d32c2f1cdca8ef9dcdfd73e3cb66f7cb542941e987bf46af5bd9af6
2023-03-25 03:13:12,True,0.4778,0.001486,622.294,0.9247,0x70...8487,https://bscscan.com/tx/0x0e71a33454075805c922b855a7e3b179045ff9ee74f49d4eaea326baa0436fc3
2023-03-25 03:11:08,False,0.4775,0.001478,19.0933,0.0282,0x85...7094,https://bscscan.com/tx/0x7a31b1234ce013669e27d01d6ddf6432ba6cac796398e7dd388540c3eb95a0e5
2023-03-25 03:07:13,False,0.4775,0.001478,2517.97,3.72323,0x00...78d2,https://bscscan.com/tx/0xe13d1d16b62b5050f74a2851f7f3ae96a569f3f0fdf19d25f24aa1c92e13f5d7
2023-03-25 03:06:20,False,0.4752,0.001478,20.0,0.0295,0x12...9d8c,https://bscscan.com/tx/0x8a666c0ad6961db1a9b35662d35cd6a9b10db30ef2cf6a7e832f48166f6bf4be
2023-03-25 03:05:40,False,0.4777,0.001478,1611.78,2.38367,0x00...78d2,https://bscscan.com/tx/0xa99829b49a9b03889f11f63dd128124fa2cf4e8f8df903f79994f51808cfb589
2023-03-25 03:05:34,False,0.4754,0.001479,2517.97,3.72445,0x00...78d2,https://bscscan.com/tx/0x7c4409eec4055b476abfe3cb2feee062e7b165e0ce9c7bd30bfc975460f4e32b
2023-03-25 02:57:11,True,0.4812,0.001486,622.285,0.9251,0x70...8487,https://bscscan.com/tx/0xef7105e698b062011061745f49c1866c723db620b66641ae5e78e1aa76d84604
2023-03-25 02:55:02,True,0.481,0.001486,300.0,0.4459,0xef...e9e7,https://bscscan.com/tx/0x124d05d328d44f93416944a3dc3d4cc493019dad63e056713247e7d25ea32331
2023-03-25 02:54:02,False,0.4785,0.001479,9.85675,0.0145,0xbc...b810,https://bscscan.com/tx/0x58045157366e1fca52613b87aed0ad7518b48dbf142973725986468142e64da4
2023-03-25 02:53:02,False,0.4762,0.001479,1137.9,1.68324,0x00...78d2,https://bscscan.com/tx/0x5ea063ace6df0b9818eb06f72cdfa96d2baeea862aa767da76eedbc6b5efff13
2023-03-25 02:52:05,False,0.4763,0.001479,1054.8,1.56045,0x00...78d2,https://bscscan.com/tx/0x0e48be4668fb754c72ea507fabeffa93b5ad41c1257fae25888dc3c8c9544768
2023-03-25 02:47:50,False,0.4767,0.001479,11.1416,0.0164,0x04...c7d0,https://bscscan.com/tx/0x4e1a00b5f40499d3a4689090e662f4f6c9a7dac9ff881222740c802776c45238
2023-03-25 02:47:17,False,0.4767,0.001479,15.7189,0.0232,0x04...c7d0,https://bscscan.com/tx/0x6404c8d7362ab01c34be40e3ae830577464a06c25b15faff9bb41fd48109fcc3
2023-03-25 02:44:50,False,0.4791,0.001479,2292.0,3.3912,0x00...78d2,https://bscscan.com/tx/0xf25a7140c4cefeae9cd7f47fdee6979df054345862140e7b7be6fee76ae9d182
2023-03-25 02:44:47,False,0.4792,0.001479,2517.97,3.72626,0x00...78d2,https://bscscan.com/tx/0xfd1d2a583d60a89177310caee00e93de2d75205e2d16bf2a30512e961a44e90d
2023-03-25 02:44:11,False,0.4794,0.00148,8798.49,13.0264,0xb0...a41e,https://bscscan.com/tx/0x4effe0000c5ccdf2bb68206de3cc7e761ed31520fce64e9876aa1585cab5148b
2023-03-25 02:44:08,True,0.482,0.001488,1000.0,1.48842,0x1d...7b45,https://bscscan.com/tx/0xe4d495e2772b67fe4bd2822b0a582f5ed21768dafb10a55830136df15b0ece9d
2023-03-25 02:43:41,False,0.4772,0.001481,2502.22,3.70597,0x00...78d2,https://bscscan.com/tx/0x1838559723051e589926a201afdfce9a063e342abd043379eb9beca49bb39663
2023-03-25 02:43:41,False,0.4774,0.001481,6089.6,9.02221,0xb0...ff7c,https://bscscan.com/tx/0x7b937cc4fc85b4d7b5d2b3d5b7ae50a65f77dc6a05f728fed4887063daa8bd8e
2023-03-25 02:43:35,False,0.4777,0.001482,9010.0,13.357,0x83...6678,https://bscscan.com/tx/0x574af06a48a49ca0fdbfcb77e01711fa691260c55a9152858f2f8bb73f0b8d03
2023-03-25 02:43:35,False,0.478,0.001483,8777.14,13.021,0xb0...a41e,https://bscscan.com/tx/0xfbd6144887eb2c40652fd12c7d084bfc3e9541c185f63b74a043bb851947ac4f
2023-03-25 02:43:32,False,0.4782,0.001484,2507.45,3.72148,0x00...78d2,https://bscscan.com/tx/0x8e88baed0dcdd68979ef65d66512715634aebc976ceb69c943f49c0055b39905
2023-03-25 02:41:11,True,0.4809,0.001491,620.612,0.9257,0x70...8487,https://bscscan.com/tx/0x116f377184c5e9e9be2b8f6740b88085e6dde448812bd95fc3453ac524b1a4e4
2023-03-25 02:35:59,False,0.4811,0.001484,137.914,0.2047,0xd2...d344,https://bscscan.com/tx/0x4627f1a9862c881b447626b19628abb05d264759efbe0c21132d58724cce0303
2023-03-25 02:34:29,False,0.4811,0.001484,2.31706,0.0034,0x3c...cfd2,https://bscscan.com/tx/0xf63d17661d1dc638b6ce0ad68ab8f782307f6f3cb7cbb40fe967f20f43ca7e4f
2023-03-25 02:33:47,False,0.4787,0.001484,1.266,0.0018,0x3c...cfd2,https://bscscan.com/tx/0x68cc1cbc36762da433edc9de1ff538e16930be456ebc99aa03b760e99d4e3579
2023-03-25 02:27:23,False,0.479,0.001484,11.2679,0.0167,0xf7...24a0,https://bscscan.com/tx/0x28e92506a44fb5e03e7e596d3c33429d4646b1e2dbc452c3f5b184dee7dd8083
2023-03-25 02:25:20,True,0.4813,0.001491,620.874,0.9261,0x70...8487,https://bscscan.com/tx/0xda05bda8b0ed34cdb2d40f1d929eeddb93a37bd4c96ce8471cc0461b443b1d2f
2023-03-25 02:24:44,True,0.4813,0.001491,6.70403,0.01,0xea...c5fc,https://bscscan.com/tx/0x44baeedf24e5c600dea5ad25d396a121b1ac707334e81ce886a89f94fb51df17
2023-03-25 02:16:23,False,0.4809,0.001484,16.8236,0.0249,0x38...9b59,https://bscscan.com/tx/0x37158b3de98bdabafef27246631aaaee5bce29056e1637e4c240d9ef272ae6f1
2023-03-25 02:13:02,False,0.4807,0.001484,1312.39,1.94794,0x00...78d2,https://bscscan.com/tx/0x6593ce7d9ba2c06ba1e4bae8794e219bccd590d5598f4dda5e5974b9d7d95c9f
2023-03-25 02:12:26,False,0.4807,0.001484,2502.22,3.71453,0x00...78d2,https://bscscan.com/tx/0xd78a8c8d850d4638ecf8f10489ad1c0daa8e0a139c1ccbb6e836aa25e4be894f
2023-03-25 02:09:11,True,0.4831,0.001492,620.932,0.9264,0x70...8487,https://bscscan.com/tx/0x7d1e960f30ad34dec93fe58bfa0cfb0ab03afa9085a68fa36438a937c77b7e7a
2023-03-25 02:01:11,True,0.4804,0.001492,271.297,0.4047,0xb3...68a0,https://bscscan.com/tx/0x46193b0801b83a6e6016272ca0751029b98d515979ceaca8c11a13e6c9d00214
2023-03-25 01:55:38,False,0.4797,0.001484,2508.22,3.72392,0x00...78d2,https://bscscan.com/tx/0x06eceb6a732ed3696d1c3463bcf8cbe906b372dc838b84cf3c0c9f488c1f3c00
2023-03-25 01:54:26,True,0.4798,0.001492,18.3817,0.0274,0xd9...1a23,https://bscscan.com/tx/0x2ea3d25706697114ac8dec972fcaa3a7ada7d8792f4601c00294eea8b0953f1c
2023-03-25 01:53:11,True,0.4822,0.001492,621.715,0.9277,0x70...8487,https://bscscan.com/tx/0x7f93c5b17b2ad28c132dd5190e8b1dfed2b01395e13b541ecf2d4258a27bc877
2023-03-25 01:47:26,False,0.4772,0.001484,1965.54,2.91858,0x00...78d2,https://bscscan.com/tx/0xb3c95aae190d93bfe6474765600bc816e034ad6a6f7fbfdd145f6448da50a5de
2023-03-25 01:47:23,False,0.4773,0.001485,2508.22,3.72506,0x00...78d2,https://bscscan.com/tx/0x039100cd26a5d33b6e3af1a9da8382524de5eaeb4f29186c7ee43f67ad2ee84f
2023-03-25 01:46:32,True,0.4821,0.001492,20.0973,0.03,0x56...4465,https://bscscan.com/tx/0xbd6a8e53219e72aec3b58553f5e34d29de6875847da261e8f8e8ce8727d0c764
2023-03-25 01:41:53,True,0.4796,0.001492,400.0,0.597,0x6f...2498,https://bscscan.com/tx/0xd7aa8c32c80bede8306c5a720241c2072735727f4781a6a53981e55d2f97fddb
2023-03-25 01:39:32,False,0.4795,0.001485,177.451,0.2635,0x01...2ae7,https://bscscan.com/tx/0xacb4fa0e5257d7705398245ebc89f5ca721fce94f57af159c12935cd259c104d
2023-03-25 01:38:50,False,0.4795,0.001485,48.0,0.0712,0x02...f2c0,https://bscscan.com/tx/0x972addd2b416433de13f73294cf9d31fae7cdc80fed823c9740b4cd36baf73e2
2023-03-25 01:37:56,False,0.4795,0.001485,27.2162,0.0404,0x02...f2c0,https://bscscan.com/tx/0x7f771bf895c0c87ae1b2f28afb9d381fd3dbc1fbc20e8116e21b6ef704e9b550
2023-03-25 01:37:11,True,0.4795,0.001492,621.816,0.9281,0x70...8487,https://bscscan.com/tx/0xcb1664289452ae43db2843a677e8fae144587742f843c15e48572dad38691b2c
2023-03-25 01:26:59,True,0.4812,0.001492,25.8755,0.0386,0x53...5a4d,https://bscscan.com/tx/0x010f811e263b86bab00a713261b3a466c28a6c84cc8fed2420a96d43410d2a25
2023-03-25 01:25:08,True,0.4813,0.001492,67.5885,0.1008,0x2c...c9c5,https://bscscan.com/tx/0x957b86d77e147ddc3e8df2f177447d736b323ad78df58bbebc5fa58c75cfddd3
2023-03-25 01:21:20,True,0.4787,0.001492,855.731,1.27725,0x7d...3b6b,https://bscscan.com/tx/0xaaa5dabc2967b5aad78b989707e55bb39803a1d8bd95e133001b39199e61c993
2023-03-25 01:21:11,True,0.4787,0.001492,622.235,0.9286,0x70...8487,https://bscscan.com/tx/0x4003cee61ffa030948b07688d349a3e1aacc88806cc17d9df357d88cfab93d7e
2023-03-25 01:16:05,True,0.481,0.001492,362.075,0.5403,0x7d...3b6b,https://bscscan.com/tx/0x92b6a95bc201b6509fd68ccf95470ab9c558e06b2c1c7a761ebee1589e2e868d
2023-03-25 01:12:28,True,0.481,0.001492,329.169,0.4912,0x7d...3b6b,https://bscscan.com/tx/0x8c2b9161b3b087265c9968adc9899374f4cabb1e81d90823561a31968ca05330
2023-03-25 01:07:26,False,0.4785,0.001484,54.4497,0.0808,0x29...a11a,https://bscscan.com/tx/0xac1870d3feb44ba6e2f008c4f204f88555cf84cf097907da808ae79ce0fe4ef3
2023-03-25 01:06:44,False,0.4785,0.001484,52.593,0.0781,0x55...db5b,https://bscscan.com/tx/0xe1e91241572be6af68811e629c8e66947f5da769d2c96ca25e098a6f1a281ea1
2023-03-25 01:06:11,True,0.4785,0.001492,622.088,0.9283,0x70...8487,https://bscscan.com/tx/0x426e3dbdba4bb51d258213e3619dcbdc7de08a8e74a690ce710802adf59e7228
2023-03-25 01:04:47,True,0.4808,0.001492,190.0,0.2835,0x6f...2498,https://bscscan.com/tx/0xe1e351f607ad75495c2a1d8451f6f2b029ffd6ec93ab77cc478efbef92145ec7
2023-03-25 01:04:11,True,0.4809,0.001492,65.8385,0.0982,0x7d...3b6b,https://bscscan.com/tx/0x9f3632cde573696c983bf37dfc7442afe42bb6c65324067ebcc670138add214c
2023-03-25 01:00:08,True,0.4807,0.001492,831.981,1.24151,0x0d...eb6e,https://bscscan.com/tx/0xd44b2277fa87e41ff766d390c7654605c878f102f35bc1dce3e74f94ed28c8f2
2023-03-25 00:51:17,True,0.4788,0.001492,44.8606,0.0669,0x97...a6a3,https://bscscan.com/tx/0x8cf0165a2fe1c0c6ff5eae6493343cbc43160bd26dae0333509680f105eaacda
2023-03-25 00:50:11,False,0.4788,0.001484,52.9071,0.0785,0x5c...be56,https://bscscan.com/tx/0xb8d14f6e0a73024eae1a87eae20dfba2e63bf9f05b896667a4dce01efb301548
2023-03-25 00:50:11,True,0.4812,0.001492,623.009,0.9296,0x70...8487,https://bscscan.com/tx/0xb9ae0ff7e8bfdba0a33e8a96b3d511ea59c746c13350b842b6c8a21bf7b5db72
2023-03-25 00:45:53,False,0.4764,0.001484,6.16758,0.0091,0x61...9a70,https://bscscan.com/tx/0x141c0c000a94dafa6f94cb2aa6b1789dc2052eec9ba91392ffff3d3efef89fca
2023-03-25 00:44:53,True,0.4812,0.001492,28.0195,0.0418,0x95...b5ae,https://bscscan.com/tx/0x76b1640f2b4048c7b459e34c5bde26a9acaef3c9c9907d594070853bafa416d5
2023-03-25 00:40:55,True,0.4816,0.001492,1.32799,0.0019,0x97...a6a3,https://bscscan.com/tx/0xfee26ba45069eb8aea0004e149f8c7ba50555809776ad0de990e664cb6d80899
2023-03-25 00:34:24,False,0.4762,0.001484,218.472,0.3243,0x53...5a4d,https://bscscan.com/tx/0x210cd15db9976f947131ddbbc924ffae9c759adcc5955b9be8290028a14964d3
2023-03-25 00:34:12,True,0.4786,0.001492,623.016,0.9296,0x70...8487,https://bscscan.com/tx/0x8fff285ceaa91c6d8458b01e54e985bf92197dcd50629521a5b5ed441bc7f91d
2023-03-25 00:30:44,False,0.4785,0.001484,30.8987,0.0458,0x3c...cfd2,https://bscscan.com/tx/0x75373b407deb868e5a7d6c36183c67077503d063806febd8de7a971b8c25ed48
2023-03-25 00:30:32,False,0.4785,0.001484,1849.2,2.74555,0x00...78d2,https://bscscan.com/tx/0xaefae6ba5176fcf377fc0b08b508ae007a7a90363ee55facf5a6c30c4212005b
2023-03-25 00:29:02,False,0.4762,0.001484,15.0,0.0222,0xda...7899,https://bscscan.com/tx/0xda2ccd747c0856e8a6b083b9aadec65a70b2405c9188e1e6d1a33f303afc2b8b
2023-03-25 00:24:20,False,0.4785,0.001485,2512.7,3.73131,0x00...78d2,https://bscscan.com/tx/0x44286fa594f39d20543676b08b422c5a6ffb98b89845ccae6ef712e07788ce69
2023-03-25 00:23:44,False,0.4786,0.001485,2512.7,3.73206,0x05...7eea,https://bscscan.com/tx/0x721d6d6cb7a262e8c8cd94325592da8f8e0ec3436112e94317b18429e3ef2083
2023-03-25 00:21:35,False,0.4762,0.001485,1518.4,2.25561,0x00...78d2,https://bscscan.com/tx/0x19b3afb93b9d6fc654bb470b82d64aae1d7e20fefd05c1fb2598d1a4e8e64feb
2023-03-25 00:21:29,False,0.4785,0.001485,2512.7,3.73325,0x00...78d2,https://bscscan.com/tx/0xf329d8324debb69d53a79f57acecdaa70c83a1079df9fa0991544b3f3cb5c4d7
2023-03-25 00:20:05,True,0.4786,0.001493,363.897,0.5434,0x8e...f7a5,https://bscscan.com/tx/0x54a61d8ae3c0ec4f30a39c943d9d152b158d46ff8a1fd602ea4b1c7fa3ac3b16
2023-03-25 00:18:26,False,0.4762,0.001485,1240.3,1.843,0x00...78d2,https://bscscan.com/tx/0xc06074a14f547d31824f54d1ff80918029dcf76779245de46523ce2161e7393d
2023-03-25 00:18:17,True,0.481,0.001493,623.122,0.9305,0x70...8487,https://bscscan.com/tx/0xfd70bc7ef9263a1bb301ec494a64e1ad9cbd1f275c6e4fb64f4b1c312882eba6
2023-03-25 00:16:44,False,0.4759,0.001485,340.994,0.5064,0xb9...a8f8,https://bscscan.com/tx/0xa834942514e02586dd6c286fdc524529ed74bba1ec3402d1004341064144fca9
2023-03-25 00:14:18,True,0.4785,0.001493,44.5073,0.0664,0xf6...694b,https://bscscan.com/tx/0xcbe08f2a4eed5441ac2de5be1daa300b3cd2f3cd9b48517f8656be429a095bd3
2023-03-25 00:05:25,True,0.4784,0.001493,82.2577,0.1228,0x2c...c9c5,https://bscscan.com/tx/0x45adaa4262029c441ec30c64f7dec40c8592498a21f61d8e4f2a3e95a3984ab7
2023-03-25 00:02:10,True,0.4808,0.001493,622.849,0.9301,0x70...8487,https://bscscan.com/tx/0x01d6373d8a55e3ddcfcbdc5c6ccef23c8c3620c6a95cf1e1abc73130776d991e
2023-03-24 23:59:10,False,0.4784,0.001485,12.404,0.0184,0x64...a5bf,https://bscscan.com/tx/0x0be9fb9c2c51314646df5758c1a3743e5d17287dc0d9fdce865fc0dd7ebd8363
2023-03-24 23:58:31,False,0.476,0.001485,630.008,0.9361,0x1e...96b7,https://bscscan.com/tx/0x7d753afb5ae262d8360583002c632d25d16f70213920da71a3febcd75fe1f74c
2023-03-24 23:58:01,False,0.4784,0.001486,11.9837,0.0178,0x31...67b4,https://bscscan.com/tx/0x2f41b2e267e8fd12ca681a804851dedeb38a300fa2c806dfab6fbbe59cb6b73f
2023-03-24 23:55:43,True,0.4784,0.001493,270.0,0.4032,0xdf...8089,https://bscscan.com/tx/0x044375057fa99e83014be3c12cba7b31bb5b1b18bba2a3df4c14707d6bca1327
2023-03-24 23:46:10,True,0.4781,0.001493,623.186,0.9306,0x70...8487,https://bscscan.com/tx/0x54d1804601427e533a46fdb1b607b90b273cca58ea9c5bb732308f28648464a9
2023-03-24 23:45:04,False,0.4784,0.001485,1051.8,1.56289,0x00...78d2,https://bscscan.com/tx/0xb7485867236ce581230ae9a76159200869b3b605fc54b2d45b679d53b5295472
2023-03-24 23:35:49,True,0.4778,0.001493,980.0,1.46351,0x4f...834d,https://bscscan.com/tx/0xecd846ee5b7eb3aecd53e338a6ac5452ddad47d48f45bc20f7705a7563a805c0
2023-03-24 23:35:37,True,0.4801,0.001493,3.7,0.0055,0xce...051c,https://bscscan.com/tx/0x38df4175eec316ed798bc5ff594059b06731ee20ac844a3a803d3889bcd964cd
2023-03-24 23:35:19,False,0.4776,0.001485,972.3,1.44476,0x00...78d2,https://bscscan.com/tx/0xd8de375664720570615f9c472a72812d4dc48c4a7651171dbaafbcaba203a10e
2023-03-24 23:35:07,True,0.48,0.001493,20.8295,0.0311,0x4f...834d,https://bscscan.com/tx/0x52fb19dac32009a7252205197c69954005ca0bb69f26ba4228aaa3fa7447f249
2023-03-24 23:31:28,False,0.4751,0.001486,2518.75,3.74318,0x00...78d2,https://bscscan.com/tx/0xadef1f4ac81ba06c138a05b85a42093aba3c72e18ee9a3a6ac69b189b87adead
2023-03-24 23:31:16,True,0.4776,0.001493,624.401,0.9326,0x70...8487,https://bscscan.com/tx/0x28f6995b24f4dc22aeb565f2d13e961b6d3ef267eef435c02df12f3b960002bc
2023-03-24 23:29:04,False,0.4775,0.001486,2518.75,3.74375,0x00...78d2,https://bscscan.com/tx/0x350fed2480b2c915460b68c0df4c0da6f9a4d38ffef290f88a7d41975a00d7e2
2023-03-24 23:28:25,False,0.4775,0.001486,18.9821,0.0282,0xb7...f533,https://bscscan.com/tx/0x45f3adc436a608079668a2895e18a56250af88593b5354fe5ae323b191a104d2
2023-03-24 23:28:13,False,0.4776,0.001486,2518.75,3.7445,0x00...78d2,https://bscscan.com/tx/0x6711f681b9832dcb78463d175d943ff713dff8d31cb031166b222a2b3ecbf475
2023-03-24 23:27:13,False,0.4752,0.001486,2518.75,3.74525,0x00...78d2,https://bscscan.com/tx/0xe067bcb2f512f9cc39a9c5289e870067fb65fdd2a417b6d1720098e422cb8395
2023-03-24 23:27:07,True,0.4776,0.001494,157.623,0.2355,0xbe...a1f7,https://bscscan.com/tx/0x13c43a34c0139f2d254e190f95bb525c7969e95cb5fe8dab52166219156d8d9f
2023-03-24 23:27:07,False,0.4753,0.001487,2518.75,3.74596,0x00...78d2,https://bscscan.com/tx/0x77bc04fa7d3cb8674a5b674c1215b547345055a2b4a2c12540ebee0f05a17ea4
2023-03-24 23:21:28,False,0.4776,0.001487,1894.8,2.81849,0x00...78d2,https://bscscan.com/tx/0x3f54d0f66b5647f65dad91b6adad874308012bfd9f4a8f21298f13d1b0f3f2fe
2023-03-24 23:16:10,True,0.4802,0.001495,624.458,0.9335,0x70...8487,https://bscscan.com/tx/0xf3e9481f8ae7fbff9b6fdee566462add8c18bfdb8d34fcb4fa6dd1e0131b6cec
2023-03-24 23:14:04,False,0.475,0.001487,17.0,0.0252,0x8d...617f,https://bscscan.com/tx/0x1d4b6cf24981ab0f9dc24cf249b5194d0628b75798cf3f253875e5db8027d56b
2023-03-24 23:11:28,True,0.4798,0.001495,2.50449,0.0037,0xcc...aeb2,https://bscscan.com/tx/0xa94ef73e99b2fecf312ac85c9d701f8c314d694d1a8868f75f2068eec59d2471
2023-03-24 23:05:46,True,0.4773,0.001495,8.25702,0.0123,0x74...9d05,https://bscscan.com/tx/0xaff22a832713e3f55db0313aac6633b8cd704f3134a53f4e8bf380049918130b
2023-03-24 23:00:13,True,0.4771,0.001495,624.979,0.9343,0x70...8487,https://bscscan.com/tx/0xdd9ed0cfbf566e52ad6ad0249deb2a3d23730876a6324ca669fa6fd1891ac73c
2023-03-24 22:52:08,True,0.4791,0.001494,20.0,0.0299,0xd8...6b9d,https://bscscan.com/tx/0x3ad89dc416d10ac5d95757a0dc7b6e97252868b160356bfe02c201d7b0052c62
2023-03-24 22:47:27,False,0.4766,0.001487,114.0,0.1695,0x3d...3d57,https://bscscan.com/tx/0xab079d183a47e8872609f17320ae12a217a715a9cb275b1979ec5eb29274e7a0
2023-03-24 22:46:42,False,0.4741,0.001487,2518.6,3.7467,0x00...78d2,https://bscscan.com/tx/0xf42a775680da41c9634738d3f84fd75e492c8cd9b2bcd225770d467d8e51fe96
2023-03-24 22:45:18,False,0.4742,0.001487,2524.05,3.75556,0x00...78d2,https://bscscan.com/tx/0x4aef079768c511c2638deb79269647894e2fe98af948430474613c190c8ad904
2023-03-24 22:44:12,True,0.4791,0.001495,625.241,0.935,0x70...8487,https://bscscan.com/tx/0x3c97d86b21adc70d268aa233e1121ce429d9681ad79140806b6ed415b3d52987
2023-03-24 22:42:45,False,0.4765,0.001488,2503.8,3.72599,0x05...7eea,https://bscscan.com/tx/0x0409ecaac2a73e7b62452a90f2dfc4ff23c4194ca8da2762354610ed1580347f
2023-03-24 22:42:21,True,0.4766,0.001495,114.0,0.1705,0x3d...3d57,https://bscscan.com/tx/0xa892aa2a090b35a0e243656b0d2728bbf6db889bdd3337287ff6657e04dfffc2
2023-03-24 22:41:21,True,0.479,0.001495,100.0,0.1495,0x7a...0805,https://bscscan.com/tx/0x1d37378a1ab4595410ea9b57730750da3864205257c92005998b4af8a5754c46
2023-03-24 22:30:13,True,0.4791,0.001495,110.0,0.1645,0x3d...3d57,https://bscscan.com/tx/0x3f0c2b50613d9903c72a18bc4d9812fe65c88d9f5cf8ded12c7fa700755af8d5
2023-03-24 22:29:16,True,0.4767,0.001495,625.086,0.9349,0x70...8487,https://bscscan.com/tx/0x2e75b6f9ec6464b31f5859eef2446672903f1fd8ab570af9d54f48f9167b9b99
2023-03-24 22:27:37,True,0.4791,0.001495,35.9697,0.0538,0x9f...3fb5,https://bscscan.com/tx/0x209ccf6f47706b8687ac33da4a864dbe87818dcebab2f1be963086509d39a589
2023-03-24 22:27:19,False,0.4767,0.001488,182.246,0.2712,0xa0...22dc,https://bscscan.com/tx/0x4cd644a069a2884a02a85948946d9f09b9cc0384e86b425a3b0c92d7c302b018
2023-03-24 22:16:49,False,0.4755,0.001488,10.4866,0.0156,0xbd...eda7,https://bscscan.com/tx/0x7720ad1f4767506f295ac59b7392554acd4cdede984681ac5654c8bb5a833edb
2023-03-24 22:13:13,True,0.4778,0.001495,623.613,0.9326,0x70...8487,https://bscscan.com/tx/0xc0dfe9ea769b1a94198a7dd213163d5d9f47c8fbdc683cb335083091f4e10a4e
2023-03-24 22:06:52,True,0.4814,0.001496,40.4245,0.0604,0x88...ded2,https://bscscan.com/tx/0x51548cba90239bd2869bc678827c996f705434ed30e6d38af5772172f481e25a
2023-03-24 22:05:04,False,0.4764,0.001488,14.3856,0.0214,0xe1...ce1c,https://bscscan.com/tx/0x47bc2dddacaf758557a6aace663b644d09a58a000f75ed195bf7a0d705aa413a
2023-03-24 22:03:49,True,0.4812,0.001495,8.12247,0.0121,0x04...869c,https://bscscan.com/tx/0x845dde1bc722aa8b513b80360c277e033d06c481808edb5d315bc12976358dd4
2023-03-24 22:02:25,False,0.4788,0.001488,1078.8,1.60544,0x00...78d2,https://bscscan.com/tx/0x15bf98d6bd8f6c7f7cb0364259db334432b8bcde1396f82e28f497794922e938
2023-03-24 21:58:13,True,0.4813,0.001495,622.262,0.9307,0x70...8487,https://bscscan.com/tx/0x3151bb0b0db36295a5e3b04915dd389a572ad8468d48d18512bdb378995fa2a2
2023-03-24 21:52:19,True,0.4813,0.001495,148.106,0.2215,0x6b...31c5,https://bscscan.com/tx/0x6f08fd2bf6b59d0dcb74fe7868e6de4db5df69ddac4f1f7533885e2be2dd8847
2023-03-24 21:52:13,False,0.4789,0.001488,50.0,0.0744,0xd4...eb3f,https://bscscan.com/tx/0x95d3c5bdf7552664ce2eea222136f913f0874b7d15228beb9497e7fb7cc603dd
2023-03-24 21:51:37,False,0.4789,0.001488,2512.7,3.73965,0x00...78d2,https://bscscan.com/tx/0x291547b6b11109e3f754cdf1d297a479c3bab6075d44b3a4f21171bd240e0f23
2023-03-24 21:48:46,False,0.4765,0.001488,94.116,0.14,0x73...6744,https://bscscan.com/tx/0x2c1ec014dfa1535d56f40f1f6d46c908dc181434e642fdc024c70824d5ce5f93
2023-03-24 21:45:55,False,0.4765,0.001488,75.1708,0.1118,0xa0...0f54,https://bscscan.com/tx/0x4128b867635ee950cf6c53e563f4d3de063432580ee23dec268dc8744d9f98d4
2023-03-24 21:42:10,True,0.4802,0.001495,620.887,0.9287,0x70...8487,https://bscscan.com/tx/0xe37131d01e2049a2bbe16c645ae11161b97fb0927a3c50833dcdd9111ad7e28b
2023-03-24 21:37:55,False,0.4781,0.001488,164.051,0.2441,0xab...a224,https://bscscan.com/tx/0x50bd6874b38487671bda712b9fd6879f4bd645d04826f2287bbc0d94e66836ca
2023-03-24 21:37:28,False,0.4805,0.001488,3.12085,0.0046,0xaf...b966,https://bscscan.com/tx/0xfc337402da6880f3eda01f0b6df313f99395168e2d2dcd369f9e4c5e5cd70554
2023-03-24 21:28:10,False,0.4781,0.001488,1688.7,2.51366,0x00...78d2,https://bscscan.com/tx/0x42b7e6208367fa77f12f52a27b56894988ef362e2eed54b99fe4c660f6308881
2023-03-24 21:27:37,False,0.4806,0.001488,433.1,0.6447,0x3e...a7c8,https://bscscan.com/tx/0xf728d9c8fdab1bf675192a2ecf8e839477bc3128e9003debfadf41bf7b897133
2023-03-24 21:26:40,False,0.4782,0.001488,2502.22,3.72534,0x00...78d2,https://bscscan.com/tx/0xc19897bc3cbfcd06124ebaba30d0e0d8e3344109e4f7bfc0c610addb2587dd51
2023-03-24 21:26:10,True,0.4833,0.001496,620.428,0.9284,0x70...8487,https://bscscan.com/tx/0xd2e4c33b1ba85f0379990e432ed177ac3ca503e011bfda6812a954d06d73d62a
2023-03-24 21:21:22,False,0.4804,0.001489,2502.22,3.7259,0x00...78d2,https://bscscan.com/tx/0xc4e7843a597599c661b9a7b3ed9f8432b711eab8055b8595bbf650d55db55da2
2023-03-24 21:20:04,False,0.4803,0.001489,2502.22,3.72664,0x00...78d2,https://bscscan.com/tx/0x1ec409eebc5ff1234dbf363b3ab542b1628aae02152474d8a60baba6af3e5e04
2023-03-24 21:20:01,False,0.4804,0.001489,2502.22,3.72738,0x00...78d2,https://bscscan.com/tx/0x1546dae271aa135012c8d88c24d34587a45e240355155357f50766fa3e21f3ac
2023-03-24 21:19:22,False,0.478,0.001489,444.37,0.662,0x3f...c1c8,https://bscscan.com/tx/0x265efa8010c0eab23a0227592872532a8638983eb1c9644e9a13f03ca128ae0b
2023-03-24 21:16:37,True,0.4806,0.001498,2.77909,0.0041,0x61...b78b,https://bscscan.com/tx/0x93dfc18a6a0b19c16a02b827ee574630f2484783027df59347bd68405c28d96f
2023-03-24 21:12:49,False,0.4803,0.001489,10.6959,0.0159,0x25...7adb,https://bscscan.com/tx/0xdd67e2a55c5ecb99bbcf536b052187c0ce968c5f5938d22e870fc726177783d9
2023-03-24 21:10:12,True,0.4803,0.001497,620.89,0.9296,0x70...8487,https://bscscan.com/tx/0xfadc8340d89be57dbdc319d38447e2f8cbf3bdd6fe9c44bf9bc774b5dac5d568
2023-03-24 21:06:33,False,0.4804,0.001489,979.9,1.45987,0xf9...5ebf,https://bscscan.com/tx/0x392850b931ceda25df34a60c461e0f916c168cb5590b4e34e74f318900ca0fbd
2023-03-24 21:02:15,True,0.4802,0.001497,245.621,0.3677,0x3f...66aa,https://bscscan.com/tx/0xfbc302a44ba6232a73fb70ea4293bc827384776a8fa915f827b9f65baf765e7d
2023-03-24 20:54:12,True,0.4805,0.001497,621.19,0.9301,0x70...8487,https://bscscan.com/tx/0xc0e5ac8411487b16dd1fac5bdfa2cf28622b2f23cf7028bb28690c936579f679
2023-03-24 20:53:45,False,0.4805,0.001489,14.6404,0.0218,0x70...c142,https://bscscan.com/tx/0xc2a6db593b5c4a3210ef6df846f7cda006a89d60f7f5f1fe1b972e4baaff3766
2023-03-24 20:52:18,False,0.4804,0.001489,261.604,0.3897,0x89...3c6f,https://bscscan.com/tx/0xab6b3eb82866b0e8592e7b330fc19fffc6d05e84bb52621199b79ce393ce1fd5
2023-03-24 20:50:27,False,0.4804,0.001489,856.7,1.27636,0xa0...cc8d,https://bscscan.com/tx/0x7290d191b3601b0630823eada4ae77c9b4d645fe6c4cd6062d559b3841a2296c
2023-03-24 20:50:21,False,0.4804,0.00149,752.1,1.12059,0x82...2196,https://bscscan.com/tx/0xf82c8744b57a78b9dbf39af99683682b8c0edef886bb9743e7d956c2663aa56d
2023-03-24 20:49:45,False,0.4804,0.00149,789.8,1.17684,0xc1...b919,https://bscscan.com/tx/0xa6a13ad9a7d8a59491a5a0e294803cd0ff227296b822e08ab9894393c6b5014f
2023-03-24 20:49:03,False,0.4805,0.00149,2507.45,3.73669,0x00...78d2,https://bscscan.com/tx/0xe804f17c0ae71565cac2e17e72a042cf02d8cea2a62cc94d4f1c4de79b23c602
2023-03-24 20:49:00,False,0.4806,0.00149,1309.3,1.95146,0x00...78d2,https://bscscan.com/tx/0xa3fd55a4840c19b5b70295e4b551b155e49ab346aedf0449d2a3b0260b6476f8
2023-03-24 20:46:45,False,0.4807,0.00149,2507.45,3.73783,0x00...78d2,https://bscscan.com/tx/0x1f781a9b86113969c460d4a4da4cd6a976d05a7c5aceecb49942a46d81afd0ee
2023-03-24 20:46:42,False,0.4808,0.001491,2507.45,3.73858,0x00...78d2,https://bscscan.com/tx/0x16fafea7ae2570b842e3627f13a2f83bbda429f06f91dc3862e8fa809b60e8c5
2023-03-24 20:45:33,False,0.4782,0.001491,108.002,0.161,0xcb...e668,https://bscscan.com/tx/0xc9a578ebf85b7699783ae88150109ef1ed0ebaf74d1b8a155e7dd5e81c850bd4
2023-03-24 20:45:12,False,0.4809,0.001491,2507.45,3.73936,0x00...78d2,https://bscscan.com/tx/0x4aec9ee86c0bcbd5533842843ab675b7f9f70a3cb849f9e526ad1133f00227ac
2023-03-24 20:43:18,False,0.4784,0.001491,51.8546,0.0773,0x6e...8fe4,https://bscscan.com/tx/0xcaacfd381fb949f366ea6fb94e46f593629ac6b50fa3415acb3c8b9775a613a9
2023-03-24 20:43:00,False,0.4784,0.001491,800.0,1.1932,0x9d...6dab,https://bscscan.com/tx/0x92da9037b581573adbad5ed1617586af3da32159494e4172c71fc1dcd92a0caa
2023-03-24 20:39:09,False,0.4786,0.001491,44.406,0.0662,0x63...57d5,https://bscscan.com/tx/0xac39ab902b319df9c212206b762e587cc670f1aaf572a0badd49695cab92b835
2023-03-24 20:39:09,True,0.481,0.001499,620.457,0.93,0x70...8487,https://bscscan.com/tx/0xa802fe308f0be22b80332b833225b5e28d9742e5a4ce2d3447c9c1d07a2c8bf3
2023-03-24 20:37:03,False,0.4785,0.001491,89.0,0.1327,0xe2...1f65,https://bscscan.com/tx/0xe8cc23006f32452a159d8861c07d1debb22fdf36083945ecc0289f8804934b09
2023-03-24 20:37:00,True,0.4812,0.001499,56.842,0.0852,0x6c...e0e6,https://bscscan.com/tx/0x215c9d7f706d4bde602b3a39f0ac92af1e14c57b684a946658740e57685686f1
2023-03-24 20:35:15,False,0.4812,0.001491,10.0,0.0149,0xe2...1f65,https://bscscan.com/tx/0xdb3e8272b742454ad6fa6e51b30af8c751abde643de173c02f952fbd659a68e7
2023-03-24 20:34:57,False,0.4809,0.001491,120.0,0.1789,0xff...a96e,https://bscscan.com/tx/0xa6a3e0be01004cbc6139d811355000f18d41b0072554d70fd5ddf4c92f37c8d0
2023-03-24 20:34:30,False,0.4786,0.001491,3103.1,4.62885,0xca...34d7,https://bscscan.com/tx/0x607ea3b43fcffeae73e81d3dbc2940396c0714d4161cd8de6c3de557634e0cb5
2023-03-24 20:34:00,False,0.4787,0.001491,20.0,0.0298,0xff...a96e,https://bscscan.com/tx/0xbff9223afd415be876fd552ee7e02b9e70a60015f466fdcb4112d5301d92ce0f
2023-03-24 20:26:58,True,0.4812,0.001499,167.008,0.2504,0x1a...0c99,https://bscscan.com/tx/0x36092a5f82609336dba5a176b2340b6158636015840510c4ad43dc676e406113
2023-03-24 20:24:26,False,0.4779,0.001492,1962.95,2.92867,0x51...1e95,https://bscscan.com/tx/0x48444d789f6c067957ab4151c9d5f3076916d1d13b696a42a7b7afe3e964b679
2023-03-24 20:23:12,True,0.4806,0.001499,620.447,0.9303,0x70...8487,https://bscscan.com/tx/0x40e077c637d78a0e9066faa38d0e7c7fae55432791ac75eac9afc3d1959a0d8d
2023-03-24 20:17:58,True,0.4803,0.001499,60.0649,0.09,0xdb...7a06,https://bscscan.com/tx/0xab4ff0875e8dcbd9654a62cccb14c378f8c54603a3803a2c8665600734233552
2023-03-24 20:16:40,True,0.4826,0.001499,3578.5,5.36517,0x0e...7558,https://bscscan.com/tx/0x32d98815fccacdfe842b25ba11c9fa11e3f6bfd5cd625021f73908db93966833
2023-03-24 20:16:37,True,0.4825,0.001498,4619.4,6.9235,0xf9...5ebf,https://bscscan.com/tx/0xd7ceaa94e73082ab618aafca428d3887013bf74ce3e14ae98ecba42f8fe6c485
2023-03-24 20:15:10,True,0.482,0.001498,57.0481,0.0854,0x0e...2f4c,https://bscscan.com/tx/0x9afe1ae2d4fd9c3f2d6690f89d43328001d74924739a47fb4346945423fc2793
2023-03-24 20:14:52,True,0.4822,0.001498,99.3997,0.1489,0x0e...2f4c,https://bscscan.com/tx/0xc1512178508348d4170ab08a46c4ecb87ad89ca4040f3234762ba18355fcd6be
2023-03-24 20:14:46,False,0.4807,0.001493,42596.0,63.6192,0x89...7d4a,https://bscscan.com/tx/0xebc25d3de2fa83544a2864dce0708e50e81842ffaf683143b24aa0650d5679c5
2023-03-24 20:08:13,False,0.4791,0.001496,9.82785,0.0147,0x36...9f00,https://bscscan.com/tx/0xb9244bb990e583a0565860daacd3744c5c70961e6bda5dc86eb4c5f03dd1bf8a
2023-03-24 20:07:16,True,0.4815,0.001503,619.34,0.9312,0x70...8487,https://bscscan.com/tx/0x3b102d510b2df078fd4cf658d95a97ec8159741eb85a5daee5745b8cf1db657f
2023-03-24 20:02:55,False,0.4808,0.001496,9.47082,0.0141,0xc4...8e90,https://bscscan.com/tx/0xbd8bb6d5c9a8adee53ecad4159f49b4e8c3a8c26dae2d64e6be2819c8ef1bc3a
2023-03-24 19:57:37,False,0.4807,0.001496,13.8564,0.0207,0xb4...e760,https://bscscan.com/tx/0x3cfccff1424e4021334fb3c9d13720efc3cf622229907f07ff73b1462e7ae5e3
2023-03-24 19:52:19,True,0.4794,0.001503,621.81,0.9348,0x70...8487,https://bscscan.com/tx/0x03e344fddd6e344dca549a8ab5b7323d28d584408156ce8beef189246a176fc8
2023-03-24 19:40:55,False,0.4793,0.001495,19.7499,0.0295,0x63...477a,https://bscscan.com/tx/0xa52766cb1de0f141f9525b533e96bc79da9b3f4ed6ade9e7331bcb91eedaa270
2023-03-24 19:39:37,True,0.4793,0.001503,29.8278,0.0448,0x36...9f00,https://bscscan.com/tx/0x62df346baabf8f2be87dff50095cf0fe2b753aad2b1700a1cdf16e1d8d5e937c
2023-03-24 19:37:25,True,0.4817,0.001503,15.2982,0.023,0x63...477a,https://bscscan.com/tx/0x05b53ecf6c3ad12e20d692406db4ca14602d58a1755354f2fa800492df9f4bce
2023-03-24 19:37:10,True,0.4792,0.001503,623.361,0.9371,0x70...8487,https://bscscan.com/tx/0x9ce844401438b06c9fa3dc25f0ae0b8057f4eab3925747052cfa6b02f86b1b82
2023-03-24 19:32:40,True,0.4815,0.001503,1651.0,2.48189,0x41...c353,https://bscscan.com/tx/0x7733fda89fe815155098a9d3d53132d88cab0b255f452aeab864dc3abfedeef8
2023-03-24 19:22:10,True,0.4793,0.001503,624.163,0.9382,0x70...8487,https://bscscan.com/tx/0xc717c21e428bbfa10d156d320036296eb0ccbc2c544d9c8f4e01a6ec94ac7335
2023-03-24 19:13:44,True,0.4791,0.001503,324.611,0.4879,0x1f...e079,https://bscscan.com/tx/0x0fd1c5102e6365585e35ad8a0c9dbfe09c4db901e47863ae93f715e3ed15a9c7
2023-03-24 19:12:11,True,0.4787,0.001503,48.0496,0.0722,0x2c...c9c5,https://bscscan.com/tx/0x326067192899d968154e759ceec5b7e7c811f6b4820352fa980ad42c5d5f55c9
2023-03-24 19:10:00,True,0.4779,0.001503,105.0,0.1578,0x3d...3d57,https://bscscan.com/tx/0x8dd8ff17c97070d67c44c09ba6effc1824c60efc1c2b48b4fab8575b48d98d46
2023-03-24 19:06:12,True,0.4763,0.001503,625.496,0.9401,0x70...8487,https://bscscan.com/tx/0xd5fab8d1725d0e36d7052588e3b1add3509407ecf166235009bd4c015ca2aeb8
2023-03-24 19:00:48,False,0.4763,0.001495,32.85,0.0491,0x67...3305,https://bscscan.com/tx/0x0224931c608e2711897441847d5d1e2fc79ece181e324bf53961c4de158998d7
2023-03-24 19:00:39,True,0.4762,0.001503,110.0,0.1653,0x3d...3d57,https://bscscan.com/tx/0xad577469694aba3ca0219c305daa421e3b4c11772982dc1b3ea7ab4d9c758569
2023-03-24 18:59:30,False,0.4774,0.001497,30465.0,45.6142,0xbe...089a,https://bscscan.com/tx/0x4b60dd912305cb90e16f23cb45bcf5a2522f15a1ea980f69cb6bcb30ce0fd3e8
2023-03-24 18:58:57,False,0.4783,0.0015,20375.2,30.569,0x26...711b,https://bscscan.com/tx/0xce58ba2cc00ed013fc8ddb95c847bfee6436075831b0b27fd5d86a0f8bbae3ee
2023-03-24 18:55:59,False,0.4762,0.001501,60.0,0.09,0xec...8620,https://bscscan.com/tx/0xe6a204e73db4be2f18b873b4b96bb542a63492ba96f5267a9b98b4c5fbe49837
2023-03-24 18:53:47,False,0.4759,0.001501,1176.5,1.76664,0x00...78d2,https://bscscan.com/tx/0xde3c060d898f0f76832b26af4d78c8d9ab9e971c7a4b355bb6d012bfc55ce6bc
2023-03-24 18:52:41,False,0.4785,0.001501,3040.0,4.56565,0x83...6678,https://bscscan.com/tx/0x946499203dfd3ba849dcef4eba5572ca621d0dd588852936dd9ea83c63a6024a
2023-03-24 18:52:41,False,0.4786,0.001502,1001.13,1.50379,0xb0...a41e,https://bscscan.com/tx/0x53ba3ca934aa1f1e0eb105ed29fc14f14622c5ddd206c24bb27fe0468e2ed679
2023-03-24 18:52:35,False,0.4786,0.001502,1076.7,1.61745,0x00...78d2,https://bscscan.com/tx/0xf7cad98cc6f95d8645d44e9b4cd5bea20fb66ad2adc6ff032577d70b1df91c5b
2023-03-24 18:52:29,False,0.4787,0.001502,2523.26,3.79105,0x00...78d2,https://bscscan.com/tx/0xe84fb0a042ae09e4485abf570a18d141865f9aa5a85b737b50e6e91a428efdab
2023-03-24 18:51:53,True,0.4787,0.00151,124.5,0.188,0x1a...0c99,https://bscscan.com/tx/0x4d9d0d622e8db6435a1ab0498de5356dbe373e96f9d0b410a5207ea434427ef5
2023-03-24 18:51:38,False,0.4764,0.001502,2129.3,3.19971,0x00...78d2,https://bscscan.com/tx/0x62bd9592183068d4b4beb2d1fba118b9879093bb2ee2aa10503efd7eabc75efe
2023-03-24 18:51:17,True,0.4816,0.00151,621.989,0.9394,0x70...8487,https://bscscan.com/tx/0x97d6fd348b1582b9864b5c00cdcd822c711db58a7def221520bc9e91ea06513a
2023-03-24 18:48:17,False,0.4783,0.001503,6184.0,9.29536,0xd8...bcda,https://bscscan.com/tx/0x579682c970944272281156954361aef407f96fc18148ad76755ef5dca67c6ba4
2023-03-24 18:48:17,False,0.4785,0.001503,2479.6,3.72845,0x83...6678,https://bscscan.com/tx/0xc63719840ee079b46a749d3448c511f913b761cfd1d902abb8f9ac2780ddc6e2
2023-03-24 18:48:17,False,0.4786,0.001503,2503.0,3.76438,0x00...78d2,https://bscscan.com/tx/0x2bfc7c0396a411f5c2dac0082f39d73fe8c5df97a5a0e4d6dc07c1708f1a1509
2023-03-24 18:48:14,False,0.4789,0.001505,14650.8,22.0492,0xb0...a41e,https://bscscan.com/tx/0x59164333d000bba3b84496669772a2912df0376baf4736eb6794e8737f17042d
2023-03-24 18:43:53,False,0.4793,0.001506,4172.8,6.28472,0xef...51dd,https://bscscan.com/tx/0x28106d9b4fa67222f47e0de0f36efb0855e4c103d3e79c09437a05839cba9da8
2023-03-24 18:43:50,False,0.4796,0.001507,14649.1,22.0799,0xb0...a41e,https://bscscan.com/tx/0x55430f9dda72acb7b6397404d65cc6b624536608ef2a42eac1d1d571535515e7
2023-03-24 18:43:50,False,0.48,0.001508,2446.6,3.69016,0x00...78d2,https://bscscan.com/tx/0x68169c2ff2ec475d169f0561acfc5752e02e8e2f5203780d03266c97b0391db9
2023-03-24 18:41:35,False,0.4811,0.001508,1010.9,1.52493,0x00...78d2,https://bscscan.com/tx/0xa0c97810acd2558119c355f49d4dd6896fb1c22a25b660e2a4b1efa8202b0472
2023-03-24 18:38:02,False,0.4837,0.001508,636.8,0.9606,0xa0...cc8d,https://bscscan.com/tx/0x1c8ca2d26c94d61ee848fc0db2a51b9f0cb30ffe41368513f4631b128660f436
2023-03-24 18:36:11,True,0.4833,0.001516,617.007,0.9354,0x70...8487,https://bscscan.com/tx/0xf9cc5d0a134784b1c58f82103304aac73d0b46e1bca114c7615a23f2b0bb42b6
2023-03-24 18:36:05,False,0.4808,0.001508,362.1,0.5462,0x3e...a7c8,https://bscscan.com/tx/0x3d8f323f650257a5378b05f95be2c8ec7162c3c493bc2483e2712f14553ecdb4
2023-03-24 18:36:02,False,0.4833,0.001508,817.7,1.23362,0xef...cab1,https://bscscan.com/tx/0x3f1a24da55132c1129ceb9f38deae37a97687d9766766341979b67ffa0b77eb7
2023-03-24 18:35:59,False,0.4833,0.001508,629.822,0.9502,0xaf...847e,https://bscscan.com/tx/0x762f06f998323669174cdf00c406bdd7db5d00ff6873175ce55c8288880ab118
2023-03-24 18:35:59,False,0.4833,0.001508,914.5,1.37982,0x00...78d2,https://bscscan.com/tx/0x038393e61670271592dc9c0a9715a8210f98f3aedd8d6da2c49ade184ac9cfe7
2023-03-24 18:33:02,False,0.4835,0.001509,1468.3,2.21562,0x4d...74b8,https://bscscan.com/tx/0xc252679fa6180ccb83b4fa6317a3d20588e797b96dfd0bdc72219561f503da67
2023-03-24 18:29:19,True,0.4857,0.001516,328.824,0.4987,0xf2...23de,https://bscscan.com/tx/0xa23de78159f0c44432df76b7da7263d8fec47e6a460cdfdbdd726fcb7e5ea9a0
2023-03-24 18:28:42,False,0.4808,0.001509,490.8,0.7406,0x34...7c76,https://bscscan.com/tx/0x48e546f052cc4ba04baf58c2852c217b566ecba313d885f1124ae2a47101bc5f
2023-03-24 18:28:39,False,0.4809,0.001509,1147.3,1.73145,0x43...fe22,https://bscscan.com/tx/0x76ddd6855dd3487edcc0c06574a8bf242115ec98bd1c5e8a18280b69f4b6f815
2023-03-24 18:28:39,False,0.4809,0.001509,1126.0,1.69946,0x00...78d2,https://bscscan.com/tx/0xa6efce90a49e22b822d1e78a8286023f711761c48bb882afd3db856eaba60f84
2023-03-24 18:28:35,False,0.481,0.001509,1750.4,2.64216,0x82...2196,https://bscscan.com/tx/0xb1fc31964c9a5f74a87b4c3ebedbe013d638d4f2e55cd5b3d418f5b64f0cc002
2023-03-24 18:28:32,False,0.481,0.001509,760.9,1.14866,0x4d...74b8,https://bscscan.com/tx/0xe6b378ceab1da281801c332eb7e4c0dbd6b934eaf777828ee5225b05e57c0543
2023-03-24 18:28:32,False,0.481,0.001509,1125.2,1.69874,0x00...78d2,https://bscscan.com/tx/0x3be9096cf65e873b5715a7c06f0f3dd8dff1cee49a46ae0ec42331636d6ee909
2023-03-24 18:28:26,True,0.4835,0.001517,8.22573,0.0124,0x5d...3f72,https://bscscan.com/tx/0xa5f6353092d27324012dad8f76f56ca6cb3ecaf93e3f94da5dfaa97ed23468a1
2023-03-24 18:26:03,False,0.4811,0.00151,9440.0,14.2579,0x83...6678,https://bscscan.com/tx/0x4edf884091450fb56933587b1665ca0048590ae263eb1b95a32efd199ef88f04
2023-03-24 18:26:03,False,0.4813,0.001511,2491.82,3.76536,0x00...78d2,https://bscscan.com/tx/0x28c8eb170fe6be8b3334258bade23f2aa6b7d2bf0183b9733b3aec0cc66c6b93
2023-03-24 18:26:03,False,0.4815,0.001511,6626.23,10.0165,0xb0...a41e,https://bscscan.com/tx/0x31e11d1af4678fab9dba859596ccbf0babd30c49ec04904b684dd9d6eabc2e8c
2023-03-24 18:25:42,False,0.484,0.001512,2679.8,4.0524,0x4d...74b8,https://bscscan.com/tx/0x0057671bf070e02481ed6396ca7c906488c8221bfaf9b1b99a304f1e69b8da86
2023-03-24 18:25:12,False,0.4817,0.001512,2429.9,3.67526,0x3a...231f,https://bscscan.com/tx/0x31d6a07ebb3df63c22573379bfd86889b9dd773af323bef6eaa1d999798313cc
2023-03-24 18:24:33,False,0.4823,0.001512,170.0,0.2571,0x39...2746,https://bscscan.com/tx/0x094ce7dba0aebced41ef83c1724306dfa430fc9b8b2abb5508e05963fdd17b3f
2023-03-24 18:24:24,False,0.4823,0.001512,1406.6,2.12786,0xef...cab1,https://bscscan.com/tx/0x5087f3daa4fb26f49e4f1a42120366a953a8b90fd3d13e437510e27237c1103d
2023-03-24 18:24:21,False,0.4824,0.001513,2041.9,3.08935,0x56...0086,https://bscscan.com/tx/0x6fe380d61b85077e11d3496fac41ac81692e2c69b1b8eff987494acc94ee4beb
2023-03-24 18:24:15,False,0.4858,0.001513,3205.6,4.85102,0x3e...a7c8,https://bscscan.com/tx/0xcb7f786fa448953b620f5a717b97020d1ee4f5bc018305e061f4d9d2e4f31911
2023-03-24 18:24:09,False,0.4859,0.001513,1082.35,1.6382,0x05...7eea,https://bscscan.com/tx/0xd85491413c9e302f28f76c9b6f2f70f94d261c2f6d73a7b0ed22af78e229b92e
2023-03-24 18:24:09,False,0.486,0.001513,1756.88,2.65944,0xb3...55e7,https://bscscan.com/tx/0xfb6dbb9611e6ea058f61f32b525383f7cd4b71a7dbe6cb520718cb67fce36aee
2023-03-24 18:22:27,False,0.4862,0.001514,9440.0,14.296,0x83...6678,https://bscscan.com/tx/0x464116ae8e0c098ce035cf5ca13ba6cfd537196fbd7e112809678cdaa720b202
2023-03-24 18:22:27,False,0.4865,0.001515,6184.1,9.37112,0xd8...bcda,https://bscscan.com/tx/0x9d5a67de399bd454742c3323a9bc6a06ef61e0c73044240a0e5aa040f2c72470
2023-03-24 18:22:27,False,0.4869,0.001516,14556.6,22.0769,0xb0...a41e,https://bscscan.com/tx/0xe88d4dc95e8c15753585b8495204878ff2d137faaf720c8433ec5145a93e3a61
2023-03-24 18:22:27,False,0.4873,0.001517,2471.29,3.75057,0x00...78d2,https://bscscan.com/tx/0x8b967919afde733d19128220bb4540ac6954a709ef4a19c7619a6d12fda26d4e
2023-03-24 18:21:45,False,0.4849,0.001517,123.628,0.1876,0x5f...7328,https://bscscan.com/tx/0x25fd77f3d385e35500106be45c87bac75de41959ee1ca8311ee4fe7449e139e4
2023-03-24 18:21:39,True,0.4873,0.001525,253.435,0.3866,0x35...aca7,https://bscscan.com/tx/0x052cdf574916aa093d6481d7d8411563503839a63aa9e0b50e76e96f711fdf77
2023-03-24 18:20:51,False,0.4873,0.001517,668.817,1.01515,0xc3...157a,https://bscscan.com/tx/0xbde857fcb036abac0a5ab18f0aef6215f05508a49c53781ce64af1f5991f6583
2023-03-24 18:20:39,False,0.4874,0.001518,2125.4,3.22636,0xa0...cc8d,https://bscscan.com/tx/0x00c8523b7596d645f9e7729de81ce755298f9fd60a09c4f95bf8f9b7dcbc8ffb
2023-03-24 18:20:12,True,0.49,0.001525,611.472,0.9329,0x70...8487,https://bscscan.com/tx/0x75857aed4c24ef83b73b12347cbedddafe56fa5f1134e80b7d33ab537db460f7
2023-03-24 18:15:24,False,0.4856,0.001518,206.503,0.3134,0x5a...a2b1,https://bscscan.com/tx/0x696193a210559706c836ed2f73ee1c75aa7939ae9f3b03b7b9638444db83baad
2023-03-24 18:09:09,False,0.4881,0.001518,776.6,1.17898,0x3a...231f,https://bscscan.com/tx/0x5bc6aec9c0f438d358f164bab35e6290319eaa56383ae0812ed881e4ca8b67b5
2023-03-24 18:09:06,False,0.4881,0.001518,775.1,1.17678,0x3e...a7c8,https://bscscan.com/tx/0x4d5449a49bca6f13d36dd7995f00c1e28ca6c29a3f0bf0a18a05fe8676144301
2023-03-24 18:09:06,False,0.4882,0.001518,935.7,1.4207,0x00...78d2,https://bscscan.com/tx/0x13e13a3a7d152a2dd40a1d93d5cdf123ecbc92a34e508593023bfad7b305746a
2023-03-24 18:05:12,True,0.4882,0.001526,610.422,0.9314,0x70...8487,https://bscscan.com/tx/0xeaf215cf72825e6923d312dea348e25f0d51a345697ab668a52eb2efbcb4bd44
2023-03-24 18:00:21,True,0.4909,0.001525,0.0276,4.221e-06,0x8b...6566,https://bscscan.com/tx/0xebedd8272b17faa41510e62069e6b13bceeb9bfb343d51085e82a373f62bbf42
2023-03-24 17:56:27,True,0.4909,0.001525,2305.48,3.51768,0xcf...28f6,https://bscscan.com/tx/0xfaab213992eefb78111280e6f5de4208b7b587c0e7e3495f30d35647e3ce0109
2023-03-24 17:55:09,False,0.4883,0.001518,7.99352,0.0121,0x5b...72bf,https://bscscan.com/tx/0x2ae16e9d8fe19c56120502cb578a62c9cb8a9e7004a8b451ea531d9012acb4d0
2023-03-24 17:50:18,False,0.4883,0.001518,4.11425,0.0062,0x02...f2c0,https://bscscan.com/tx/0x07c8976a8fa17f4bbbe378320fed92c726aa04bbd0bac6ac45783bdc23c487b8
2023-03-24 17:49:57,False,0.4882,0.001518,20.0,0.0303,0x02...f2c0,https://bscscan.com/tx/0x974419c8c5435796c095fd2180ea8d3b70a7a10c28f0815ad0c6514d527f60a9
2023-03-24 17:49:12,True,0.4906,0.001525,610.988,0.9321,0x70...8487,https://bscscan.com/tx/0x890094f61d41e07b64f632b1de6e3fab0140209a70728f0b57174a4aeed723b6
2023-03-24 17:47:06,False,0.4893,0.001518,49.0873,0.0745,0x78...795e,https://bscscan.com/tx/0x8e11e87c4581a87376c9501d4d24d3b5817e5c609fd24d870c15261e0943e465
2023-03-24 17:46:03,False,0.4857,0.001518,1627.3,2.47035,0xa0...cc8d,https://bscscan.com/tx/0xebe0607db0fbc856b220a1646cb5822994b65e6e7fe5a3aa6c8db16b6cbf40e8
2023-03-24 17:45:33,False,0.4882,0.001518,1415.0,2.14832,0xc3...157a,https://bscscan.com/tx/0x83416c1e9742206e062a1e00039cd3d216c782766abd48178aedbaf8e3797a05
2023-03-24 17:45:30,False,0.4882,0.001518,450.0,0.6832,0xdb...3a26,https://bscscan.com/tx/0xa233214f4109abb8cd93347dd117f259e2a318ea0268d69157610983330a4eb0
2023-03-24 17:45:30,False,0.4883,0.001518,2152.5,3.26862,0x3a...231f,https://bscscan.com/tx/0x2882c3a635a5d49fbb7a900b3177efbbdaa29a5ba07f546479f8ebc5f2810311
2023-03-24 17:43:27,False,0.4884,0.001518,1444.82,2.19431,0x62...1f10,https://bscscan.com/tx/0x7d13ccee85c12b0bd1e4ed4338bb746533fca8ef577b733eaa21b59e0f56f19c
2023-03-24 17:34:24,True,0.4887,0.001526,40.6171,0.062,0x38...cbbd,https://bscscan.com/tx/0xb1622acdbf2bf7e9226abd7519af9cad342d2736e0f70a65b6b8f9eec500a601
2023-03-24 17:33:42,False,0.4863,0.001518,17.5489,0.0266,0x88...ffde,https://bscscan.com/tx/0x7835caf6167fda73274858320d707835173900616ba3b4a9e54ad873e7ca1c49
2023-03-24 17:33:12,True,0.4911,0.001526,610.185,0.9313,0x70...8487,https://bscscan.com/tx/0x8c9542ce14908a20a652625e08200ad92bf225b52f1f91ce14f87295f880a85e
2023-03-24 17:27:36,True,0.4914,0.001526,77.5922,0.1184,0x27...8af0,https://bscscan.com/tx/0xc4e71bd6444dc85774b58fa9791e51e3bf4422622233db8fc22e3d296559f17a
2023-03-24 17:25:42,False,0.4889,0.001518,24.1666,0.0367,0x77...319a,https://bscscan.com/tx/0xfed057c0267761188b74942a8c8c8a99f2aa9651f5ef14a2a528420b33f1a1e9
2023-03-24 17:24:42,False,0.4889,0.001518,1746.0,2.65192,0xac...bf93,https://bscscan.com/tx/0x8da91c55d38a56c336497c99899f82229576167ca101bbd26d763146671de36d
2023-03-24 17:24:12,False,0.4865,0.001519,20.0,0.0303,0xff...1c5b,https://bscscan.com/tx/0xf834426d48e9235c1538a838a27b005d888edb1038bfb83d58af9e11bf394b73
2023-03-24 17:23:00,True,0.4914,0.001526,200.0,0.3053,0x1f...a40f,https://bscscan.com/tx/0xee0b98454f81e509ad8c358c9575788c70424320e0c98a3218ca4dd6fec953c7
2023-03-24 17:20:39,False,0.4888,0.001518,4.0,0.006,0xff...1c5b,https://bscscan.com/tx/0xf4cbc1e97541ca8cba0e564daeba0ba9522df5f0b28645a7c050a471b0d06e90
2023-03-24 17:18:33,True,0.4911,0.001526,3898.26,5.95,0x05...9ae9,https://bscscan.com/tx/0x136aa1cc1e40f8ed6f776bc8a6c85f9baf7618f001f8a20cfadaf3b3857fcd13
2023-03-24 17:17:13,True,0.491,0.001526,610.001,0.9308,0x70...8487,https://bscscan.com/tx/0x9419fafa79790c81d21bc45a7bbc79aead8881bf4a76bbbc16b6f6867632e7bf
2023-03-24 17:12:22,False,0.4885,0.001518,380.0,0.577,0x41...3fc0,https://bscscan.com/tx/0xd5a41703b7190d1298c5a8226d6a581e586289708dec791add0ccecb175e5d1d
2023-03-24 17:07:28,False,0.4886,0.001518,180.0,0.2733,0xac...bf93,https://bscscan.com/tx/0x8eb58b82b4d392be02411ee7e718b67e93c7ae32f4ac581c5330b0a880e4067b
2023-03-24 17:06:55,True,0.4885,0.001526,500.0,0.763,0xde...d365,https://bscscan.com/tx/0x24de9caf6e863d4ee13ac4af1f4e07d3bc77711956c716140f7b068c05fa73cd
2023-03-24 17:05:19,True,0.4885,0.001525,1310.67,2.0,0x05...9ae9,https://bscscan.com/tx/0x65b5ada61fb61b2983a2941c0d801330e01a40c8e3c02f1f37c4f0ba405d2b14
2023-03-24 17:03:34,True,0.4884,0.001525,12.0567,0.0184,0xaa...63a9,https://bscscan.com/tx/0x8453bbb3c47443ec0f89d817821846d042e0399a4400aca66ffd3f1078d6cb87
2023-03-24 17:01:19,True,0.4878,0.001525,610.83,0.932,0x70...8487,https://bscscan.com/tx/0xa47142cae54b9380ab5cc0f32e3f213edbe60eb5c70fa549c4bb5037c0deca2f
2023-03-24 16:58:04,True,0.4902,0.001525,319.014,0.4867,0xed...4f31,https://bscscan.com/tx/0xfb9750a055ca6c8df6e69130d1e2aa5a41ed75e298216dab3a84479c9e7b2023
2023-03-24 16:57:55,False,0.4878,0.001518,126.827,0.1925,0xfe...07e0,https://bscscan.com/tx/0xf75362bd1b55749a234bd3e61b35ea32efa5a0123cff6476c527ec7d7d3546d1
2023-03-24 16:57:55,True,0.4902,0.001525,549.286,0.838,0x62...1f10,https://bscscan.com/tx/0x8ed50b6c9482c0ee37cbf62fa7bf245d4ee1893497723d164b1960282e458420
2023-03-24 16:54:25,False,0.4854,0.001518,23.5349,0.0357,0x47...9c64,https://bscscan.com/tx/0xa5e796bd4de61ac5cdee0f5ea87da80c920532b767e6628c5842121a51e33b99
2023-03-24 16:54:16,True,0.4878,0.001525,576.52,0.8795,0x62...1f10,https://bscscan.com/tx/0x62f8d456b282656ca6541762e7299c45d58b94a7aded0334a5a9943083096358
2023-03-24 16:53:37,True,0.4905,0.001525,63.3774,0.0966,0x31...5d08,https://bscscan.com/tx/0x244c7cdd0cb7f0015353cfef0650c268b764b9bb6cd5f13ec94ced6f49bf750e
2023-03-24 16:46:12,True,0.4878,0.001525,611.23,0.9324,0x70...8487,https://bscscan.com/tx/0x591734c3ecc25835464678e3979a6e94e19971591e7ff3288eca8ae5ba86d616
2023-03-24 16:42:54,True,0.4905,0.001525,602.34,0.9188,0x47...79dd,https://bscscan.com/tx/0x41a8b1f1058ee65e9f28d750cb312abf993f029eeab2cd0d10d0b871b039ec20
2023-03-24 16:41:24,False,0.4853,0.001517,57.7006,0.0875,0x47...9c64,https://bscscan.com/tx/0x41d78bad5a14105a1ca34f8473a4a386254cdcce0256ac834d616e15d878ee46
2023-03-24 16:39:03,True,0.4902,0.001525,44.3494,0.0676,0x96...e27b,https://bscscan.com/tx/0x7614b0f1107cb5940057c0841200ef339316fd860e7d0614c59bb14afeb0e0f4
2023-03-24 16:36:00,False,0.4877,0.001518,5513.54,8.37055,0x8d...1b76,https://bscscan.com/tx/0x2a48e060f8b2dd6c44c462476b27d04b6db02c7e3114a67b9ee02c0cc4ff848e
2023-03-24 16:35:39,False,0.488,0.001519,15354.7,23.3308,0xf2...bfcf,https://bscscan.com/tx/0xf443cfdbb857b41d122996b2d7756919bad76ba5be50c50f708dab5c8743c3e7
2023-03-24 16:35:30,True,0.4908,0.001528,65.4441,0.1,0x8e...f7a5,https://bscscan.com/tx/0x098d7814a038a644301145c0791c92338332cd05adce960e73b391a27b75bd17
2023-03-24 16:32:03,False,0.4891,0.00152,4849.56,7.37464,0xf2...bfcf,https://bscscan.com/tx/0xa6f921519b06506f5d8860b0ba95106ddc44bd24778108793dcb93a522820886
2023-03-24 16:32:03,False,0.4894,0.001521,10931.2,16.6335,0xda...6e1f,https://bscscan.com/tx/0xa8f93bce7bdb8cfeb5745edc1b81d345d717544203304734e5fd5ad7c057155c
2023-03-24 16:32:03,False,0.4899,0.001523,17934.5,27.3217,0xda...c952,https://bscscan.com/tx/0xb626f63674a2e0945c295653f3afd6b945ad6a4238281b4dd93db74dc1445606
2023-03-24 16:32:03,False,0.4904,0.001524,5353.45,8.1632,0x5a...6651,https://bscscan.com/tx/0x0afb635f0fda5a4c069a204912af474902f1753d8ed7f8daed6d43d6958223a6
2023-03-24 16:31:24,True,0.493,0.001532,113.313,0.1736,0x60...7f32,https://bscscan.com/tx/0x52433e2abdba1754035c8e4ca6f783f5b83d4127d254e8e29177cb1f97c1bb62
2023-03-24 16:31:12,True,0.493,0.001532,608.327,0.9324,0x70...8487,https://bscscan.com/tx/0x5a281839daebdb817b3743c2c5a900c4b61d12acfd1f62a6f3163baae79ac2bd
2023-03-24 16:28:09,False,0.4904,0.001525,6402.05,9.76623,0xed...4f31,https://bscscan.com/tx/0x96a5926327e501640cebfbef0bbf7ddd076423a00617d9e7c97f2cbc0d769ea7
2023-03-24 16:27:39,True,0.493,0.001533,223.99,0.3434,0xce...5a49,https://bscscan.com/tx/0xc25caad21cc242968e4937c2bcc52ecf8164e4af143aa40a3912fa7d0cc86006
2023-03-24 16:24:03,False,0.4904,0.001525,14.639,0.0223,0xc4...4e27,https://bscscan.com/tx/0x0d5548b88bf372ef73e5ed03b56226c9f9bd1bde71aa760d4a322826719ddb64
2023-03-24 16:23:42,True,0.4904,0.001533,489.01,0.7498,0x1e...96b7,https://bscscan.com/tx/0x9b30c18f9785f867be8c90439d2e284dc6941a490bfe991f6e0ada7be5853427
2023-03-24 16:23:33,False,0.4879,0.001525,76.6028,0.1168,0x89...fa67,https://bscscan.com/tx/0x1d9593fad5b0e5d101c31a641231a1eaa059f82aa6e21436031e1a01ee991293
2023-03-24 16:20:09,True,0.4927,0.001533,24.4,0.0374,0x72...0b60,https://bscscan.com/tx/0xe36ad2e0559cae06e4d360818d4fd6c6b12bac00d709736b7da2e2d53e672568
2023-03-24 16:19:12,False,0.488,0.001525,245.677,0.3748,0xfb...d67f,https://bscscan.com/tx/0x17f677f8d38d1e678ef357d66f492abf350f791c73b8ae0372e1b69de582b87e
2023-03-24 16:18:39,False,0.488,0.001525,2.85902,0.0043,0x2a...6bb6,https://bscscan.com/tx/0x4438dffde166cb18a124411cb13f64506c61039fb2c5f670ec58269719b47aa0
2023-03-24 16:18:33,False,0.488,0.001525,39.3229,0.06,0xfb...d67f,https://bscscan.com/tx/0xcaf498774c7c93849a6d0629cc21e12f91ad594717bf6a222e21d8b599bbfd77
2023-03-24 16:16:12,True,0.4932,0.001533,607.824,0.932,0x70...8487,https://bscscan.com/tx/0xb1a5d615abb85c7fef1ac082760ede32a762245e1f8ab714c50a6f005336dbff
2023-03-24 16:15:30,False,0.4904,0.001525,10.0,0.0152,0x4a...ee05,https://bscscan.com/tx/0x7450b06d8538370b474ab05dde6f0e342134b35446132d0e010bb524d313715b
2023-03-24 16:11:00,False,0.4918,0.001526,17615.2,26.8957,0x11...a5bc,https://bscscan.com/tx/0x12b184ff3e6c93b86196c288eaf42c418dcff1e378af46032d195a563b5792f8
2023-03-24 16:09:27,False,0.491,0.001528,3860.45,5.89941,0x11...a5bc,https://bscscan.com/tx/0x41456a4ae528860c6d9da6e8a0ce66a6fab7cc4e6ea862b79325b4647f6f7e41
2023-03-24 16:08:45,False,0.4935,0.001528,847.788,1.29581,0x11...a5bc,https://bscscan.com/tx/0x1c1615157fd157c7a373f71e41b0d2287507fee227b4b8c9ba463b6da410f5d6
2023-03-24 16:05:07,True,0.4966,0.001536,1809.82,2.78,0x5d...8a45,https://bscscan.com/tx/0xbbc3b2b33526c373f99d69432b4d0e7f4d560d5af62f67465637a46ad528da74
2023-03-24 16:00:13,True,0.4948,0.001535,602.623,0.9255,0x70...8487,https://bscscan.com/tx/0x40ca20ad2da668e04fe6965505fe55b140d2d36647482f0158ad702064c501fc
2023-03-24 15:58:46,True,0.4973,0.001535,582.937,0.8953,0x91...79fe,https://bscscan.com/tx/0xfb015e16265f13395973a5a65deebe0c8c035f190b42f1e35974c06beba03a50
2023-03-24 15:56:58,True,0.4974,0.001535,556.027,0.8539,0x62...1f10,https://bscscan.com/tx/0x2bc4c6929018ee74c1514aa3503e1e751b2449160d0b96c9bca62fbd2754f76b
2023-03-24 15:56:46,True,0.4949,0.001535,1108.26,1.70193,0x62...1f10,https://bscscan.com/tx/0x0bde1dbbd072e74f38d5d04c411f4f2e84f8764a390bd33661ba0109420ddf42
2023-03-24 15:56:46,True,0.4948,0.001535,1567.8,2.40736,0x52...1c7e,https://bscscan.com/tx/0x65e88de753b922b1fa1751fe02ffc2e565c9cdf5b5504f49b1560ec66fea2355
2023-03-24 15:52:22,False,0.4923,0.001527,26.6249,0.0406,0x6b...45c9,https://bscscan.com/tx/0x9d9801e2c4578d584f9bea69be27195ca2aa640aca458900e0e2f7140416a4b3
2023-03-24 15:52:22,False,0.4923,0.001527,74.0265,0.113,0xaa...3e7a,https://bscscan.com/tx/0xb3b925ce51bd1cd8ac2252d39a50122e4f9ef51f24397121df2c61136b4ef193
2023-03-24 15:51:49,False,0.4948,0.001527,20.0,0.0305,0x6b...45c9,https://bscscan.com/tx/0x1a4eda0ee48e8a37e19117357df845928317fd09483214898126db7c777d30ba
2023-03-24 15:50:22,True,0.4971,0.001535,2279.71,3.5,0x52...1c7e,https://bscscan.com/tx/0x9f7228603dcbcabc6117ecae9f9636fa707858cc0856349e1b37e146cef969c1
2023-03-24 15:49:16,False,0.4943,0.001526,64.9638,0.0991,0x01...14a3,https://bscscan.com/tx/0x082c8e7d7a60fdac91ba9b7a5d8de9c78f08b9f169d43215ab7eddeaa87e1ad4
2023-03-24 15:49:01,True,0.497,0.001535,1747.74,2.68285,0x27...b6f2,https://bscscan.com/tx/0x2df51775ee03518bc6d39e99ae1c141d9e1b3e206f0b657685c4844791387e7e
2023-03-24 15:48:52,True,0.4969,0.001534,1004.87,1.54234,0x80...a49b,https://bscscan.com/tx/0xc46f9df984d7a4ea7bdd8af83ba929a583257702584039bfc2ce9b82259e027b
2023-03-24 15:48:52,True,0.4969,0.001534,2010.02,3.08474,0x80...a49b,https://bscscan.com/tx/0x8a220050ecb6d180f5228afb1ba4d9cef6e45e649e5669e1c45f71a3d6053b0d
2023-03-24 15:48:52,True,0.4966,0.001533,10000.0,15.3393,0xdc...ad8e,https://bscscan.com/tx/0x98d5a1842cda49e964cad21e5c9353eafb436e6b5fe02c2b9f3acf3d0c38d007
2023-03-24 15:48:52,True,0.4964,0.001533,2282.85,3.5,0x03...9fa1,https://bscscan.com/tx/0xfcbaa121462b6914661b4c733301e76e422b6aa425e8fbaf73a52f8da62d3d0e
2023-03-24 15:48:52,True,0.4963,0.001532,2226.96,3.41369,0xed...4f31,https://bscscan.com/tx/0xb6a2a4fabde2034c7ac0dfe0be7eb4ba23fb90c0c04d5f14cdd8e6e8cba2b072
2023-03-24 15:48:52,True,0.4961,0.001532,10053.0,15.4026,0xb4...71f3,https://bscscan.com/tx/0xdaa502336570551d11606202ab70f15033200e286487351a87e265fefd11e6f9
2023-03-24 15:48:37,True,0.4958,0.001531,2603.3,3.98657,0xef...51dd,https://bscscan.com/tx/0x1991f152f891eacfb335e89bc05ef6215856a276fb2766d1bf8761dd553bc911
2023-03-24 15:48:34,True,0.4958,0.001531,460.374,0.7049,0x62...fadf,https://bscscan.com/tx/0x868fddfb51c87fef640d1ebf9154d38618a6f6be778498734935e3a83e77bfe6
2023-03-24 15:48:34,True,0.4957,0.001531,2604.8,3.98788,0xef...51dd,https://bscscan.com/tx/0xf9bf6386def57f02eb79f0277a3a0b3e049d2d5b36cd51a8401564a68aa0c656
2023-03-24 15:47:52,True,0.4926,0.001529,17371.7,26.5741,0x83...6678,https://bscscan.com/tx/0x0d130ece692f9541bb7853ef82f37f4c51843b0dc6a3c6948da23f80468063c3
2023-03-24 15:47:13,True,0.4947,0.001528,259.598,0.3968,0x91...79fe,https://bscscan.com/tx/0xa2f31ad635ef90714719ee56bbf04c6d6744c41be9f0fa2e3582cfbaf4e8df90
2023-03-24 15:47:04,True,0.4947,0.001528,946.588,1.44693,0xda...6e1f,https://bscscan.com/tx/0xa202c837b4d2f1f47b8338fef9884f168ee05fbd7d12113230d0ea6db275c214
2023-03-24 15:47:04,True,0.4946,0.001528,946.157,1.44616,0x62...1f10,https://bscscan.com/tx/0x9c74c8cc6a3a2b02ef0e4390917e11aaa259c521db1e7fe1e5e87adfe09b671e
2023-03-24 15:47:01,True,0.4945,0.001528,5215.1,7.96909,0x11...a5bc,https://bscscan.com/tx/0xa475946f6611106cda4a354e5684f31e1785a2bc70faee55107e3ed01d772811
2023-03-24 15:46:58,True,0.4944,0.001527,778.174,1.18882,0x62...1f10,https://bscscan.com/tx/0x569e0b5129e23ed30d6b7a39a171b4365ce4b0c533e6457b30ceeade99d8587f
2023-03-24 15:45:28,True,0.4949,0.001527,589.15,0.9,0x7d...3b6b,https://bscscan.com/tx/0x0ed6dde7d2fb6ae93e2675776ab9ac08b302fe6e58d8620c681e7365257a24d2
2023-03-24 15:45:13,True,0.4921,0.001527,605.788,0.9253,0x70...8487,https://bscscan.com/tx/0xdecf0465510c00da27c7d7a4a70656cb4d56170d1a1b9a324f8f915b8c2551f7
2023-03-24 15:45:07,True,0.4944,0.001526,10291.7,15.7142,0x83...6678,https://bscscan.com/tx/0xa21e455adef139b720e07500c1d72d3e243c4473c1aa0df8638aa4edf863a167
2023-03-24 15:45:07,True,0.494,0.001525,10322.2,15.7476,0xad...a9a6,https://bscscan.com/tx/0x0628b73f57fa1137b62aa96a841ea6cc39f56ca911efd06c2254ac3bf2231a70
2023-03-24 15:44:34,True,0.4914,0.001525,9.60789,0.0146,0x6b...45c9,https://bscscan.com/tx/0x10a0f86843916695de7658331eec7b447277e9a653c2ee493711a42f2bb9e02b
2023-03-24 15:44:07,True,0.4938,0.001524,1245.15,1.89873,0x11...a5bc,https://bscscan.com/tx/0x317bfdc372f46a970e9cbfbd6dba4825b92fb6c00467429edf5da0e5abc08f5c
2023-03-24 15:44:01,True,0.4938,0.001524,86.9643,0.1326,0x0e...2f4c,https://bscscan.com/tx/0xe9f3764a8ba933cfc3de2e6b4310c73257a5c6ad7e85bb77c7787f93f7bb79d1
2023-03-24 15:43:55,True,0.4938,0.001524,449.42,0.6852,0xdb...3a26,https://bscscan.com/tx/0x95d01c12fe5ebcfeadda4033196abec0790ebca4c399bcdae332526c1abc92d6
2023-03-24 15:43:55,True,0.4934,0.001523,16018.0,24.4077,0x11...a5bc,https://bscscan.com/tx/0x44cadd168d4b04cb807856965d3c2e134c9c94a98e81be40f8ab8d5857d86eb6
2023-03-24 15:42:58,True,0.4906,0.001522,2298.28,3.49948,0x3f...573a,https://bscscan.com/tx/0x97e86a6c210093b1ae0dd44dd596e2917a6f026cd4b647fcbc11050f8f02db52
2023-03-24 15:42:49,True,0.4906,0.001522,681.204,1.03711,0x91...79fe,https://bscscan.com/tx/0x76b0d85e573bc87d6611e31a03f5d9401a21cada85a6cb7d2c06a12e2af70a7e
2023-03-24 15:42:01,True,0.4905,0.001522,857.5,1.30543,0x67...b7c1,https://bscscan.com/tx/0x9b86bfb40fbc567ecc1f2e90f7b8ab3bdafc05e06972d6464b7e31b097c88e6a
2023-03-24 15:41:55,True,0.4905,0.001522,710.6,1.08173,0x34...7c76,https://bscscan.com/tx/0xa90a22d5ce111ce9d1c4cd3f04a0a6a3ea7f631f1345fa012b0046ed444c6e90
2023-03-24 15:41:52,True,0.4904,0.001522,1769.17,2.69289,0xb3...55e7,https://bscscan.com/tx/0xe42839a322e0e42ed2e3b8f5ff65ab5d7d7085690153ab122d23dae34f17c467
2023-03-24 15:41:22,True,0.4928,0.001521,1649.07,2.50975,0xca...34d7,https://bscscan.com/tx/0xdc7b632a4d38dcb496eaf9b649678d19e3c4d5279f30ee9f1557dbd41060910a
2023-03-24 15:40:55,True,0.4931,0.001521,852.727,1.29765,0xf2...bfcf,https://bscscan.com/tx/0xeee4766142e81ff78dd393c71962e6153e59bf900e46c581868e001803005df7
2023-03-24 15:40:49,True,0.4931,0.001521,2300.26,3.5,0x3f...573a,https://bscscan.com/tx/0xdbf8cfcdaba54831b56c131f09c60c538820e8ee19240e3d13d562cc73f6da8a
2023-03-24 15:40:43,True,0.493,0.001521,2300.69,3.5,0x8d...1b76,https://bscscan.com/tx/0x943690fc615739371cf029d0ee038659fd73b263c5746c2dd3a7f1cc55b926a2
2023-03-24 15:40:31,True,0.4905,0.001521,2301.11,3.5,0xf2...bfcf,https://bscscan.com/tx/0x25c834199837dcee66c3a4ee2e735e7c1a2529c7facfa961b78409c6ea18e712
2023-03-24 15:40:22,True,0.4929,0.00152,2301.54,3.5,0x3f...573a,https://bscscan.com/tx/0x2ae56a57858c5fab8b0500ce51821a20afeb03b111696e819b7e9b9ea451a8ce
2023-03-24 15:40:12,True,0.4928,0.00152,2301.96,3.5,0x8d...1b76,https://bscscan.com/tx/0xcfce0c5108d035d97dec1e15e7f771a2bcc3e423e58cc492065a9cba635b5cfb
2023-03-24 15:40:04,True,0.4902,0.00152,2302.39,3.5,0xf2...bfcf,https://bscscan.com/tx/0x56a9d17d090d100133a08e9568e6818677d1e9c28f4b80d4df240ccfb3d72032
2023-03-24 15:39:55,True,0.4926,0.001519,2302.82,3.5,0x3f...573a,https://bscscan.com/tx/0x73c550051ebdc92a273e15b469970dc8a384bfbc8d123cf7375da05f0e23ac42
2023-03-24 15:39:37,True,0.4928,0.001519,2303.24,3.5,0x8d...1b76,https://bscscan.com/tx/0x7daa70df5829603bb4e114ef29df045b6f469ba2613908bc2f323ee5159e6b15
2023-03-24 15:39:26,True,0.4928,0.001519,1322.86,2.00991,0x27...b6f2,https://bscscan.com/tx/0xdcecfe3d69132f52da5dcc4be0b0dabd952fa26f425318db267ab96d361d6ed1
2023-03-24 15:39:22,True,0.4927,0.001519,2303.92,3.5,0x8d...1b76,https://bscscan.com/tx/0x9d781547f77dbf32b65e75655b46c7e0b4a60325743074fcc20e0290407d2044
2023-03-24 15:39:22,True,0.4926,0.001518,1785.77,2.7124,0xda...c952,https://bscscan.com/tx/0xea9a534e2e3095eea95bf002d6991b4eda44b510efca719399a3481eea2edd3a
2023-03-24 15:39:19,True,0.4925,0.001518,449.75,0.683,0xdb...3a26,https://bscscan.com/tx/0x93e20a06b64c0d45a54d4fa0c8d8c7afc5f7c94f99f2f3e4e84569fe149f7ca1
2023-03-24 15:39:16,True,0.4925,0.001518,2304.76,3.5,0xf2...bfcf,https://bscscan.com/tx/0xe8d8827993bbb12344166dd8d7510b7dde10b04470c3387e5d4c0c406220e233
2023-03-24 15:39:16,True,0.4924,0.001518,2305.19,3.5,0x52...1c7e,https://bscscan.com/tx/0x4e7df465e133e0462b79137b0506fe2f90340c3e658b39cb73e941496dbd047a
2023-03-24 15:39:16,True,0.4923,0.001518,2305.61,3.5,0x0c...8533,https://bscscan.com/tx/0x79a8ae202ab0db112874a5dd435d54fd7c33d2bf5f224bbbf5b783989e57f005
2023-03-24 15:39:01,True,0.4922,0.001517,2306.04,3.5,0x2f...e155,https://bscscan.com/tx/0x24cdfecb848636f359b61a562b312361303acc5be91ace593f24c4b491f088ed
2023-03-24 15:38:51,True,0.4921,0.001517,2306.47,3.5,0xda...c952,https://bscscan.com/tx/0xc1a33d9675e68615a457198bc62849cafd0a6d9409a514ff3d1be89bc5d242ef
2023-03-24 15:38:45,True,0.492,0.001517,2306.9,3.5,0x0c...8533,https://bscscan.com/tx/0x432ca60979c3743df541feea6136a8e5230c67209f5c83ae67df8b5ab77d81e6
2023-03-24 15:38:39,True,0.4919,0.001516,2307.32,3.5,0xda...c952,https://bscscan.com/tx/0x3dfdf0407ef9ffb2b786838b27e752ba40649dd033daaa72ceb4f510fd59c2b7
2023-03-24 15:38:30,True,0.4918,0.001516,2307.75,3.5,0x2f...e155,https://bscscan.com/tx/0xe1327060498f2013c43290fde231ff3442876e59d6fe04a1ad99cbf67aeaa5a4
2023-03-24 15:38:15,True,0.4893,0.001516,2308.18,3.5,0x52...1c7e,https://bscscan.com/tx/0xc8086672c5345ea74684b20ecfcb673719a8b9ea82c3e4fd049b0479770213f8
2023-03-24 15:38:15,True,0.4892,0.001516,2308.61,3.5,0xda...c952,https://bscscan.com/tx/0xee4379bbf26b879ad484e8774ed40ad66b5c8d881203db7c6131685c2dc57fc1
2023-03-24 15:38:15,True,0.4891,0.001515,2446.1,3.70774,0x00...78d2,https://bscscan.com/tx/0x91d5b42da74d57a7cb61157ae328932133f2dc869e609e23e8b75af505c52fe5
2023-03-24 15:37:38,True,0.4889,0.001515,3948.19,5.98303,0x34...7c76,https://bscscan.com/tx/0xbd3c40bd56e446bea81bcaf32b59321b78cbec9773f441ee86c029931d33bdfc
2023-03-24 15:37:17,False,0.4889,0.001507,100.268,0.1511,0x1a...33f0,https://bscscan.com/tx/0xffda758c3c1dfccbbfc6cb0765013f5bef6523a296d5f30f4cdd156671256f3c
2023-03-24 15:35:47,True,0.4888,0.001514,5243.87,7.94361,0xf9...5ebf,https://bscscan.com/tx/0xfdff7c977c86b6117b9364ab12f4b1131eaf0b54eed25e2561e49264632c8778
2023-03-24 15:35:14,True,0.4908,0.001513,13636.6,20.6415,0x71...69e3,https://bscscan.com/tx/0x1fdb7ce1e29c770a07f178fc4cfc9e7ecd35fa1e0bdffb2fcd162ed691f32e5e
2023-03-24 15:35:14,True,0.4905,0.001512,2446.1,3.70025,0x00...78d2,https://bscscan.com/tx/0x40ec7ccfc94c30e8adfed9914857f40f547099d6935e7044e9d0f774679fa81c
2023-03-24 15:35:11,True,0.4904,0.001512,2446.1,3.69952,0x00...78d2,https://bscscan.com/tx/0xf0f33c5b2c3f3fc6c42ea3f38ab8d8a8556a7452734c2517c098f47e38768c60
2023-03-24 15:35:08,True,0.4903,0.001512,2451.1,3.70635,0x05...7eea,https://bscscan.com/tx/0x9e46cb8a260ca577b9b0c88ca33c2290229856f5b9817547648ab76bd7e5207a
2023-03-24 15:31:29,True,0.4877,0.001511,1032.23,1.56064,0x3e...a7c8,https://bscscan.com/tx/0x16be333d75d8449f24984ed8408a318213fceae834c96981126bcfc97a67817c
2023-03-24 15:31:29,True,0.4877,0.001511,786.475,1.18899,0x62...1f10,https://bscscan.com/tx/0x874c51251f5d861ee978bd3e0778665ffb57fa7b8b71622cce26c3f7adada7fc
2023-03-24 15:29:11,True,0.4901,0.001511,611.711,0.9247,0x70...8487,https://bscscan.com/tx/0x54b7f91669f312d2d163c60ae61dddf2cd74394ad1d2002e52a55b97361ad5fd
2023-03-24 15:27:23,True,0.4876,0.001511,1157.2,1.74923,0x56...0086,https://bscscan.com/tx/0x4ef29ac6a75b21fd7270ec22502cf54283451145202ecc587790d45aef94dec9
2023-03-24 15:26:35,False,0.4857,0.001505,26836.1,40.4045,0xcf...f8b8,https://bscscan.com/tx/0xc2ca1540ac13b99b9c25adfdc768d9f758c81eb24d98620d39d3b9420f0cc166
2023-03-24 15:26:35,False,0.4865,0.001508,13348.4,20.1297,0xb4...71f3,https://bscscan.com/tx/0x4f7dea6b074db278fffc8adbefbb8d6d8341ab8a8870ef91b250a595ad21ff55
2023-03-24 15:26:17,False,0.4892,0.001508,26.2765,0.0396,0x4d...69df,https://bscscan.com/tx/0x18c0a0f5843facdae834a4e11749d51662e56509537f1dd70609a9c9ebff4192
2023-03-24 15:21:05,True,0.4892,0.001516,854.751,1.29611,0x91...a456,https://bscscan.com/tx/0x3ee6e78e96e273f4028122a0440f86dd7180a7212484183591035de9c89ee91b
2023-03-24 15:19:17,False,0.4867,0.001508,350.0,0.528,0x07...05f3,https://bscscan.com/tx/0xb0b3b43e2bb7985253985963698018022504d83fa3d188788307c29b48967ef4
2023-03-24 15:17:56,False,0.4893,0.001508,2461.92,3.71485,0x00...78d2,https://bscscan.com/tx/0x56477d2d0c03da58b6957098f5d2337d58b99b7e41afc8b4ea2fcc50cfbb7b1f
2023-03-24 15:14:26,False,0.4861,0.001509,100.0,0.1509,0x84...746e,https://bscscan.com/tx/0xeac59c5c9bf47b7cd846ec1c16086efc4317bb61a260eb510a436019c9277138
2023-03-24 15:14:11,True,0.4903,0.001516,611.142,0.9268,0x70...8487,https://bscscan.com/tx/0xcbb604965f5be013670df80a9aec03cd4f660b3fb983e87cdf01be8fd905fed8
2023-03-24 15:13:02,True,0.4894,0.001516,306.098,0.4642,0x90...965c,https://bscscan.com/tx/0xf125350610cc2fb0eef7a281cb561856c488c92748ef56d7db0536c8f0ae3379
2023-03-24 15:09:50,False,0.487,0.001509,200.0,0.3018,0xe3...3a9b,https://bscscan.com/tx/0x037751e5a580b27271ed9fe2c8f8a42fd2b90d451d86ec18966a6725012120fa
2023-03-24 15:07:47,False,0.4846,0.001509,4141.8,6.25102,0xef...51dd,https://bscscan.com/tx/0x6a37054e14bfeaab5b41a500b5a3a8cb22bd54eaff7f5b4cbb751fac265fe495
2023-03-24 15:07:44,False,0.4847,0.001509,1075.2,1.62309,0x8a...a6bc,https://bscscan.com/tx/0x8a3ba85ab9c7e443ea639802642ac4c641e01bc1a8743027fdbc724ced63780e
2023-03-24 15:07:44,False,0.4848,0.001509,4141.0,6.25243,0xef...51dd,https://bscscan.com/tx/0xaedb9435978efa1ba758025f214a33a1f4c13493087fb16c9ecd2e163af44ce3
2023-03-24 15:07:41,False,0.4849,0.00151,4124.14,6.22904,0xef...51dd,https://bscscan.com/tx/0x4043cb7545c7331870cbebcfd90e6b0eb7350745952e260e71529f508946cc0b
2023-03-24 15:07:20,False,0.4875,0.00151,4122.59,6.22876,0xef...51dd,https://bscscan.com/tx/0x737456166cd50f20e802ab6e89c34c206838a1527b599ff47c430346d99d0188
2023-03-24 15:07:17,False,0.4876,0.001511,4135.3,6.25003,0xef...51dd,https://bscscan.com/tx/0x01d15173e54779ba44159636824102d0d0ff7474fdcc44d283ee53b17e277ac1
2023-03-24 15:07:14,False,0.4878,0.001511,2900.0,4.38425,0x83...6678,https://bscscan.com/tx/0x199831709393ab7d0a5de723dd909fffc1de3d1cd57088aee4d561c3e8adc4fd
2023-03-24 15:07:14,False,0.4879,0.001512,4142.0,6.26369,0xef...51dd,https://bscscan.com/tx/0x95fbd607ec7656ddbd8ef8bb00ea68aa44c2743c3ae04f22adf28aa5229cc9f5
2023-03-24 15:06:53,False,0.4856,0.001512,450.0,0.6806,0xdb...3a26,https://bscscan.com/tx/0x4bc6ba3dd7feea66de51758a5201392e042e863775dfd44665f6030e3e729824
2023-03-24 15:06:47,True,0.4904,0.00152,40.7169,0.0619,0xa9...86d9,https://bscscan.com/tx/0xa59104a87c0dd052f3e160d8983267a1e93c2149ee182e14596c2a4f08984f6a
2023-03-24 15:06:08,True,0.488,0.00152,59.6097,0.0906,0x0e...2f4c,https://bscscan.com/tx/0x0f994266fdbc4ebfb7e1c92f4c347bda77a70a6088ccfaec1c162b978cd25919
2023-03-24 15:05:53,False,0.4859,0.001513,22944.7,34.7366,0xf2...bfcf,https://bscscan.com/tx/0xee6d587411cf9e60d18802b96e2167d50c906399cdc79bcf9239bba505a88354
2023-03-24 15:05:47,False,0.4866,0.001516,11490.2,17.4194,0x91...79fe,https://bscscan.com/tx/0x490ce8651c3afe9e0317c5ea1a88f2d97d1bc15aa0e76671fb833bef75299778
2023-03-24 15:05:38,False,0.4895,0.001517,14984.9,22.7417,0x2f...e155,https://bscscan.com/tx/0x212feef0f3ae74f050e0f32deefa8f6bd409cacebcf4a285b1e9048d27c0229b
2023-03-24 15:05:38,False,0.4898,0.001518,450.0,0.6833,0xdb...3a26,https://bscscan.com/tx/0x1a65815bd6d3db4b6f6ba7bb29aeb0f9008d1f764f6c71a2fbc4545354bb032e
2023-03-24 15:03:29,False,0.4903,0.001518,450.0,0.6833,0xdb...3a26,https://bscscan.com/tx/0x470e1cc1ba93481cbcb3c01de2f8c7c188d56797d39a91cf87008173841b1706
2023-03-24 15:03:26,False,0.4903,0.001518,2912.15,4.42309,0x0c...8533,https://bscscan.com/tx/0xc0d689e8feff563979dd87a4ecce3883e6aad2649c07340fe604e3a53fb9a9f3
2023-03-24 15:03:26,False,0.4905,0.001519,6900.75,10.4853,0x62...1f10,https://bscscan.com/tx/0x972a5e0e4348ed14fa1b18899244b3d3fc0300707e1be789623ef8336cf3f74e
2023-03-24 15:03:26,False,0.4908,0.00152,8228.23,12.5099,0x27...b6f2,https://bscscan.com/tx/0x75885e3804ab720de6f21f56252f9c08b8844b1cdf424c81c530203249f40e7d
2023-03-24 15:03:17,False,0.491,0.00152,906.109,1.37812,0x11...a5bc,https://bscscan.com/tx/0x6d61303ad20f64d8740f8155c313326db43b1c0d32fbb8e7cd10ced4eae549b4
2023-03-24 15:02:59,True,0.4934,0.001528,2289.87,3.5,0x8d...1b76,https://bscscan.com/tx/0x22e0134c989182495ef7565e4a0905a7f290a68c4b22137c22983a305d2516b0
2023-03-24 15:02:53,True,0.4908,0.001528,2290.29,3.5,0xf2...bfcf,https://bscscan.com/tx/0x2903e1802cb59747dc7249c095c21bf57ee35744fdf52cfdcb93976d3963c4d3
2023-03-24 15:02:47,True,0.4908,0.001528,449.896,0.6874,0xdb...3a26,https://bscscan.com/tx/0x2c1baf95c6b698e676404528a507c07f6c4c4d590cdce9a88c5b9bc104714f9b
2023-03-24 15:02:44,True,0.4908,0.001528,568.346,0.8684,0x03...9fa1,https://bscscan.com/tx/0x4c96b038ea75ba463b433d756241fa43daacbd462ed6213dfc567ccfd3c3fd35
2023-03-24 15:02:44,True,0.4907,0.001527,2290.9,3.5,0x3f...573a,https://bscscan.com/tx/0x3c2004c2631896c5f16a8d3bfe7c17c72964781ff63f0d2b186b7bedd4e35c3e
2023-03-24 15:02:41,True,0.4906,0.001527,2291.33,3.5,0x8d...1b76,https://bscscan.com/tx/0xdd43f928e0ea1890b502b886934d7d30408b2dc86c11ab518d5478a087683656
2023-03-24 15:02:41,True,0.4905,0.001527,1818.89,2.7779,0x2f...e155,https://bscscan.com/tx/0xa9ade7e1036ff9989f90a0cb3eb9874005870d55b6d5979488aefbb5c964628d
2023-03-24 15:02:35,False,0.4904,0.001519,48.7,0.074,0xe5...4cf7,https://bscscan.com/tx/0x8b9b5e91c7dcfa026cf2c4e0c18c12c62cbc9802e7b5ad381fc758256c5d1437
2023-03-24 15:02:35,True,0.4928,0.001527,2292.08,3.5,0x0c...8533,https://bscscan.com/tx/0x97d2919c8dead5ffc958737e8bec488093d68a3f3930812b817ca0ba6d5a36e8
2023-03-24 15:02:32,True,0.4927,0.001526,2292.5,3.5,0xf2...bfcf,https://bscscan.com/tx/0x8b6603086d9b0c510b0f54dac772383c42435a6630b9ec696aeb511ef4b878a7
2023-03-24 15:02:29,True,0.4926,0.001526,2292.93,3.5,0xda...c952,https://bscscan.com/tx/0x1cf742146d6ed8f6ef5b188540abc48661ab9dcf5270e2fcc4cd94b595cc3bd1
2023-03-24 15:02:26,True,0.4925,0.001526,4043.8,6.17101,0xef...51dd,https://bscscan.com/tx/0x90bf9c1e11d4d611eae0b6646d5c8e03b273a961e623537c9c1a502efdb631e8
2023-03-24 15:02:26,True,0.4923,0.001525,2294.1,3.5,0x03...9fa1,https://bscscan.com/tx/0x9b59d097656fe89df14d7b0aa1862a1cd367dacb44088bc5441ca91988ef6953
2023-03-24 15:02:26,True,0.4922,0.001525,2294.52,3.5,0x0c...8533,https://bscscan.com/tx/0x6b732bf6c2e76564c9425362f7774f073a1a0a01952d60ede1e21cb427ae61d0
2023-03-24 15:02:26,True,0.4922,0.001525,2294.95,3.5,0x3f...573a,https://bscscan.com/tx/0x46658db12647d0c53cd1ef28ebcbbb559dbc8511293567159c23d2613c1379ef
2023-03-24 15:02:26,True,0.4921,0.001524,2295.37,3.5,0xda...6e1f,https://bscscan.com/tx/0x70c229e7ba0485c47f7db4e64fc2297b9e8d865de5c789f645a5a6ad15a6667d
2023-03-24 15:02:23,True,0.4923,0.001524,2295.8,3.5,0x5a...6651,https://bscscan.com/tx/0x176fa20309a802aa46196345abeb7e12765900c292cea3cc4ea379818a82c804
2023-03-24 15:02:23,True,0.4922,0.001524,2296.22,3.5,0x8d...1b76,https://bscscan.com/tx/0xb3492582d33db9fd7a59174539151002f716b0be2b80307c9cdea1027563eda0
2023-03-24 15:02:23,True,0.4921,0.001524,2296.65,3.5,0x91...79fe,https://bscscan.com/tx/0x501bd2ea789850bc87f0df4e189dc2d49248747e0cb309e85339f238d325f57e
2023-03-24 15:02:23,True,0.4921,0.001523,2297.07,3.5,0x2f...e155,https://bscscan.com/tx/0xa9d487a693577266c39955a1aa6bafc54350132dc002aff99ef8c13e28bc8566
2023-03-24 15:02:17,True,0.492,0.001523,2297.5,3.5,0xf2...bfcf,https://bscscan.com/tx/0xeb3b69265c1de3b690d7c7a760713e09de34b2360989aacd309b12579ab4ac49
2023-03-24 15:02:17,True,0.4919,0.001523,2297.92,3.5,0x52...1c7e,https://bscscan.com/tx/0x289fc53f37bae8ee79e258c5a55a89d08ef62238b4db44d49c31c97f126d268a
2023-03-24 15:02:17,True,0.4918,0.001522,2298.35,3.5,0xed...4f31,https://bscscan.com/tx/0xbedc90a6b328118ec1b6581884812eae0987a58196ce32c915e3856e9ab826d2
2023-03-24 15:02:17,True,0.4917,0.001522,2298.77,3.5,0xda...c952,https://bscscan.com/tx/0x209b3a186684649b927d15ce11e1d1c53a6d1d8f696fc424a239a6b177145d97
2023-03-24 15:02:11,True,0.4916,0.001522,2299.2,3.5,0xda...6e1f,https://bscscan.com/tx/0x88c8b826191b1dc3994b666897cbc0ab5b012fce68f156f7cd629237554da79c
2023-03-24 15:02:11,True,0.4915,0.001522,2299.63,3.5,0x3f...573a,https://bscscan.com/tx/0xe149c196d9b459ca628b8f96f70a2cc8027cb25af2bbb0b3469f91880b471c89
2023-03-24 15:02:11,True,0.4914,0.001521,2300.05,3.5,0x0c...8533,https://bscscan.com/tx/0xe4d7dba34ff99582bf268fbe2c97b435d7d71a0297942c50776ab01625663b46
2023-03-24 15:02:11,True,0.4913,0.001521,2300.48,3.5,0xed...4f31,https://bscscan.com/tx/0x165a7f15b1ba5e26cb739702661cf04d4ba50394d52a9e937260c7e4593ff2e2
2023-03-24 15:02:08,False,0.4888,0.001513,20.4379,0.0309,0x52...8d7e,https://bscscan.com/tx/0x3402179766996229e0b3ff7bb5a2f758b271b91f66be0d68408a3f2b4cd1185d
2023-03-24 15:02:08,True,0.4913,0.001521,906.109,1.3784,0x11...a5bc,https://bscscan.com/tx/0x64789073fdd5534f69dc35bffdfb78a43e7e2a79aecc7222c770022b9e37d9f8
2023-03-24 15:02:05,True,0.4912,0.001521,2301.07,3.5,0x52...1c7e,https://bscscan.com/tx/0x3f333bb9e48a90f5cbc1aadc45d4dd27d4d14ebaad19973bc4ce51110b9091a5
2023-03-24 15:02:05,True,0.4911,0.00152,2301.49,3.5,0x8d...1b76,https://bscscan.com/tx/0xee5e6ca38d3dd6314e5f7d32dbe157f95eaeca19db8da153c043cf55504463f0
2023-03-24 15:02:05,True,0.491,0.00152,2301.92,3.5,0x62...1f10,https://bscscan.com/tx/0xd0499a8dad6d0d2802bba5681fdc79ebae18be0f7cb561d6e25542cc3118e25d
2023-03-24 15:02:05,True,0.4909,0.00152,2302.35,3.5,0x5a...6651,https://bscscan.com/tx/0xfc23d308804128b7a8c69100874af2c8d3dee67a603c61bf80e68fc1c7c3ceb0
2023-03-24 15:02:05,True,0.4908,0.001519,2302.77,3.5,0xda...c952,https://bscscan.com/tx/0xa67c3ec3925400ccb11f26ed67581c7f66c5d6486ed13dbf9c2fd04214388499
2023-03-24 15:02:05,True,0.4907,0.001519,4075.43,6.19267,0xef...51dd,https://bscscan.com/tx/0x89d5bc5296bf67cc73557ab6c6a173ed36100ad33c6ca004cd16b4a50976bb77
2023-03-24 15:02:05,True,0.4906,0.001519,12792.9,19.4355,0x63...e6f7,https://bscscan.com/tx/0xf199c5b8699198385dc96b395c5ae18c4d140a9e86d23e306fd41d16357aadb8
2023-03-24 15:02:05,True,0.4898,0.001516,14471.7,21.951,0x83...6678,https://bscscan.com/tx/0x3b7c41eeb072389ce64a0411e1d11cd7b87da8089012db6a6df6f61a90243316
2023-03-24 15:01:50,False,0.4871,0.001508,5980.0,9.02221,0x83...6678,https://bscscan.com/tx/0x85ad101145fff5aaaa539c680a5b08442aadf909f42b6af264ed11303ea9c6a8
2023-03-24 15:01:44,False,0.4872,0.001509,220.486,0.3327,0xbe...391b,https://bscscan.com/tx/0x4eaf8464cb89aa84a963c0be3402d4daeed2794bac4a30dca85993dcbf7ce4d7
2023-03-24 15:01:38,False,0.4873,0.001509,500.0,0.7545,0xc5...05bf,https://bscscan.com/tx/0x873811defd2a5e0a05a3106c768cee21e0fdcdec630fa5e8f74197d850eda178
2023-03-24 15:00:14,True,0.4871,0.001516,382.402,0.58,0xc9...5d93,https://bscscan.com/tx/0x392f56889175bae9d3f66f77a27aca00167d430da72cb3901e9d29db99fa3ce7
2023-03-24 15:00:11,False,0.4872,0.001509,2665.0,4.02227,0xef...51dd,https://bscscan.com/tx/0xd8851d6f9b120bb0cd7a73ac1be802e4adbae0359eaa0aa25033e26e9e691da7
2023-03-24 15:00:08,False,0.4873,0.001509,2662.8,4.01981,0xef...51dd,https://bscscan.com/tx/0xe33e4ad17849002575fb8636c55cc37a585e3d0af039e6f3b6938806acffc138
2023-03-24 14:59:53,True,0.4897,0.001517,922.809,1.40018,0x53...a498,https://bscscan.com/tx/0xb8e7fa1c41cf9b6909001558b958c0635b6bc8c5484bcf3bb62d4efd5c22c001
2023-03-24 14:59:47,True,0.4896,0.001517,2062.33,3.12879,0x53...a498,https://bscscan.com/tx/0x781fe681f75cb9a9d92336d62750d37b24178694a6f5e4adc6e4ea5d2f881be4
2023-03-24 14:59:11,True,0.4904,0.001517,610.855,0.9266,0x70...8487,https://bscscan.com/tx/0xb2c080eef869dae02f310a94ccdad6555c59a391aa60960dfa06424850b2233b
2023-03-24 14:57:53,False,0.4856,0.001509,201.394,0.3039,0x1f...6f88,https://bscscan.com/tx/0x66b271492f151a4d0dd4caa9b6f5dcaf69de18f31eac6c4c15d53f103a61229d
2023-03-24 14:55:56,False,0.4878,0.001508,22.0016,0.0331,0x8c...1d8b,https://bscscan.com/tx/0x9c0df7723d8b34d205498ed8a28b6d57ea48e13cacaea0560360da3119efe2a1
2023-03-24 14:55:53,True,0.4905,0.001516,40.9191,0.062,0x5d...d98a,https://bscscan.com/tx/0x4332af675873021206cf463ca5363ea711d40e1b03429e5d816c092a5f987417
2023-03-24 14:53:20,False,0.485,0.001509,139.074,0.2099,0x01...f06d,https://bscscan.com/tx/0x4abb44520e25557ed78fdbf088e8c1aed9177e380b64377304436050c2c0db18
2023-03-24 14:52:58,False,0.4874,0.001509,19.07,0.0287,0xec...def9,https://bscscan.com/tx/0x9208ea4253c04ba5351a8e9238f418ea40a7521288f523d6d3fc1c980569b0be
2023-03-24 14:47:42,False,0.4872,0.001509,69.684,0.1051,0xad...a934,https://bscscan.com/tx/0xf27787be8551f6f0a951badcf90fa3ce45dd3c30394e34d9d47ff99bd6f466da
2023-03-24 14:44:10,True,0.49,0.001516,610.305,0.9257,0x70...8487,https://bscscan.com/tx/0x4be226cf03fa33c00bc1e61f67b1b593b9634c04dc0a4e4d88a2e9142a6de046
2023-03-24 14:43:13,False,0.4873,0.001508,4.0,0.006,0x2e...aee8,https://bscscan.com/tx/0x0e59feb4b747273f71dca6ec9d29a992fb3dc5dd1fe436e80a3f9fb23daf4e54
2023-03-24 14:31:50,False,0.4853,0.001509,2194.09,3.31187,0xf2...0b05,https://bscscan.com/tx/0x72eeb0fc8755e4139d9487fe0bd9ad9ecc2aa6542df730ca5c18aa33478f3c44
2023-03-24 14:30:47,False,0.4878,0.001509,23.2436,0.035,0xbb...c106,https://bscscan.com/tx/0x7d1e1d22e7b677dbef0b0fa4972ad59953d9ae031a593ccc2348d31c6d150b82
2023-03-24 14:28:17,False,0.4882,0.001509,42.593,0.0643,0x34...8793,https://bscscan.com/tx/0x9b9fcf163cc53628bf2fd70b738cfff9468b8501a93f497859096fa155903a2b
2023-03-24 14:28:14,True,0.4906,0.001517,610.627,0.9264,0x70...8487,https://bscscan.com/tx/0xf5c877e35ad640194ae44c15c9f15b445396ee247c970531ed83293ddad01f12
2023-03-24 14:22:41,False,0.4889,0.001509,173.004,0.2611,0xa8...ffc1,https://bscscan.com/tx/0x80f35be6d26f6304041bc36dafadd405c8a2ab283992f595469e05e709b72a5d
2023-03-24 14:22:35,True,0.4912,0.001515,25072.8,38.0,0x0b...a1ff,https://bscscan.com/tx/0x71bc24411a594a3148630d26b8f97e3f27076d039f53eafb4eb4f546a2697e30
2023-03-24 14:19:59,True,0.4883,0.001514,523.092,0.7919,0x85...7600,https://bscscan.com/tx/0x931928a6055e99dce1e22dc81e3b58221d3315a85eb8cf37c9cdf5be0ed7a1be
2023-03-24 14:19:59,True,0.4879,0.001512,20385.7,30.8386,0xeb...8bba,https://bscscan.com/tx/0x587f186047e5765ca9af710a1cfbebf85c6ed723032670e1d76f86811896a8aa
2023-03-24 14:17:53,True,0.488,0.001511,471.72,0.713,0x9f...7a6a,https://bscscan.com/tx/0x1983aacfefa35fd23bfe262e87d55845045b88462a91cbb89324ed600095aad1
2023-03-24 14:16:26,False,0.4882,0.001503,24.0,0.036,0x72...1add,https://bscscan.com/tx/0xc95c660501b7a7b0bb7619d9e104bb9e9b852128a0f75c5b09e456b906b52ab3
2023-03-24 14:12:44,True,0.4904,0.001511,1260.03,1.90439,0x53...a498,https://bscscan.com/tx/0x4c48ea09d90284cfe34f09863469a2649ce4a095ca5c1f427f5f1664dd6d3254
2023-03-24 14:12:11,True,0.4879,0.001511,611.9,0.9247,0x70...8487,https://bscscan.com/tx/0x96d2a02b80a557c7a8fdc47693381b0691468c508b90dae9d83f5d5c9399ea04
2023-03-24 14:10:41,True,0.4877,0.001511,4029.47,6.0885,0x32...069d,https://bscscan.com/tx/0x9c0f5f7669e86f36e9781fcdbc98b380fcfd37efd3d7bced62ba4fb8ebd5a544
2023-03-24 14:09:11,True,0.4901,0.00151,718.092,1.08483,0x35...aca7,https://bscscan.com/tx/0x40016a18149cf096a78f682f171caaba82602219661c4b4d3b9e5196772d7fa4
2023-03-24 14:08:38,True,0.49,0.00151,208.992,0.3157,0xa7...aa71,https://bscscan.com/tx/0x58a26072f37bddb1ed0866962950014ba7636b3df9f4a29ea273d75fcd75b46d
2023-03-24 14:08:29,True,0.49,0.00151,2087.58,3.15331,0x53...a498,https://bscscan.com/tx/0xc3afa8d5d6c471193eb8e9847df16f1a7378cd23cf97a24efb4db81daf4d05e7
2023-03-24 14:06:41,False,0.4876,0.001502,139.054,0.2089,0xb2...1fdd,https://bscscan.com/tx/0xddc433865a6a6a42b6500f0c4f7f3f7c686ea9ecf50c65bbae1f91671af8336c
2023-03-24 14:05:29,True,0.4903,0.00151,216.707,0.3273,0x49...809d,https://bscscan.com/tx/0xee687ca8a96476af4ef87f72be15b63ecfa8fccdc70786a930714f37e75c0fed
2023-03-24 14:03:35,True,0.49,0.00151,1804.42,2.72516,0x05...8005,https://bscscan.com/tx/0x921d447782ce758ee8d6604f0f78c0a317764062f3d6f4af96534a16bae75aa4
2023-03-24 14:01:44,True,0.4905,0.00151,2209.61,3.33657,0x53...a498,https://bscscan.com/tx/0x6805102fc5f6c2e87008d74f183742978d87319f3d41394a0532a8c797c483c3
2023-03-24 14:01:35,True,0.488,0.001509,2034.69,3.07191,0x89...7d4a,https://bscscan.com/tx/0x0d4938a1f7c3d24ad0926cf4564fac4d9c7d23f2f5bfbf395557dbfccf6370c5
2023-03-24 14:01:08,False,0.4857,0.001502,4137.23,6.21558,0x32...069d,https://bscscan.com/tx/0x0c879a3c90dba4de2a03d56f68dac7f5aeb2da12268f9335c82f52fb75620656
