datetime,buy_order,price_USD,price_native,amount_token,total_native,maker,etherscan_url
2023-03-21 21:28:05,True,0.5217,0.00155,3366.5,5.21852,0xca...34d7,https://bscscan.com/tx/0x4a40a7cddefb7e403b2b32473390756cef08f24187c1458ff7db7fbc749fb231
2023-03-21 21:28:05,True,0.5216,0.001549,153.41,0.2377,0xd3...ec6f,https://bscscan.com/tx/0xd370f0a0c9215ce41e026b83a684b2505f2ce787909a19e5598d55d377c7fac3
2023-03-21 21:28:05,True,0.5216,0.001549,1981.47,3.07081,0xed...4f31,https://bscscan.com/tx/0xe1ac5b91c72c3f9ddf25a0d1337713f66ba3a4fd573f20cdb447159144677b4a
2023-03-21 21:26:32,True,0.5216,0.001549,25.0,0.0387,0x5d...039c,https://bscscan.com/tx/0xf92c8ddd8e9d2d10ea318e395142a2458c3afe14de3857a4540adb79da7a8498
2023-03-21 21:25:35,False,0.5189,0.001541,37.8406,0.0583,0x34...8793,https://bscscan.com/tx/0x9adbf4aebb259a735b8ba0580299a057b44869066e1f571294eba056119b1ad3
2023-03-21 21:25:35,False,0.519,0.001542,3079.1,4.74828,0x4d...74b8,https://bscscan.com/tx/0xbb7a37bc4e605a0001434ec4564353ccaaaa5e2c7cf0f2fb749bfba59532dcd6
2023-03-21 21:25:32,False,0.5192,0.001542,6265.5,9.66581,0xb3...55e7,https://bscscan.com/tx/0xd86c11f666d976ff938fed9e04a3cd09773578c942c70e25b4ba8a5b48d821ca
2023-03-21 21:25:32,False,0.5194,0.001543,2309.57,3.56426,0x00...78d2,https://bscscan.com/tx/0x0ecd2ce5ed84f8dfefa3a5c58eafa65faea73610884108bff04f9c9bdda76b81
2023-03-21 21:25:29,False,0.5195,0.001543,2041.59,3.15127,0x00...78d2,https://bscscan.com/tx/0xca08c408b3ef986fd3f58594bf8837edc4b2b82570feac243d8d24af89f49e86
2023-03-21 21:25:20,False,0.5221,0.001543,16.0,0.0247,0x6e...3797,https://bscscan.com/tx/0x4b7158f34f50997be6c0a59fb39fd3751506bc7461c4435b2064ddabca4ca8aa
2023-03-21 21:25:02,False,0.5194,0.001543,4123.8,6.3669,0x0e...7558,https://bscscan.com/tx/0x923f9691699f66b38c98aef2428a27632c3b3cdd837dab4401a10b7e85db3901
2023-03-21 21:24:59,False,0.5196,0.001544,5191.09,8.01786,0xb0...a41e,https://bscscan.com/tx/0x00187cd88e26184f648d8484ce19233bb99f672fe12039aff400f649fa9a5aa8
2023-03-21 21:24:53,False,0.5198,0.001545,2856.18,4.41298,0xd3...ec6f,https://bscscan.com/tx/0xa7164a44130a0f919f058a3cea692ec6ebba7a443b67baff5abb42e8fc12fc4e
2023-03-21 21:24:50,False,0.5199,0.001545,19.4331,0.03,0x52...8d7e,https://bscscan.com/tx/0x4f417977d227882c482761153afd68ad57b2dd2271e3abd58715bdff0a36400b
2023-03-21 21:24:50,False,0.52,0.001545,6515.7,10.0712,0xd3...ec6f,https://bscscan.com/tx/0x9251c89d4404010a72d50252d052e029add69e28c7eef414199cadea6e6d3d77
2023-03-21 21:24:47,False,0.5202,0.001546,1926.0,2.97802,0x80...a49b,https://bscscan.com/tx/0x1dffa4b587f340af3f9d76c7de6602a4c5d1fca9e5a2eea99b07d8aa36505350
2023-03-21 21:24:47,False,0.5203,0.001546,2596.05,4.01483,0xd3...ec6f,https://bscscan.com/tx/0xc823a13dcebe5d5abcbcee6664f5f27134f16ddd47b2f7b87bc7dd81c84b9ca4
2023-03-21 21:24:47,False,0.5206,0.001547,9092.87,14.0692,0xb0...a41e,https://bscscan.com/tx/0xf08c7c1c0acded56c2f36409eef10c27e4f62493e11e37b00963ba18ceed6731
2023-03-21 21:24:44,False,0.5208,0.001548,2322.98,3.59601,0x00...78d2,https://bscscan.com/tx/0x7a769e3cba574ef6e68a45277bea5682f010a75ef84659480e9ab09c58901b8a
2023-03-21 21:24:44,False,0.5209,0.001548,2240.0,3.46822,0x83...6678,https://bscscan.com/tx/0x09f6183ca8964ff241014ebc9bf7024a2a6586de753f58aff3158021a7569cd0
2023-03-21 21:24:44,False,0.5211,0.001548,6179.3,9.57086,0xd8...bcda,https://bscscan.com/tx/0x61ae798c4559cda143f68de79d80e1026dff9b619785e129443896d65accc778
2023-03-21 21:24:41,False,0.5225,0.001553,58470.0,90.8085,0x1d...3b6d,https://bscscan.com/tx/0x2fde277f104fbe6cba1400b66bdef666ddac8fd044e59b86ddefb15b717004cd
2023-03-21 21:24:41,False,0.5238,0.001557,2322.98,3.617,0xdb...8aba,https://bscscan.com/tx/0xe04b4d2e5f52c208d26d4bdc03a8d5d92e7a44c355152b0cb1266054010f8205
2023-03-21 21:24:41,False,0.5239,0.001557,100.135,0.1559,0x06...bfa4,https://bscscan.com/tx/0x9c93a310868f6c2390aeea7463fb5ef1166f990b96ebf8a63e8c0be967fc1c07
2023-03-21 21:24:41,False,0.5239,0.001557,120.556,0.1877,0xdd...a1f3,https://bscscan.com/tx/0xd92b1835babf10c90a9b52fd0197c05f439867200c2b84d4f3e93f44adaefe3a
2023-03-21 21:24:41,False,0.5239,0.001557,258.247,0.4021,0xd6...273d,https://bscscan.com/tx/0xc954d80292459c581e2099f7e97609a0ad78a1ac6f35333d79691f142a41a4f9
2023-03-21 21:24:41,False,0.5239,0.001557,702.612,1.09418,0x85...a3d2,https://bscscan.com/tx/0x75e86c1c51517a63b53a50d2cbecb26a58f261e566e64e487aa25ade086c4723
2023-03-21 21:24:41,True,0.5231,0.001554,155633.0,242.0,0x83...3499,https://bscscan.com/tx/0x034dadc2ffef27ee4aebb25585c17ead9f5ae08324244fb4de3a92f30f23b866
2023-03-21 21:24:41,True,0.5185,0.001541,58470.0,90.1041,0x4b...e5c2,https://bscscan.com/tx/0xd44db1f4edf31ae0b5cb97fa39392279243e764b7ab41cbe469e41b0de6f72f5
2023-03-21 21:23:29,True,0.5198,0.001537,35.0,0.0538,0x65...54d6,https://bscscan.com/tx/0x0ab25342d3bf183ccfd16ccadb2fdcfceed21d5a31c3b38fdaebb4a7b0e53bb0
2023-03-21 21:21:17,False,0.5147,0.001529,4.22324,0.0064,0xd3...ec6f,https://bscscan.com/tx/0xcab70f13834f060a64289f4f5b7d31d55af922c1d3194f18be0fc27cbb38a4a7
2023-03-21 21:21:11,False,0.5147,0.001529,3378.59,5.16857,0xd3...ec6f,https://bscscan.com/tx/0x10cb6aedf5d6c169f22410a2a86ad27fc9b19ca295b3a8f177a6142e4f6a6094
2023-03-21 21:19:11,False,0.5174,0.00153,3.93643,0.006,0xd3...ec6f,https://bscscan.com/tx/0xd4edf145ec50d86777422ce711a1a47a5b68450657d71f04fc7a4f72326e1533
2023-03-21 21:19:05,False,0.5175,0.00153,3149.14,4.81888,0xd3...ec6f,https://bscscan.com/tx/0x17fe5b068b87156e0011a5e2559e3d59615cccdbdfa25ead092da086cdebf6e0
2023-03-21 21:17:50,False,0.5175,0.00153,91.0,0.1392,0xf2...0b57,https://bscscan.com/tx/0x7a84d931edc69cdcf3635406a071b46e1cc1bd6237753f5a551d46e9a8c860fc
2023-03-21 21:17:38,False,0.515,0.00153,2462.31,3.76878,0xd3...ec6f,https://bscscan.com/tx/0xa505e7add10d37e212dda45ff0003cb3520d143c4fa74137d19ff9ebab423747
2023-03-21 21:17:35,False,0.5151,0.00153,3069.1,4.69861,0xc3...157a,https://bscscan.com/tx/0xd3c6e3f8a808dbf302880e201b9b37834d254894e2302d1e621a5d1f46a8513d
2023-03-21 21:17:32,False,0.5152,0.001531,2920.54,4.4723,0xd3...ec6f,https://bscscan.com/tx/0x2f0ba4ad30d690493b1e69849bc2df7a87adbce76ecf9d007ee35c399619055b
2023-03-21 21:17:29,False,0.5155,0.001532,7904.49,12.1098,0xd3...ec6f,https://bscscan.com/tx/0x2349876f19ea20aea1ca1abf6e4d86675497712f52cdc2cafc5f4b0b2e43d59f
2023-03-21 21:17:26,False,0.5158,0.001533,7899.28,12.1098,0xd3...ec6f,https://bscscan.com/tx/0x76bfdb6d903e6cde6460c639debd95195b5826111fcf3a420780aa8589e9bb38
2023-03-21 21:17:23,False,0.516,0.001533,332.041,0.5092,0x2e...3e97,https://bscscan.com/tx/0xfa58aed7f53dac4020ec10a8f573800cd4cf31769c0fa8241e14be44806ee208
2023-03-21 21:17:23,False,0.5162,0.001534,7894.19,12.1103,0xd3...ec6f,https://bscscan.com/tx/0xd67badde9b14c2378982f0a3cbf18396ae10117a6b37592d5277c38b209a398a
2023-03-21 21:17:20,True,0.5161,0.001533,131698.0,202.0,0x83...3499,https://bscscan.com/tx/0xc83ca19f278ce4d2cca25a8dd2a3e874f74f89dcd2313f1c000d1393b70c11f4
2023-03-21 21:17:20,False,0.5108,0.001518,6900.0,10.4758,0xec...7d80,https://bscscan.com/tx/0xe2fb6b624e88296d06cfb4b44338762e4b668dd3b5e788c610e2f3c61fcb09b6
2023-03-21 21:17:20,False,0.5121,0.001522,54047.2,82.2647,0x5f...44ea,https://bscscan.com/tx/0x83b8715b82f1a2b92119ac3aa9f10f0dc270175524e02e054b289c97dd318f76
2023-03-21 21:17:17,False,0.5134,0.001525,5898.2,8.99999,0x66...d0b1,https://bscscan.com/tx/0xc730f165cf8234d0434375ba614837924d261fdc2fb3c84325eadab1494a444a
2023-03-21 21:17:17,True,0.516,0.001533,5868.75,9.0,0x53...54fb,https://bscscan.com/tx/0xd5ee3e77e9ab9508211ac16a0ac565c19fdcd1be1ec0704d3b7abdf5172daea1
2023-03-21 21:17:17,True,0.5146,0.001529,59945.4,91.6767,0x5f...44ea,https://bscscan.com/tx/0xf21d7e2c5b858d9dbd8949e3244a21e9bdc157aafba1f29c91042886a02f1b4b
2023-03-21 21:16:02,True,0.5134,0.001525,4.43285,0.0067,0xd3...ec6f,https://bscscan.com/tx/0x93a956d6713e1456ec8a8fa1f82a42fe330c31cfe149d0964213672ad9d444d6
2023-03-21 21:15:59,True,0.5133,0.001525,3546.8,5.40993,0xd3...ec6f,https://bscscan.com/tx/0x24d6399ad8477be8b5373f1a4c1bffda0a93b492a91d7d27603f47b65d9a9478
2023-03-21 21:13:17,True,0.5157,0.001524,3862.59,5.88978,0xd3...ec6f,https://bscscan.com/tx/0xc8eba917a425af896b6adbb4438bbfe54c183292a73c90304a1465e16845d958
2023-03-21 21:12:29,True,0.5133,0.001525,13.5747,0.0207,0xd4...fcbf,https://bscscan.com/tx/0xda52143f607ba6c5fa22bd09f99346b95c93a2e3a52071ef308642c616d15750
2023-03-21 21:05:44,False,0.5135,0.001517,133.962,0.2032,0x42...859c,https://bscscan.com/tx/0x3c130479c2f335d0afd6ef85a0f122142527df27774c7cfe1f0ac4f86695f625
2023-03-21 21:02:11,True,0.5158,0.001524,240.803,0.3671,0x3f...66aa,https://bscscan.com/tx/0xcadf51a34f0a2b8fe8b31761fdbe1ceef7fea40103ebf43db79857b275ebfe12
2023-03-21 21:01:08,False,0.5109,0.001517,50.0,0.0758,0xf2...0b57,https://bscscan.com/tx/0xdab056fe9eecb5a7ce5eb02f275e4b13a862652d8f747fadf51eb1aaf5550d8f
2023-03-21 21:00:35,True,0.5136,0.001524,19.3711,0.0295,0x29...9a08,https://bscscan.com/tx/0x758fd8245beb2b3751159e2b642dfac13acd5579a2072dfd382bbff96e28cae5
2023-03-21 20:59:50,False,0.5136,0.001517,30.1129,0.0456,0x5c...be56,https://bscscan.com/tx/0xb9c2d680b79a7a67f16757b8adadd92e331ce52d008b205b2fbd64d0a15ab82a
2023-03-21 20:57:50,False,0.5111,0.001517,7055.52,10.7061,0x62...1f10,https://bscscan.com/tx/0x656699595e3d94fe14269c0c5e87931d6fc423e7418a45e8d0a975594f792686
2023-03-21 20:57:38,False,0.5138,0.001517,13.0,0.0197,0x5c...be56,https://bscscan.com/tx/0x6942adfd22399c77f7772b82e426a0af2b097a5f1bd5d047941c345cf0979cae
2023-03-21 20:54:56,False,0.5118,0.001517,42.0002,0.0637,0x84...3bab,https://bscscan.com/tx/0xf37b886fbc35f4eacc41fb263d998e09b4476acfe9da6d266d3a315585e5f621
2023-03-21 20:48:14,False,0.5138,0.001517,6.04585,0.0091,0x17...4721,https://bscscan.com/tx/0x47c59e09c08a98448c0ac31549101b721299c35a7368305de2672b563b095e15
2023-03-21 20:46:20,True,0.5165,0.001525,3558.31,5.42731,0xd3...ec6f,https://bscscan.com/tx/0xa4a5ba5e3153ca17d917bc6f2ff7fba6bdd9e18f2ffde4073a0a56f4b2667abe
2023-03-21 20:42:23,True,0.514,0.001525,3.40144,0.0051,0xd3...ec6f,https://bscscan.com/tx/0x7a9befbbc09f324b967d51605e544bfc11f7fbbfff46a7a4ec117f598d27f113
2023-03-21 20:42:20,True,0.5139,0.001524,2721.46,4.14981,0xd3...ec6f,https://bscscan.com/tx/0x67ed298585498fe253ba00c596082e14bba02f67ce0e50b081f7a6616e4ca357
2023-03-21 20:36:56,True,0.5165,0.001525,19.4944,0.0297,0xd0...62c7,https://bscscan.com/tx/0x6a23f4cb4c496ec570753e42d2ad19f36104676f812151210c1b97a9f55e3658
2023-03-21 20:36:28,False,0.5113,0.001517,7821.93,11.8702,0x15...90fa,https://bscscan.com/tx/0x5621c07cf15cb8997268a96b3dbb89d12fde35f1caf6cd0749fecc8e0e08f79f
2023-03-21 20:35:25,False,0.514,0.001518,51.0739,0.0775,0x84...3bab,https://bscscan.com/tx/0xe746d604f79cfb6f45f6a107d51b309df3af2578c77d9b74f6e4ef03afa17c69
2023-03-21 20:26:28,False,0.5135,0.001518,12.3369,0.0187,0xfb...0819,https://bscscan.com/tx/0xbfc9f56d43cc8cc3418006dd36865c4d11a4cbf50539324bff78dbd2e1786e29
2023-03-21 20:13:10,False,0.5132,0.001518,7.736,0.0117,0xb8...51a2,https://bscscan.com/tx/0x9955853cd2187176fd993cb6d1f48140cb5a3a0999701ba4b0f1aa0f16705e83
2023-03-21 20:09:07,False,0.5127,0.001518,40.6634,0.0617,0xdb...4129,https://bscscan.com/tx/0x0064c334f83969340ec66f93a06baf1149b2a7c20592d735e40a7253f9533253
2023-03-21 20:06:11,False,0.5096,0.001518,100.0,0.1518,0xa7...3a9e,https://bscscan.com/tx/0x49a12554402dc94557169c4871e51149a2d49f990dd4389fb3f0bc7638c8d479
2023-03-21 19:56:08,False,0.5094,0.001518,33.7901,0.0513,0x7a...5ae0,https://bscscan.com/tx/0x5262f4b7429cff3b50d5ddf122d960727d57f06413c2273c92f58e902cee6c8f
2023-03-21 19:55:11,True,0.5119,0.001525,23.0,0.035,0xee...8089,https://bscscan.com/tx/0xa3a981b872e6c5f15a22fd9f5639afff452d4cd6a425d48aecb74e9c196505fb
2023-03-21 19:54:02,True,0.512,0.001525,153.394,0.234,0xd3...ec6f,https://bscscan.com/tx/0x6c214b522ae2264ccdaf916018bd1db5d332599fb206db06daab6e1a433fcb97
2023-03-21 19:53:56,True,0.5119,0.001525,1515.7,2.31232,0xd3...ec6f,https://bscscan.com/tx/0x192bd000de0543eb1c8b080ba007102d85bddfa97ec686c434fa9c8e068f511f
2023-03-21 19:53:53,True,0.5119,0.001525,1515.7,2.31203,0xd3...ec6f,https://bscscan.com/tx/0x29584a043df2731a585c953d4f8936ea16ba65de045f5a194348a095ac8295b7
2023-03-21 19:53:47,True,0.5143,0.001525,3278.52,5.0,0x8b...88f6,https://bscscan.com/tx/0x94ddd1f9d80e0e661f1a69a17630b92af2b6e1f7fd0077f03f7c9ab9b2b388d6
2023-03-21 19:53:41,True,0.5142,0.001524,2798.48,4.26682,0x62...1f10,https://bscscan.com/tx/0x6e6461e6c3b32e1f8a1ea7bd681f4493e92ca2d291b08bf825e8995b99f0bf8a
2023-03-21 19:53:38,True,0.5141,0.001524,1986.5,3.0282,0xd3...ec6f,https://bscscan.com/tx/0x21f2cd283dc1d239fe22100fac777e99e68b1bc09efd66035a45c345bf2411b5
2023-03-21 19:53:20,True,0.5115,0.001524,31.0521,0.0473,0x7a...0805,https://bscscan.com/tx/0xce372c3ebf0f0dd1e490c06366c551cd2cbb44a9d5c6e99bf84743c866d686b7
2023-03-21 19:53:17,True,0.514,0.001524,2017.83,3.07544,0xd3...ec6f,https://bscscan.com/tx/0x8894de7d754cb750d24807399ab5b86fe868786fb89a2193e49bd4cf34fee436
2023-03-21 19:53:14,True,0.5139,0.001524,2.57203,0.0039,0xd3...ec6f,https://bscscan.com/tx/0x1168b8b331f2c36a51588adf3674926d86d981e252e68ce953ee2bffdfa16a40
2023-03-21 19:53:11,True,0.5139,0.001523,2057.8,3.13583,0xd3...ec6f,https://bscscan.com/tx/0xb9305ea152867f28d4731d7d0af8d8b64f8d2f84057d9d0bc58eed31e9999bf4
2023-03-21 19:53:08,True,0.5138,0.001523,1791.9,2.73019,0xd3...ec6f,https://bscscan.com/tx/0xfd46497a5f63840d039d5b62c37ba4794152fe4dde1fb5c2f31b349cad82232c
2023-03-21 19:52:50,True,0.5112,0.001523,5.0,0.0076,0x60...7f32,https://bscscan.com/tx/0xa585e19fa11d25ea5fc6b754c17315bc98a446613edd374c78e02046bb72020d
2023-03-21 19:52:02,True,0.5115,0.001524,15.6074,0.0237,0x67...6e26,https://bscscan.com/tx/0x277244e999377d22b4f96fcb3aa752f789136c8436ee0601b8f6b0d3d03409b4
2023-03-21 19:51:05,True,0.5112,0.001524,9.75463,0.0148,0xac...35af,https://bscscan.com/tx/0x98c9d4fe5d7126d6cfb0e870bbc6f9e4198f0c7174e29ec232737552fc6b251b
2023-03-21 19:47:41,False,0.5085,0.001515,42.8378,0.0649,0xf2...0b57,https://bscscan.com/tx/0x89012b2ee3dc2050f77066670b6ead9cb8de326351cd38be6e832b74af16f0e6
2023-03-21 19:46:35,True,0.5137,0.001523,1132.0,1.72454,0xd3...ec6f,https://bscscan.com/tx/0x2fd397b6c0ba84cdf12dee2f313bf43a9cf458a13bd7601639b2ebdc539a1ea4
2023-03-21 19:46:26,True,0.5111,0.001523,797.5,1.21485,0xd3...ec6f,https://bscscan.com/tx/0xd67a7b2d69904ad102ebb3d99706331fb4709e939863ca17523231ce646f4fdd
2023-03-21 19:42:08,True,0.5112,0.001523,978.525,1.4905,0xed...4f31,https://bscscan.com/tx/0xa6f448ca03329a42b5db31c4a64d524cf62b803ae7a52747ebc6ac48ce038716
2023-03-21 19:36:56,False,0.5111,0.001515,472.0,0.7153,0x27...557d,https://bscscan.com/tx/0x81ad72c49bb3b3ea0963bcdfe79d45d29563da7a4742f4d6ca8545475042d35b
2023-03-21 19:32:47,False,0.5107,0.001515,3578.27,5.42404,0xd3...ec6f,https://bscscan.com/tx/0x8b81a0833aac74946bc59901937ec0b2fd4f5b4ecccc88ff2804c84e23277189
2023-03-21 19:31:26,False,0.5083,0.001516,3578.09,5.42538,0xd3...ec6f,https://bscscan.com/tx/0xb7dafc68b4b38f0f597f8d9b4c6d93abcb2227b50800e7719972694e124d05d2
2023-03-21 19:30:50,False,0.5111,0.001516,4143.79,6.28516,0xd3...ec6f,https://bscscan.com/tx/0x4b4db1ed4dd8b28c4cfb7b8d5e06613730eec34ea00df832f20817f24da0bb49
2023-03-21 19:21:48,False,0.5115,0.001517,6.0,0.0091,0x31...c459,https://bscscan.com/tx/0xa5b776a654d5d8e02a1a2d0f2cce4d9075e39d84d9467078b80db0a3022be386
2023-03-21 19:20:27,False,0.5115,0.001517,90.3719,0.1371,0xc0...95f3,https://bscscan.com/tx/0x0180da2148388819a81237011f48232d605db6882645edb28e7a7b77c72fbb0d
2023-03-21 19:18:57,False,0.509,0.001517,2174.0,3.29834,0x43...fe22,https://bscscan.com/tx/0x5c0bae68bfe21d6eb626b2b50c160a3c5d3a4984f368833597b7d841d5300b38
2023-03-21 19:18:57,False,0.5091,0.001517,2173.03,3.29746,0xd3...ec6f,https://bscscan.com/tx/0x9a2c66708ebb063fa75ad5e4a04ef01b134268fc7a7cb2c096869554ab04e7da
2023-03-21 19:18:51,False,0.5092,0.001517,3.28454,0.0049,0xd3...ec6f,https://bscscan.com/tx/0xd46ce3769ce743edcbf9629cabe413ab65d3c53822404a1edd0236f606f5f33e
2023-03-21 19:18:36,False,0.5092,0.001517,2901.09,4.40319,0xd3...ec6f,https://bscscan.com/tx/0x2c586ccd1ab968346aa091503109e56a45bb05a2d1e5f17154c7504267bc5a4b
2023-03-21 19:18:18,True,0.5141,0.001525,30.0,0.0457,0x01...7744,https://bscscan.com/tx/0xd4b3b3fd81cd77c0d84d7d9d38850f01e66657fedf42349326d6501d0d5c79f4
2023-03-21 19:17:39,False,0.5115,0.001517,2.35556,0.0035,0x31...c459,https://bscscan.com/tx/0xe25533cdab1b7862741bbb5a0692a87dbb07bec47ee86ee0a4098f2a310e8d34
2023-03-21 19:17:00,False,0.509,0.001517,19.646,0.0298,0xc0...95f3,https://bscscan.com/tx/0xd737414a9bf126da55c77414fcbe81925288b74fe44a665aff95c7c60a0289f6
2023-03-21 19:16:08,False,0.509,0.001518,1130.0,1.71536,0xc0...5bf4,https://bscscan.com/tx/0x87efa8e88c36fc686055c3eea3c7423618997e5eb707522293cec54b12ea3c1e
2023-03-21 18:59:29,False,0.5117,0.001518,5.71,0.0086,0x94...34d1,https://bscscan.com/tx/0xcadb7e50777e1f43169351efd015d783b01033dab1a7b9d056f4e8fafa4af43f
2023-03-21 18:55:01,False,0.5116,0.001518,10.0,0.0151,0xd6...d493,https://bscscan.com/tx/0x5086f64f5bcadd307c08caa9c1f4f46d08e872fae48693fd9298ed540371348a
2023-03-21 18:53:25,False,0.5122,0.001518,1170.81,1.77748,0xd3...ec6f,https://bscscan.com/tx/0x8a496e7586b91b49fb97ab4407de835c3800bf92536a26d4338de171bb380c1b
2023-03-21 18:53:22,False,0.5122,0.001518,0.9766,0.0014,0xd3...ec6f,https://bscscan.com/tx/0x8fd407131acfd8bf3ea78ce8fbe97547e940ed826a3766ffe93a0913d265a81a
2023-03-21 18:53:19,False,0.5123,0.001518,781.28,1.18621,0xd3...ec6f,https://bscscan.com/tx/0xae0c894370eaf5a5a33e02d531a8516d6badffc5bae9d378c4b0e3ad30dea514
2023-03-21 18:53:16,False,0.5123,0.001518,781.321,1.18635,0xd3...ec6f,https://bscscan.com/tx/0x7937409ed26f7734fd7e358be0b990b66a1dd9e0176ccc886d18785a07e7a356
2023-03-21 18:53:13,False,0.5122,0.001518,781.271,1.18635,0xd3...ec6f,https://bscscan.com/tx/0x30c8f32ba332a68a70fd8bf80b44e37f6aaf307897ce304f856715c85a388bfd
2023-03-21 18:53:10,False,0.5122,0.001518,873.846,1.32702,0xd3...ec6f,https://bscscan.com/tx/0x872a573b0a0204f113a7e4f7685a6c61a3733a7b58f278e7f7d4bca332138b47
2023-03-21 18:53:07,False,0.5122,0.001518,873.846,1.32702,0x39...ecfe,https://bscscan.com/tx/0x872a573b0a0204f113a7e4f7685a6c61a3733a7b58f278e7f7d4bca332138b47
2023-03-21 18:52:34,False,0.5123,0.001518,1052.1,1.59784,0xca...34d7,https://bscscan.com/tx/0xd6f79c9d0402fd7bea0379b5745605b03dfba2b11e29121eebbc5a2811cfc48e
2023-03-21 18:52:34,False,0.5123,0.001518,0.6991,0.001,0xd3...ec6f,https://bscscan.com/tx/0xe62e97fa15b6c6a4df13b50c37f98b656506ed008cf3713b5cfa7df92e12905c
2023-03-21 18:52:31,False,0.5123,0.001518,559.289,0.8494,0xd3...ec6f,https://bscscan.com/tx/0xcea4d37be98f4bfab5e3b75133a428a2db27a4785cf9e9883bb90906302e2702
2023-03-21 18:49:49,True,0.5162,0.001527,57.5395,0.0878,0xe2...5fb7,https://bscscan.com/tx/0x1f96bc1de2149606592de20b51d1a63adfba2b78b8df2ad00d1b150c1a8fcc4c
2023-03-21 18:49:46,True,0.5159,0.001526,47.0,0.0717,0x17...20f4,https://bscscan.com/tx/0xac35cd64eef3193768db9adf1c001967197e13ca636a56e429812acc9ebfd6bb
2023-03-21 18:47:58,False,0.5135,0.001518,1015.1,1.54184,0x2c...015a,https://bscscan.com/tx/0x706eeaf21746db0da64d726c0609caea50e31136c1d2532930af2fa96e957902
2023-03-21 18:47:22,False,0.511,0.001519,1143.9,1.73763,0xaf...847e,https://bscscan.com/tx/0x63e4b5f94aaf6168b4a85e7d63062b85e83d683a5f953ca0b44d4920ee5984d4
2023-03-21 18:47:19,False,0.511,0.001519,1.30386,0.0019,0xd3...ec6f,https://bscscan.com/tx/0xe64f603fac7d447ec119c1dabc23cc04733dce08fe1d9a3b56524b1d4a517be7
2023-03-21 18:47:16,False,0.511,0.001519,1043.09,1.58464,0xd3...ec6f,https://bscscan.com/tx/0x11df9aca6b3ef00388c7f8fc7c4ae0b0918c34f0ed9a12eddcb5ea2f0a7b7333
2023-03-21 18:47:10,False,0.5111,0.001519,890.919,1.35357,0xd3...ec6f,https://bscscan.com/tx/0x9ee70a95bd6c5722ab644506082ffd49c5e358d85412edea2292575bd9e2ff9f
2023-03-21 18:47:10,False,0.5112,0.001519,649.8,0.9873,0x34...7c76,https://bscscan.com/tx/0x162c3a9db262fd94f9a236c54b828ac18859263444bf5ca2403066aabda06f72
2023-03-21 18:46:28,False,0.5137,0.001519,459.851,0.6987,0xd3...ec6f,https://bscscan.com/tx/0x67e7f1355977a14a9df7123680701bab2d26e62c6ed8b5b41d656c03b99604c8
2023-03-21 18:46:25,False,0.5137,0.001519,558.3,0.8483,0x43...fe22,https://bscscan.com/tx/0x9ac1aaf3f6698574221776ef133fc6a2b1af13d65d163a6c1d442944841b8d29
2023-03-21 18:45:07,False,0.5113,0.001519,976.023,1.48319,0xd3...ec6f,https://bscscan.com/tx/0x81063658b6752e56dcf24aaa1c8f06e158d839adebbe013ef60b0b2fdc96c146
2023-03-21 18:45:04,False,0.5113,0.001519,1076.7,1.63632,0x9d...6dab,https://bscscan.com/tx/0x7039b26b24b6f046315c6af1e65d73dafa6d30b5a535aabfecacce70dc5967e9
2023-03-21 18:44:52,False,0.5112,0.001519,1060.24,1.61146,0xd3...ec6f,https://bscscan.com/tx/0x7be70e542001ec03ec0c93a8efb81bbd22c927acb4f0d3c38ea9760afa02896c
2023-03-21 18:44:49,False,0.5113,0.00152,5421.25,8.24195,0xd3...ec6f,https://bscscan.com/tx/0x2d01ebec047cd7e965b3421c81b1d48590a74376f39b0ed5a0988ce4d5604838
2023-03-21 18:44:46,False,0.5114,0.00152,1366.8,2.07854,0x34...7c76,https://bscscan.com/tx/0x8ed8359df1d0909a2d660ae0b63d7eefeb6ffdc86d1868825efdcb5715b1b0e9
2023-03-21 18:44:46,False,0.5115,0.00152,49.8043,0.0757,0xd3...ec6f,https://bscscan.com/tx/0xa8db6c22df310173d9160f5f4bc77af1180a83bb5ec013db94782677357614e6
2023-03-21 18:44:46,False,0.5115,0.001521,2350.98,3.57579,0x00...78d2,https://bscscan.com/tx/0x562c25b6574efbfe16986166e0bc56fe3780f2ff8d22bff9dcb63d4a4c7ac982
2023-03-21 18:42:46,False,0.5118,0.001521,2837.89,4.31729,0xd3...ec6f,https://bscscan.com/tx/0xf8ede574faa4fd1f7843a1f21a3449463bb5a8bf6045bc780e1c660906105bc5
2023-03-21 18:42:43,False,0.5119,0.001521,2837.22,4.31729,0xd3...ec6f,https://bscscan.com/tx/0xf8aa7ca248fbb25ec16c82a73c57df54f690cfba7e5b60107ef772e8c0613084
2023-03-21 18:42:40,False,0.512,0.001522,2837.39,4.31857,0xd3...ec6f,https://bscscan.com/tx/0x3c105f61c0233de7e3e29558ef653dd963bbe8b050e4e32fae9ba33f62d7729b
2023-03-21 18:42:31,False,0.5121,0.001522,2654.03,4.04041,0xd3...ec6f,https://bscscan.com/tx/0x8c04b8311d8d305ed9ef6e77de5e224675e0f81559955ed3b1dadcb77fc5e0bf
2023-03-21 18:42:01,False,0.5122,0.001522,699.5,1.06505,0xa0...cc8d,https://bscscan.com/tx/0x550830a576114c9b7705a2f8f928e2b0592951e2c9a63be7841f1d46b3acd520
2023-03-21 18:41:58,False,0.5122,0.001522,293.773,0.4473,0xd3...ec6f,https://bscscan.com/tx/0xb741f1f84f2bea5126c41124f9520557868772689de419fcda87d18997f17af7
2023-03-21 18:37:40,False,0.5151,0.001522,9.19441,0.014,0x69...71a8,https://bscscan.com/tx/0xab14cb8d0196fbbbc1f6a0f3e9df6927b56eb89095ff77b964dd9fdbc566d21e
2023-03-21 18:37:31,False,0.5151,0.001522,45.6551,0.0695,0xcd...6be4,https://bscscan.com/tx/0xaee1174ba686095a9bdbc7b2876052b598b6b2ab3715ac817da68e7b3a2593b3
2023-03-21 18:09:52,False,0.5148,0.001522,2.03727,0.0031,0x97...2c91,https://bscscan.com/tx/0x6e15ca9f4c4b73e993c03e819831005e6c63f2c66397aa4d5a044d08bfe532b8
2023-03-21 18:09:25,False,0.5124,0.001522,186.302,0.2836,0xb2...6c8d,https://bscscan.com/tx/0x7bff443e57e87a5226677545eb35a8c2c5e74605e8056d8990f01b8ca0c9a52c
2023-03-21 18:05:18,False,0.5137,0.001522,155.623,0.2369,0xb2...6c8d,https://bscscan.com/tx/0xe4a0b15d9dc81a821d0736a3d6e1e1d8bd46d17430f34dc4bba4886a5290bedc
2023-03-21 18:04:43,False,0.5163,0.001522,32.8361,0.05,0xb2...6c8d,https://bscscan.com/tx/0x2339ce49659c03773f19c78172fe5df7de02a15bc53ff5f45fe2d16be0d80b50
2023-03-21 18:00:24,False,0.5137,0.001522,30.7428,0.0468,0x0e...4fe0,https://bscscan.com/tx/0xed46f83d88d28515faaeebf9280d109985cedb5817d38705f73695992c73eaf9
2023-03-21 18:00:21,True,0.5163,0.00153,0.0283,4.335e-06,0x8b...6566,https://bscscan.com/tx/0x1e774e22e34cb07f04b70c567be426fef56c4035daab05646c0bc5135981077e
2023-03-21 17:59:21,True,0.5193,0.00153,3027.7,4.6329,0xd3...ec6f,https://bscscan.com/tx/0xc36ea7649a8f140bc5a28b11110d9e7de6e9bd3c5b7f5a050a38367ca6b988db
2023-03-21 17:59:15,True,0.5193,0.00153,122.255,0.187,0xd3...ec6f,https://bscscan.com/tx/0xda76399e62eb7d350e8cefde287d5ce3618ee20dba2a0b0b217b11004845e678
2023-03-21 17:59:12,True,0.5192,0.001529,3084.8,4.71902,0xd3...ec6f,https://bscscan.com/tx/0xd29f6d0cd7beb059afb6a5f7f478c08b19c7ba738e013675f649407cd651d8d5
2023-03-21 17:49:01,False,0.5161,0.001521,1.37477,0.002,0x06...84bb,https://bscscan.com/tx/0x983f611f3fa92698e7b67b8512148d56eac94da5d9ecb2ac9c7a08b96ba06db1
2023-03-21 17:45:18,True,0.5166,0.00153,323.871,0.4956,0x04...e119,https://bscscan.com/tx/0xfc30ca67ef3720796802f5781386aa6899c8664b6f4c27725b9053e4e3c9459a
2023-03-21 17:41:00,False,0.5142,0.001521,21.0359,0.032,0xe0...3b2b,https://bscscan.com/tx/0x7ff75cb07a77ba455c9885a19a53c8060e200a3a51a55ab047a4e6768caae8af
2023-03-21 17:36:15,True,0.5181,0.001529,93.0,0.1422,0xe7...81bb,https://bscscan.com/tx/0x262cbceefb9da131cb26f0373a7de92b4cc91c33d8a4c6981fd02cbefb3e2cab
2023-03-21 17:31:18,False,0.5142,0.001521,248.07,0.3775,0x60...4b87,https://bscscan.com/tx/0x602ce66cadbbb8adb701da6045d6f53bf598ac275a2a82ab114be3ea51bcd86b
2023-03-21 17:27:15,False,0.5155,0.001522,6524.0,9.93165,0x1c...ef40,https://bscscan.com/tx/0xfb9b63f01cc21296f342e0f22bcb2ddfe0933061a28dd7b7411b06fd00979f30
2023-03-21 17:17:45,True,0.5147,0.00153,9.0,0.0137,0x8e...d303,https://bscscan.com/tx/0xbfc541a88267018c113b52691e83b2578cd6dfa6c7016c97c0fbbd373a0071db
2023-03-21 17:17:21,True,0.5172,0.00153,5.8257,0.0089,0x8e...d303,https://bscscan.com/tx/0xe340db3a9c67cccb754b744239155dce4a9e0aafe2d6a4c6fc5182a0e5ef1174
2023-03-21 17:13:08,False,0.5118,0.001522,32.646,0.0497,0x6f...a215,https://bscscan.com/tx/0xab100305e8f1367a0ba62d5445926196e4d217bfe193c306884e11cdd0ac0a63
2023-03-21 17:10:56,False,0.5114,0.001522,109.563,0.1668,0x21...96f7,https://bscscan.com/tx/0x856c35248d164999253c478af9b1c937a7fe8a5b3dc075cbee91a960c43102c3
2023-03-21 16:57:44,False,0.5119,0.001523,3143.63,4.7876,0x3f...573a,https://bscscan.com/tx/0x1e31da589076f146c01d2c0285b8114c9fa63784a4bd8685d5349d87f7b64575
2023-03-21 16:57:44,False,0.512,0.001523,3148.57,4.79638,0x91...79fe,https://bscscan.com/tx/0xdd9eb17f1d5ce64edaf4274064cc0985690fb333a7ab55f7665c7774beb54a7d
2023-03-21 16:57:29,False,0.5146,0.001523,19.2355,0.0293,0xe1...2cc9,https://bscscan.com/tx/0xc171a238b386796dad2f87ac360882571f22c1f500ed8db0687b95425c3b6120
2023-03-21 16:56:44,False,0.5143,0.001523,456.11,0.6949,0x49...29d5,https://bscscan.com/tx/0x41d6bbe9ce57d6f7acc533adaa27624da9f6a4cbcf497b85252816ea47173c73
2023-03-21 16:56:02,False,0.5118,0.001523,2.0,0.003,0x7a...492e,https://bscscan.com/tx/0xba74b4f06dd3ba0ecb78ebbe7c485635dbfdcca33a0e12fb2050a9d857d910f6
2023-03-21 16:55:50,False,0.5119,0.001524,12023.9,18.329,0xf2...bfcf,https://bscscan.com/tx/0x6ef67e496871b9348a4b59616b491219026dbf9a641616bd521eaf8a4150bc0e
2023-03-21 16:54:11,False,0.5119,0.001524,250.0,0.3811,0x74...9267,https://bscscan.com/tx/0x9c85d58d8b58407e404f0f975472b738427d929a933101460fab71bb57956e29
2023-03-21 16:53:20,False,0.5147,0.001525,29.7639,0.0454,0x57...7fad,https://bscscan.com/tx/0x9fa7910289cbb92eb6d80005b5358b3cc30f209ee461a5b35bf5a0159208be00
2023-03-21 16:52:20,False,0.5118,0.001525,2.00522,0.003,0x8b...c47f,https://bscscan.com/tx/0xf5d3bca779832c21b97f0d4e1a2c32dede50a0e399ecd07f274966121e86093a
2023-03-21 16:52:17,False,0.5118,0.001525,163.137,0.2488,0xed...0aa2,https://bscscan.com/tx/0x9700e645f18348f8c3117bc83c0b4b32966bfef680aebbb59fe19f89c5049f06
2023-03-21 16:51:26,False,0.5119,0.001525,195.268,0.2978,0x8b...c47f,https://bscscan.com/tx/0x7d4211e468c892d80ee15b5528cb312fdcd8c7f56c55e5580d75b7ff87154ce8
2023-03-21 16:40:02,True,0.515,0.001532,90.0012,0.1379,0xec...9221,https://bscscan.com/tx/0x2451fb3bfee3b566057d4eaef65d09fe6da675c4a573b602cde306109652f782
2023-03-21 16:39:35,False,0.5124,0.001525,26.2259,0.04,0x02...f2c0,https://bscscan.com/tx/0x45c7dbe1ffcc7023d861957f55fb124681bc5a43e0d6859a8f9fb2a0c8520e11
2023-03-21 16:39:14,False,0.515,0.001525,60.4261,0.0921,0x02...f2c0,https://bscscan.com/tx/0xc9ce4208008617bc939d60e76ae8efd2b217258752f693ab11ae343094202ff7
2023-03-21 16:37:35,False,0.5125,0.001525,6476.0,9.88,0x1c...ef40,https://bscscan.com/tx/0xacaeccdabcd6680deca222ddda6a0671e994c3769dbf675dd9012da0e2fb70cd
2023-03-21 16:34:53,False,0.5158,0.001527,22730.7,34.7209,0xda...6e1f,https://bscscan.com/tx/0x61053a5a9e8e4463cfbf7a20fe22ba8de8c256a20edc1dafd21ad5a905321000
2023-03-21 16:34:53,False,0.5163,0.001529,2506.08,3.83204,0x2f...e155,https://bscscan.com/tx/0x0fa07c5711a21a82042e2194ffc39181e6f8761f66852ae85bd617fe45a3cca1
2023-03-21 16:34:41,False,0.5138,0.001529,1986.24,3.03772,0xd3...ec6f,https://bscscan.com/tx/0xf108e5313c8318582b90318f01afe35c0ce98322041733892caa3becb8d73a35
2023-03-21 16:33:36,False,0.5133,0.00153,10460.4,16.0063,0xf2...bfcf,https://bscscan.com/tx/0xc2ead0527781bf811c5b8ef6d5e31be6ea224e79362f3b3ff43f5e7338ac8050
2023-03-21 16:33:27,False,0.5163,0.001531,1800.97,2.75722,0x62...1f10,https://bscscan.com/tx/0xd9a62dd02e112bd6c7f140053e6bdb7696ca070099518e1deccef9c08f9b6bfa
2023-03-21 16:33:18,False,0.5137,0.001531,1986.03,3.04102,0xd3...ec6f,https://bscscan.com/tx/0x810af2355f171fe0550b587ee6ae9ec31830c76fbc7d3cc00ab15ad3a7d58cfb
2023-03-21 16:33:12,False,0.5138,0.001531,2084.57,3.19244,0xd3...ec6f,https://bscscan.com/tx/0x752d8a564d2559a64ab8dec5368f144d1c3ae57470f63c2ac9be51f73c88415b
2023-03-21 16:30:09,False,0.5137,0.001532,6476.84,9.9226,0x1c...ef40,https://bscscan.com/tx/0xac2e65ffa424ca0e86c4ed8166e98981536f333097f2433a7b7ae8966f60e348
2023-03-21 16:26:18,True,0.5161,0.00154,38.5209,0.0593,0x5d...3f72,https://bscscan.com/tx/0xb2f4880d28dc2460ef0d621f39d3df509ace0f37103a4e7b5c8059ac83a35869
2023-03-21 16:24:48,False,0.5155,0.001532,29.1813,0.0447,0x60...e9ba,https://bscscan.com/tx/0x5551dbef5775d5fccd583ae77c1e2202149453575c961c1b5f4ffb94f7097715
2023-03-21 16:21:33,False,0.5152,0.001531,48.0,0.0735,0x56...4664,https://bscscan.com/tx/0x85de3a14ab809cbfa76ca8914fe1e120e80601991e8c39d4156e524285c65bb5
2023-03-21 16:21:00,True,0.5161,0.00154,194.791,0.3,0x82...c8d8,https://bscscan.com/tx/0x38a9f380793ec980ca307e5149fa28274f6abe3ab842735285b04eb22be04876
2023-03-21 16:19:30,False,0.5133,0.001532,1280.78,1.96278,0x62...1f10,https://bscscan.com/tx/0x8b4bc6f0a3e48cf76caa8d91c77fac65e50d51583f25bffe80391045f3ca7c03
2023-03-21 16:18:42,False,0.5157,0.001531,239.562,0.3669,0x5c...4731,https://bscscan.com/tx/0x8cf00e1fe1d4484dd90860fc239dbb20fc2d7449a7ff3174a46485090e90ee8b
2023-03-21 16:05:15,False,0.5131,0.001532,368.94,0.5654,0xc5...775c,https://bscscan.com/tx/0x7ee675d8c8875fabef06457fc07ffe5cb4fa4cd1a28fe2db8b550be5a64cfcdf
2023-03-21 15:53:16,True,0.5158,0.00154,75.9999,0.117,0x32...ac30,https://bscscan.com/tx/0x198cae69d14a21b906e64e9af5b912ac0806265e6a1eb3e64c9279da1bef82f4
2023-03-21 15:47:57,True,0.5161,0.00154,2314.02,3.56401,0x00...78d2,https://bscscan.com/tx/0xa5487a9997a35f79f23c120b7817a0aea34e75a7e6a7955c66e517f24b40cdca
2023-03-21 15:47:42,True,0.516,0.00154,1220.2,1.87905,0x8b...88f6,https://bscscan.com/tx/0x0619e1f3ab11cbe77646736dc765a0ed00bcd82da00d145cec824f6ac761e2e8
2023-03-21 15:47:33,True,0.5159,0.001539,1861.55,2.86633,0x62...1f10,https://bscscan.com/tx/0x1afc6d050d380472cdfe37616238cf00908c014f4b26102a01c20bd931472a50
2023-03-21 15:47:24,True,0.5158,0.001539,2314.71,3.56347,0x00...78d2,https://bscscan.com/tx/0xf2f31e05bc98d2f0e19542ff1cc0de5703d3535381aa272cbe0dd8ffe4b769fb
2023-03-21 15:46:54,True,0.5158,0.001539,1534.5,2.36196,0xca...34d7,https://bscscan.com/tx/0xa3d9d1b9b3fb9a250740b7b5fcbed636442bf195820b4cd40136e88f6063e8d9
2023-03-21 15:38:57,True,0.5179,0.001539,920.554,1.41681,0xd3...ec6f,https://bscscan.com/tx/0x8fefc1160e76e3b399e3c028c72e373bfbc34a263ff201f8cad1d3ef5b2f8245
2023-03-21 15:38:48,True,0.5178,0.001538,2506.08,3.8565,0x2f...e155,https://bscscan.com/tx/0x1ee466c2c3b183b30b3c0d75204a0bda92a010ae1c93e7ba74fac3da462f0e49
2023-03-21 15:38:48,True,0.5174,0.001537,15158.6,23.3097,0xd3...ec6f,https://bscscan.com/tx/0xe79d2f9de2944e0bd766e342cd22f955fd77e583d626e6898df4e0941170afb4
2023-03-21 15:38:48,True,0.517,0.001536,2322.98,3.56949,0x00...78d2,https://bscscan.com/tx/0xeec9147553a0db44e465989934d678626ea30048a1a5e6a436fd5e29b1e4827e
2023-03-21 15:38:09,True,0.5144,0.001536,211.702,0.3252,0x78...49de,https://bscscan.com/tx/0x7a27905b592b1f02f64133d32de7ed39b519ed08aca47afb1ba5a8815e74a35b
2023-03-21 15:36:30,True,0.5167,0.001536,762.797,1.17194,0xd3...ec6f,https://bscscan.com/tx/0xd3620b64563883abe80a94ff1e13ab6fa42c83c2f2bb568d24b44f4530aab169
2023-03-21 15:36:27,True,0.5167,0.001536,41.2546,0.0633,0xd3...ec6f,https://bscscan.com/tx/0xf75cc77eb55cd1ef90e7bd9d1d8211ede356354d8172cce53ced0aa4ddad0837
2023-03-21 15:36:24,True,0.5168,0.001536,763.7,1.17325,0xd3...ec6f,https://bscscan.com/tx/0xc28094eb27149f6b4ee8e618e36249f30694323147008682a014d1090d1bd869
2023-03-21 15:34:24,True,0.5168,0.001536,420.2,0.6455,0xd3...ec6f,https://bscscan.com/tx/0xd3920ac492d6dfdca38ce3393b9cacc2eff14f8af9b08d7b118e04b796ae004a
2023-03-21 15:34:21,True,0.517,0.001536,420.2,0.6454,0xd3...ec6f,https://bscscan.com/tx/0x8692e45219b840e4d4accbc34b9bd55e00e01c290d1c6ce1f4fd27d27677453d
2023-03-21 15:34:18,True,0.5169,0.001536,522.1,0.8019,0xd3...ec6f,https://bscscan.com/tx/0x3a445d76d54a717df275bef7b4b5a7a826bf33d11bee39b9442048dce50ff46b
2023-03-21 15:34:00,False,0.5115,0.001528,1024.87,1.56646,0x1b...5c50,https://bscscan.com/tx/0xae9cc18681079d42fe0b3eb1115fa9c999a4e79dec0b09c540d9858cd4d4f45a
2023-03-21 15:32:33,False,0.5139,0.001528,10.0,0.0152,0x53...d1df,https://bscscan.com/tx/0x2e2f1fae300a90c6ed3d370a11d03c368341a3615ea39df3043f05c1b4ffcc2e
2023-03-21 15:27:45,False,0.5141,0.001528,9.73229,0.0148,0xd3...ec6f,https://bscscan.com/tx/0xa4c5eae656efe000dd6d713a19832c4105995fcad83d5d57449f74aa643279dd
2023-03-21 15:27:42,False,0.5141,0.001528,3892.92,5.95133,0xd3...ec6f,https://bscscan.com/tx/0x0bda71b33af6e71c9484f1619bb47485a2abeede754852ca404367ea1fe673f2
2023-03-21 15:27:39,False,0.5142,0.001529,4.87065,0.0074,0xd3...ec6f,https://bscscan.com/tx/0xc74dbf5b4364e71dac87e91d18ca3fe39dc5e72097af893f915c63ab4b088773
2023-03-21 15:27:36,False,0.5143,0.001529,3896.52,5.95876,0xd3...ec6f,https://bscscan.com/tx/0xdacb706ae69adcf2362d96e9f663cfc86d9ce544cd2adf293a477348e353fb6e
2023-03-21 15:27:30,False,0.5145,0.001529,3579.07,5.47502,0xd3...ec6f,https://bscscan.com/tx/0xf02e83df0fd6fd8787b573f328be2e8bfb502c1254a9912ac47ee06c20da41ec
2023-03-21 15:27:27,False,0.5146,0.00153,3592.11,5.4966,0xd3...ec6f,https://bscscan.com/tx/0x300edc0ec7abc40512aa7001cc887f3ca04bf5bbf933223ad98ab212ab3025f1
2023-03-21 15:25:21,False,0.5159,0.00153,0.0162,2.48e-06,0xd3...ec6f,https://bscscan.com/tx/0xaa46a7e6331f824fc88ffee2c457f61fbfebfa925159597353328759d5d3470c
2023-03-21 15:25:21,False,0.5159,0.00153,1268.9,1.94205,0x82...2196,https://bscscan.com/tx/0x54f93788a02e985b90637aed849c64b801c3d362c842011ec1b6451fdf7f3cc8
2023-03-21 15:24:03,False,0.516,0.00153,2933.46,4.49045,0x0c...8533,https://bscscan.com/tx/0xf0ac37773d793dc35e34877aa12c2369cc065509eb2b400950899b9977dd2ff1
2023-03-21 15:24:03,False,0.5161,0.001531,1385.64,2.12148,0x62...1f10,https://bscscan.com/tx/0xdaa06f5d1796694d82568de1f418172daeaa473bcba9e5aad912e3f26aa86c4e
2023-03-21 15:23:42,False,0.5162,0.001531,2735.29,4.18857,0xd3...ec6f,https://bscscan.com/tx/0xf91cfebfacd7e78f8c42ca14322295d31019c54e5432e7e9b0b72fe380a8bc45
2023-03-21 15:23:24,False,0.5162,0.001531,11.0,0.0168,0xab...a476,https://bscscan.com/tx/0x57f6d3865ee9fd5abe990afc6a6ab2d11a829e0f1ebe3f094fad7873f4b7ce99
2023-03-21 15:22:09,False,0.5166,0.001532,20420.8,31.3009,0x0c...8533,https://bscscan.com/tx/0x87de317aee59dca7fecfdb2b1f36fdc7031bfd2a5ab9d8a053c90dbcf1faebc2
2023-03-21 15:22:09,False,0.5171,0.001534,1832.7,2.81176,0xa0...cc8d,https://bscscan.com/tx/0x032fb1fa4c9144e684d68c2da22457db2bcbc2fe1d999b049ff7d433fb45379f
2023-03-21 15:22:09,False,0.5172,0.001534,1561.08,2.39537,0xd3...ec6f,https://bscscan.com/tx/0xc4233ec7fe36a63d6b6a9beda2f3d2acd4b5771f0dc4ed7202800351dae8cee1
2023-03-21 15:20:54,False,0.5151,0.001535,10906.2,16.7435,0x27...b6f2,https://bscscan.com/tx/0xe952f311b18956f920b4e85d4a6db69c434913ddcfa208043bba4bca60162d81
2023-03-21 15:17:30,False,0.5182,0.001536,7133.35,10.9596,0x11...a5bc,https://bscscan.com/tx/0x8a945613df3a47515d3261fe3c8fb840d471d9a317f95ab02f65bb5ced1bc475
2023-03-21 15:14:33,False,0.5188,0.001536,57.4192,0.0882,0x75...8356,https://bscscan.com/tx/0x7fca6e93a0bce964fbcea78ee8eba2e1ee6e21aeb949e6c3c951996cdc44ead1
2023-03-21 15:14:03,True,0.5189,0.001544,40.0,0.0617,0x2c...388e,https://bscscan.com/tx/0xd54bd73d82992389b7ec406bb3c8327f557d0629df40a0c75bde33bbd9338245
2023-03-21 15:11:48,False,0.5161,0.001536,106.437,0.1635,0xe1...2cc9,https://bscscan.com/tx/0x337430280574e7db5751d34e5459714c0a863e419bd81f2a2c1495f68ac8cfdf
2023-03-21 15:09:15,True,0.5214,0.001544,1172.3,1.81062,0x05...7eea,https://bscscan.com/tx/0xcec63bde9ed7d0cac89c8fd24dc20e4f6e8305150d5acbac1cc0d95233b1ccd5
2023-03-21 15:09:00,True,0.5187,0.001544,2310.26,3.56767,0x00...78d2,https://bscscan.com/tx/0xb20f82a65554e22c4b788f07e2100519fb21ee597ea185a1751b7c981f6b1269
2023-03-21 15:07:30,False,0.5186,0.001536,88.57,0.136,0x33...8082,https://bscscan.com/tx/0xe8c30241971914a77b4a1ac7946b25650dda0d30852911328820a306099a7624
2023-03-21 15:07:18,True,0.5187,0.001544,480.091,0.7413,0x62...1f10,https://bscscan.com/tx/0x27da84b8ad67ba86dcdd497d978c6f094f9a210afbd1403b220d358e8efc3e94
2023-03-21 15:05:33,False,0.5162,0.001536,4.0,0.0061,0xe1...2cc9,https://bscscan.com/tx/0x8edd132f4b5404f329ad6b20f0955a11bb7b617d2399b535f6b0d649a5375a7e
2023-03-21 15:04:21,True,0.5219,0.001543,2253.8,3.47971,0x18...a4ab,https://bscscan.com/tx/0x8be10cd37f0a109f240a03009bceb3bdbd47fa774f5d4ade8d9e823eb4ed513f
2023-03-21 14:58:09,False,0.516,0.001536,138.899,0.2133,0xfa...537b,https://bscscan.com/tx/0xff3ee2a49b31fd1f4fef998b81e5f32abbc59fa10e786b477977fd7c52185dd5
2023-03-21 14:50:50,True,0.5204,0.001543,95.9829,0.1481,0xec...9221,https://bscscan.com/tx/0x5bf8d7e724cd15b080d41c67499e7178d085e88848a2f853c4eb195ce91f3e9b
2023-03-21 14:50:41,True,0.5206,0.001544,10.062,0.0155,0xde...367a,https://bscscan.com/tx/0xc0c4055c54e01cb1bf592a27a5d590037835b9b9afe2f3b98959a3cfeff8fbe2
2023-03-21 14:49:44,True,0.5178,0.001543,2241.8,3.46054,0x00...78d2,https://bscscan.com/tx/0x35bac7064e8534e6ef45ebe7c9cbfdb390322a850a98f60d2db55619036e42e7
2023-03-21 14:49:41,False,0.5151,0.001535,26.4248,0.0405,0x54...92d7,https://bscscan.com/tx/0x0f82c329015a78d504af0c34b9a2632d8d5dcdd96120e3f1a159e9680fdd2e49
2023-03-21 14:49:38,True,0.5177,0.001543,74.8671,0.1155,0xc0...8173,https://bscscan.com/tx/0x842bc1867fa27c77d3de606869e54d1e2c7022535d37ccb9f6ae772afa4463a4
2023-03-21 14:49:02,True,0.5204,0.001543,222.062,0.3427,0x62...1f10,https://bscscan.com/tx/0x78e8b07ada8755f604ffa57860b7f6a108ae0354f4e4e5b0c2da97a0423982e7
2023-03-21 14:48:17,False,0.5177,0.001535,2271.01,3.48805,0x6d...eae7,https://bscscan.com/tx/0x798950a9abd95d66de481572888fd5c260174ecc393633e95592d2a0ef6c806d
2023-03-21 14:47:59,False,0.5154,0.001536,46.8931,0.072,0x57...c678,https://bscscan.com/tx/0x04db1d3cd428a2a0786354e0b165cecffe6d5902676a7d6c7ddf834c803fc1e7
2023-03-21 14:45:35,True,0.5182,0.001543,678.3,1.0471,0x56...0086,https://bscscan.com/tx/0x22483b127381bd6799d2e2da8d768402c0c4ed86dbe0c8e97f0f8bfb45b738a1
2023-03-21 14:44:32,True,0.5212,0.001543,225.364,0.3478,0xed...4f31,https://bscscan.com/tx/0x654928d75a0c06722de72c914fe6f1522ddb2d47de952628fbaf51c04e21341f
2023-03-21 14:44:20,True,0.5185,0.001543,2305.13,3.55796,0x00...78d2,https://bscscan.com/tx/0xacb83bfb00232d4996498bb201ae539bbe94bd7982736a2c7350e7cd3c8d32c7
2023-03-21 14:44:14,True,0.5184,0.001543,2305.13,3.55728,0x00...78d2,https://bscscan.com/tx/0xc61f10a8ff2fced77de7cbfff86ff0140405b796182bcc30966e5cee52db4600
2023-03-21 14:44:11,True,0.5183,0.001542,2314.02,3.57031,0x00...78d2,https://bscscan.com/tx/0x6075c57a1f33bcbc82f60b2e7c7ede5df2abbdc4efed933be62139d36755c450
2023-03-21 14:40:11,True,0.5214,0.001542,920.6,1.4202,0xc1...b919,https://bscscan.com/tx/0x65fa586cd32b4e87a2780899661ab0e2b7f53ab66aed59dbee34b5b490228ef3
2023-03-21 14:40:08,True,0.5213,0.001542,458.125,0.7067,0x62...1f10,https://bscscan.com/tx/0x8153620c3b7ae9a9593a9587725935e10da197a126129a2195173233ccb7cc82
2023-03-21 14:38:11,False,0.5192,0.001534,38.6762,0.0593,0xba...78f0,https://bscscan.com/tx/0x5f39acc37772f13c30cffd07940bd350b492a044986d81cbcc615ecdf49fca98
2023-03-21 14:35:05,True,0.5216,0.001542,463.032,0.7142,0x67...b7c1,https://bscscan.com/tx/0x837a752c08fdebfd99d50bed857019477575f53a388e24fdd329cb967b99666d
2023-03-21 14:35:05,True,0.5215,0.001542,1746.14,2.69325,0x5a...6651,https://bscscan.com/tx/0x8c0b104bef7c852444578adcafc7468888cf50e63c9364e3600f82920ce2ea1c
2023-03-21 14:35:02,True,0.5214,0.001542,2128.5,3.28248,0x3a...231f,https://bscscan.com/tx/0xc2e109957e94ed0865044e62f3322186cb7d1fcf8f0c37d58e3b0c6eda7505fa
2023-03-21 14:34:59,True,0.5213,0.001541,2296.99,3.54166,0x00...78d2,https://bscscan.com/tx/0x72bc76c34b4a18c0f2668f93832c6d2d2ff011732e8933eeec2b2334d9a3c8b8
2023-03-21 14:34:56,True,0.5212,0.001541,2296.31,3.53993,0x00...78d2,https://bscscan.com/tx/0xbfaac909852695dd9f53b6d659ee63e2df992a285c5ea84d13ebf4b2f9812e79
2023-03-21 14:34:50,True,0.521,0.001541,5840.19,9.0,0xb0...a41e,https://bscscan.com/tx/0x238cb866ddee75bc1c3ccf4482e763fb0ead85569f8b1791db13817cbfdda8bd
2023-03-21 14:34:50,True,0.5209,0.00154,2305.13,3.55111,0x05...7eea,https://bscscan.com/tx/0x97f9bcc02dd104cf8966f24efa82fde175c7e404015ad9789bb16cacbc6385ff
2023-03-21 14:34:35,True,0.5208,0.00154,870.8,1.34131,0x3e...a7c8,https://bscscan.com/tx/0x48f86c0be980943658efb48c067db75cd07ae9a3162d38476808a43bd6439dc9
2023-03-21 14:32:46,True,0.5207,0.00154,2271.01,3.49762,0x6d...eae7,https://bscscan.com/tx/0x917638da93cad56b6b9bda995ae9a6e9974de72361990239414dbb5b3a6f3ac9
2023-03-21 14:32:36,True,0.5206,0.001539,1662.5,2.56002,0x82...2196,https://bscscan.com/tx/0x9577fb8207c71b2145cd8b5fcc6c8abf0d66931759e9eeb8494908911712104d
2023-03-21 14:32:24,True,0.5205,0.001539,2070.25,3.18739,0xf2...bfcf,https://bscscan.com/tx/0x9e397a7db7f8c32d1ea69dbf3375ec67626e15aa0a91713e3545bdf4f6fa183e
2023-03-21 14:32:18,True,0.5204,0.001539,3898.04,6.0,0x8d...1b76,https://bscscan.com/tx/0xc1f050bc2fc05af529cf78d22b26b61b329f4518bd3ca27d81516be6385f6f1b
2023-03-21 14:32:18,True,0.5202,0.001538,3012.21,4.63515,0xda...6e1f,https://bscscan.com/tx/0x1442603b38d1e35f75e6e6e953ab27a9ad179549fe8024aecffa6f201f1114b9
2023-03-21 14:32:12,True,0.5174,0.001538,3900.3,6.0,0xf2...bfcf,https://bscscan.com/tx/0xbcf772a188204a46dba522501ce507d46086b856074d0f686f748f6e497f0942
2023-03-21 14:32:12,True,0.5173,0.001537,2275.76,3.5,0xda...6e1f,https://bscscan.com/tx/0x9e067247e39952a1b9c43e2b72122c767a6d72e3e49e71ee6ea3dab4752368dc
2023-03-21 14:32:06,True,0.5172,0.001537,2276.19,3.5,0x52...1c7e,https://bscscan.com/tx/0xcad04a3474be52d0ed1ad7be95738c7eb8ecd1df63f9adbfd3b903fba977883a
2023-03-21 14:32:06,True,0.5171,0.001537,2276.63,3.5,0x3f...573a,https://bscscan.com/tx/0xf836e177c7dcbc1b95aa492e0f97571364b69df0dac90b1a1037fa24e446b3ae
2023-03-21 14:32:06,True,0.517,0.001536,4373.48,6.72175,0xda...c952,https://bscscan.com/tx/0x0713651146ddbbea7eee69fe7800313d1dda9fc0e1706c3337969d623ea1e386
2023-03-21 14:32:00,True,0.5194,0.001536,2277.89,3.5,0x5a...6651,https://bscscan.com/tx/0xae81e23149770a677d2415d51760f40f72ba741f2d962d47b1047cf5719670fe
2023-03-21 14:32:00,True,0.5193,0.001536,2278.33,3.5,0xf2...bfcf,https://bscscan.com/tx/0x066ac5671fb2f6f85e6e2fd3fa9878bf5f56772a5cdb22bc41f27f34cd8ecaf7
2023-03-21 14:32:00,True,0.5192,0.001535,2278.76,3.5,0xda...6e1f,https://bscscan.com/tx/0x64ea905f1a10c814ced9dbdfd10f90db9552d80eaa43e465579dd27354967f52
2023-03-21 14:32:00,True,0.5192,0.001535,2279.2,3.5,0x2f...e155,https://bscscan.com/tx/0x9e1dc5f4d87b96877912f4f42dc8591c8ff096398c8c718dd7200d980df31844
2023-03-21 14:31:54,True,0.5191,0.001535,2279.63,3.5,0x3f...573a,https://bscscan.com/tx/0x1b5a01497dc5075dfcd1a54bc3a00abd508eeb3cacd7d66468db2be204f25362
2023-03-21 14:31:54,True,0.519,0.001535,2280.06,3.5,0x91...79fe,https://bscscan.com/tx/0xd7ca4f66dd81492fb5809a40e3d1b2b830a64129f69495c1bd18a418652812a2
2023-03-21 14:31:54,True,0.5189,0.001534,2280.5,3.5,0xda...c952,https://bscscan.com/tx/0x2b3911bc25c3412d49dc4384d068ed852e247d1ad1c378a573bfcc51ebfc3e2b
2023-03-21 14:31:48,True,0.5183,0.001534,2280.93,3.5,0x8d...1b76,https://bscscan.com/tx/0x765625113ba9eb6445d78f97d595d628e2da06d3ab2117a927d8ed3b92a362b0
2023-03-21 14:31:48,True,0.5182,0.001534,2281.37,3.5,0x52...1c7e,https://bscscan.com/tx/0xbfbc04cbe93588ce4845f2dd9c4d5bd24f7d9547a2d8cc150306b5b886dbd54b
2023-03-21 14:31:48,True,0.5181,0.001533,2281.8,3.5,0x0c...8533,https://bscscan.com/tx/0xfa3b6bef0c7e962a957818925e9926b83278ba35bfdc6d2092c680143e502e1f
2023-03-21 14:31:45,True,0.518,0.001533,2282.24,3.5,0x2f...e155,https://bscscan.com/tx/0x09e4bde0ab5c119a59343881452e753059b6d86fc6d994f0abf31b49bf4c104d
2023-03-21 14:31:45,True,0.5179,0.001533,2282.67,3.5,0xda...6e1f,https://bscscan.com/tx/0x55dc75c1ec5e57a478132fc5eb5b1ae87bc284f40cfe2fde679677995a463873
2023-03-21 14:31:45,True,0.5177,0.001532,3855.6,5.91023,0xef...51dd,https://bscscan.com/tx/0x8298de3edb227a5550b4e0cd112d7ba8f803c37035cb3e7f53eed6b1b12d7f90
2023-03-21 14:31:45,True,0.5176,0.001532,2283.85,3.5,0x27...b6f2,https://bscscan.com/tx/0xb446c8b7fdb5e8beb8b0b14a8d892f653d16fcd2f0076430a7c543491f3859da
2023-03-21 14:31:45,True,0.5174,0.001531,7410.7,11.3523,0x11...a5bc,https://bscscan.com/tx/0x3fee559dfc9f1dc30fe5c3e61efdfdf6692dc6197a17cee7bcd58fa6e23fdf72
2023-03-21 14:31:42,True,0.5172,0.001531,2285.69,3.5,0xf2...bfcf,https://bscscan.com/tx/0x5f35d8225bc325cacbb8789d46a38b42f7910b51dc180f0f195ed720025acb47
2023-03-21 14:31:42,True,0.5171,0.001531,2286.13,3.5,0xda...6e1f,https://bscscan.com/tx/0x53e1c2480c743c9b13a2aa5905c420e28251e994068a84a2bc4293d63015acc9
2023-03-21 14:31:42,True,0.517,0.00153,2286.57,3.5,0x2f...e155,https://bscscan.com/tx/0x167eeaba2f829a2d454f514b2dfdc37a8b715eeeea5ba368dca779ba9b37f6be
2023-03-21 14:31:42,True,0.5169,0.00153,1930.09,2.95382,0x80...a49b,https://bscscan.com/tx/0x22bce72a0c9909ef56cc88e3e9e407b7070706eba53ede357de5fd8f469e1998
2023-03-21 14:31:39,True,0.5168,0.00153,3861.43,5.90814,0xef...51dd,https://bscscan.com/tx/0x1d89da21130438af5498c80ab8505fd40e4b37d95537c0911238cfd6b81ddafc
2023-03-21 14:31:39,True,0.5166,0.001529,5131.7,7.84876,0x83...6678,https://bscscan.com/tx/0xa9509d7dd638ec000a96c7bf3e8983ba484e76b88225557aa71ee7db6a3e9b20
2023-03-21 14:31:39,True,0.5162,0.001528,13086.4,20.0,0x1c...ef40,https://bscscan.com/tx/0xad5a5e6fbf6d331bd4439bd784b94f96c1aca1827551f16d3959af94fa7bb01b
2023-03-21 14:31:36,True,0.5158,0.001527,2326.59,3.55345,0xdb...8aba,https://bscscan.com/tx/0xde78f82f6115ea07f65a30fef5fec824a37711eef923bcdc6632f58ba4d3e493
2023-03-21 14:31:36,True,0.5157,0.001527,2292.03,3.5,0x3f...573a,https://bscscan.com/tx/0x722dd66019572714581e2d78ddf0368be6b58eeb21aeb2c3839aec47c68de924
2023-03-21 14:31:36,True,0.5156,0.001526,2292.47,3.5,0x52...1c7e,https://bscscan.com/tx/0x2005c900f8131841db70d37104aee76d6f25c552abd1b96223f01e26f3a00b9f
2023-03-21 14:31:36,True,0.5156,0.001526,2292.91,3.5,0x03...9fa1,https://bscscan.com/tx/0x043b8f5bb5ece206e6978124cbc4790fced62b3db1af2c4b56259b3148b89a53
2023-03-21 14:31:36,True,0.5155,0.001526,2293.35,3.5,0x0c...8533,https://bscscan.com/tx/0x96497d626c3cb0d7c835deb9acd9281a1d16f400ddc6c4eae4de9f91e9323b02
2023-03-21 14:31:36,True,0.515,0.001524,20219.6,30.8292,0x53...4f4e,https://bscscan.com/tx/0x7eba38bfade75b836bbb258eec20894451f1138d7bc2e2cbddcedb6df38983cc
2023-03-21 14:31:36,True,0.5145,0.001523,2323.67,3.53963,0x00...78d2,https://bscscan.com/tx/0x1132104089b0e73829c8425b09e1ced51d0ca3ddc3bc43e99ab8d3cdeb1671b6
2023-03-21 14:31:33,True,0.5144,0.001523,2333.2,3.55345,0xdb...8aba,https://bscscan.com/tx/0x5a4b36d1577c8a5f3b16fd99f600fd138eba21d5e25bfd8d1cbc02ae4b2801b3
2023-03-21 14:31:33,True,0.5143,0.001522,3887.3,5.91881,0xef...51dd,https://bscscan.com/tx/0x8b06c900ca96a6f472c877e65bc4b3400eb26de59079e8fd0c0368382ade1e9a
2023-03-21 14:31:33,True,0.5144,0.001523,836.7,1.27435,0xe8...4661,https://bscscan.com/tx/0x0c287f64eb9a453ec4a2d21e0046b2506e322d9d167b5d77da6b776704450f1f
2023-03-21 14:31:33,True,0.514,0.001521,6180.23,9.40543,0xd8...bcda,https://bscscan.com/tx/0xda6f0870cceed4e0ce03bee17958046a2014e439ff19c2a85ed0f7c675eb4b5f
2023-03-21 14:31:33,True,0.5137,0.001521,7246.86,11.0225,0xa2...deed,https://bscscan.com/tx/0xcd2dc8d09867b7540f157ca8c19c9a8e27164b92c268ba2fe6ca0fb5dc71c260
2023-03-21 14:31:33,True,0.5134,0.00152,7324.15,11.1333,0x53...4f4e,https://bscscan.com/tx/0x3b10c3a1e824c0ae776c6bb19e4ed5e639e567c83fb164ea2b0b4d53e626131e
2023-03-21 14:31:33,True,0.5132,0.001519,3354.6,5.09702,0x83...6678,https://bscscan.com/tx/0xcf24f98cfbe6abaa04db07e73aca0ad8a1c32f693be829e0a117836e7acb151a
2023-03-21 14:31:33,True,0.5131,0.001519,2304.07,3.5,0xda...c952,https://bscscan.com/tx/0x7c9d45c1a50e7a0af59540f9c03890cbf8d4d5427b497080eec40d29219ae807
2023-03-21 14:31:33,True,0.513,0.001518,2304.51,3.5,0x8d...1b76,https://bscscan.com/tx/0x7ed66a75975ff836e9e7fca1b9a8768759431112e37860bb3499974c8914dfa7
2023-03-21 14:31:33,True,0.5129,0.001518,2304.95,3.5,0x52...1c7e,https://bscscan.com/tx/0x10a8cf86881caae6bd4b4b68cae7b2cb0ffd4f2608f201cbd7897f8a525407fa
2023-03-21 14:31:33,True,0.5128,0.001518,2305.39,3.5,0x5a...6651,https://bscscan.com/tx/0x5fbf6a1711fd618a233867ec0527313b07ed59a45ac02f15b9c4559ad7d57a74
2023-03-21 14:31:33,True,0.5129,0.001518,1119.3,1.69991,0x10...0000,https://bscscan.com/tx/0x2eb5133e305cd8ffb69b5d7507c62c0ea08f2ab1e6229fd302a7ad4840e86b8b
2023-03-21 14:31:33,True,0.5126,0.001517,1672.0,2.53774,0x3b...290a,https://bscscan.com/tx/0x7ff19040271e844bcc80eb8938293bde8df3c3f4b01e1d5438116472135fce9e
2023-03-21 14:31:33,True,0.5125,0.001517,3294.95,5.0,0xb0...a41e,https://bscscan.com/tx/0x3fc8a1377f5650bc84c8bc3e051de1199aec1e9189612e2bf6af6da5454e0b9b
2023-03-21 14:27:33,False,0.5073,0.001509,16.408,0.0247,0x42...b725,https://bscscan.com/tx/0xd788d6bf39cc4f6a33cd34d374611880e05bfe72e39dd0e1c2dd105ecc015098
2023-03-21 14:26:33,False,0.5099,0.001509,1200.0,1.81172,0xa5...3b74,https://bscscan.com/tx/0x65dfd8d0117c7586e1ccdad54735bcd3f3c1898bf2848865c0697358805c9edc
2023-03-21 14:26:18,False,0.51,0.001509,5.46935,0.0082,0x42...b725,https://bscscan.com/tx/0x2456669a6c455156960cee67ff532b22a2cef54848c2dd4feeab4e7a87d63e34
2023-03-21 14:24:09,True,0.5098,0.001517,2138.9,3.24532,0x67...b7c1,https://bscscan.com/tx/0xc35a91674473be2b1b2ba7378e1e136d7db9c1bc59a238edeb5a1a81cbd16e39
2023-03-21 14:23:18,False,0.5073,0.001509,152.227,0.2298,0xb2...6c8d,https://bscscan.com/tx/0x540338e6e548bc4caf7ea2553daa2594b77c1ecdcae06ae051080d8c3a13d463
2023-03-21 14:18:49,False,0.5071,0.001509,2.73863,0.0041,0x66...67d6,https://bscscan.com/tx/0x1ad8b69b3205fe2107faa3828e2310330596c489add577b1deb18ff462454e37
2023-03-21 14:18:10,False,0.5076,0.001509,150.0,0.2264,0xb2...6c8d,https://bscscan.com/tx/0xb40bf733f31e9621db9e267b32b7d43d55f92fd3300037eb7752c2a8a5e6db3a
2023-03-21 14:17:10,True,0.5101,0.001517,5.84647,0.0088,0x82...9d96,https://bscscan.com/tx/0x0a06030e6217e218a65a7769ef4760c9e63f78ed5d166da44f5be2941ace8b99
2023-03-21 14:17:07,True,0.51,0.001517,3428.9,5.20155,0x56...0086,https://bscscan.com/tx/0x9ce684776923c8650b3691576bd3b6710098a928267798799c74e30f48202fc3
2023-03-21 14:13:55,True,0.5098,0.001516,4480.44,6.79448,0xca...34d7,https://bscscan.com/tx/0x57887eb2e0c957a849dea2dc0de66e1860c00d4debc6a5d28e0f817e53bf2bc5
2023-03-21 14:13:43,True,0.5122,0.001516,2308.63,3.5,0x91...79fe,https://bscscan.com/tx/0x13be5c80054e51f893e68ea6435e9aeff3d14024d8d752be61b3bddef51b6706
2023-03-21 14:13:43,True,0.5121,0.001515,3298.82,5.0,0x0c...8533,https://bscscan.com/tx/0x8b5c60f5df8fd63726a75b1a0dc8340ae9b4925a1656c69f5c7e24d29ec88821
2023-03-21 14:13:10,True,0.512,0.001515,3161.6,4.79073,0xa0...cc8d,https://bscscan.com/tx/0xb228d26bb5d970d56df53e0f92ea8981ad357f5ea56dec27b9c84bda26880d7c
2023-03-21 14:11:13,False,0.5095,0.001507,31.6656,0.0477,0x2a...e55a,https://bscscan.com/tx/0x07dc95ce987c48d3fd928ae1c654646eca8b5f7e4e9eba9385b243a1a3867bdd
2023-03-21 14:11:07,True,0.5119,0.001514,4281.8,6.48617,0x2c...015a,https://bscscan.com/tx/0x3a04cce13a0b83e1c8730a730116676764161687fb7887e65e527ba63c51dbe5
2023-03-21 14:09:55,True,0.5117,0.001514,3566.68,5.40113,0xd3...ec6f,https://bscscan.com/tx/0xbe9c0f0fdda53ed7e0fa1bfcc8736268c39e404a674e8a51e435d91504882326
2023-03-21 14:09:52,True,0.5116,0.001513,3563.66,5.39496,0xd3...ec6f,https://bscscan.com/tx/0x64c8a4e682c99b07f09102566047536db26795f7e491788f67a6dfdc4bb99262
2023-03-21 14:09:28,True,0.5092,0.001513,3563.16,5.3926,0xd3...ec6f,https://bscscan.com/tx/0xbc374daf4f0e53f8b1ef25f6a05a424d8d3e8ee8f25430bfc48741f216785c1c
2023-03-21 14:09:25,True,0.5091,0.001513,3545.01,5.36356,0xd3...ec6f,https://bscscan.com/tx/0x35748a8f1797c15571233cdbb5bfd44b724be8f92c5768b20af1e3a7aedc9445
2023-03-21 14:09:22,True,0.5086,0.001511,17616.8,26.6305,0xd3...ec6f,https://bscscan.com/tx/0xed71c229669cccea88f6533f5aba13a99f3f378a8e3ff74712ef19fa934d7693
2023-03-21 14:02:49,True,0.5097,0.00151,3586.48,5.41678,0xd3...ec6f,https://bscscan.com/tx/0xb61304d0a2e22bc06d67ec2c624c134c4c3bfe3e9bdb9908282310278728b44e
2023-03-21 14:02:43,True,0.507,0.001509,3100.13,4.68092,0xd3...ec6f,https://bscscan.com/tx/0x94395534955d4b9f12a18aec3f023f50b62371743a355593fb815a6f78a864f3
2023-03-21 13:59:40,True,0.5095,0.001509,41.4895,0.0626,0xf6...15bc,https://bscscan.com/tx/0x0f6c7a289050ae84bd67ed1058a8f0e1ff41508e09b6d47e7fe7ec26589073dd
2023-03-21 13:58:49,False,0.5045,0.001502,7.63367,0.0114,0x67...c95e,https://bscscan.com/tx/0x4f23c58e2d3a3ac317b64944f2af74b6e1c8460b3ac80fe71bbbde9fcb71de38
2023-03-21 13:57:28,False,0.5064,0.001502,91.8575,0.1379,0xd3...2e46,https://bscscan.com/tx/0xf119c8d6f04c714633f167b74b5178103f64c726b7c3e76408a33135105565cf
2023-03-21 13:56:13,True,0.5085,0.001509,588.833,0.8889,0x70...8487,https://bscscan.com/tx/0x851faa4f051bc690e83ab4d123bf8825940bafc18d4857b2b7c7ba7cc86449e7
2023-03-21 13:54:01,False,0.5032,0.001502,46.5876,0.0699,0xbb...c106,https://bscscan.com/tx/0x8830297ab932b49e3a739f5a75c7ed0ec3cf0f4daa4fb672cd9171ca5d0c4a62
2023-03-21 13:53:49,True,0.5057,0.001509,3584.2,5.41011,0xd3...ec6f,https://bscscan.com/tx/0xe3cceaaadf2eddddcca89bde5c408347bac30c318c8da6a3e32a7fadc92f7f35
2023-03-21 13:53:46,True,0.5081,0.001509,4073.7,6.14704,0xd3...ec6f,https://bscscan.com/tx/0xab69316a06ad2dd92a3282e777d7df8bfb83efc828588daf6167953a561980f5
2023-03-21 13:53:40,True,0.5079,0.001508,4165.17,6.28292,0xd3...ec6f,https://bscscan.com/tx/0x16e6a57fc7112f87290e032e2efdc37b7705a44990cec7568c63604de6409bce
2023-03-21 13:53:37,True,0.5077,0.001507,4268.0,6.43577,0xe3...d2ff,https://bscscan.com/tx/0xf8695b02b85c615320956e8abbe961cb0d91a192eca61bd369f8fa9c4d6e39e2
2023-03-21 13:53:34,True,0.5075,0.001507,2977.5,4.48847,0xd3...ec6f,https://bscscan.com/tx/0xbadf6a2a38c09f72be4a51645147cf6e4f298d095c3488b78c7387500504b86f
2023-03-21 13:53:31,True,0.5074,0.001507,2291.3,3.45329,0xa0...cc8d,https://bscscan.com/tx/0x1caf8801ec6ef87e3f83757c42b96226a1aba2ea7e7d6cebe704a5757460b8d1
2023-03-21 13:50:10,False,0.5038,0.001499,50.75,0.0761,0xd4...43e7,https://bscscan.com/tx/0xac97aeaa3a6d5119f059af546e68ee5aa79c3144aa7ba09fa6e7100a9732fcce
2023-03-21 13:46:22,False,0.5006,0.001499,13.338,0.02,0xa5...3b74,https://bscscan.com/tx/0x6919051835fedba17acf3590732a486d95f1db1b8dc0d965ec41e20639710c57
2023-03-21 13:46:13,False,0.5031,0.001499,406.852,0.61,0x1b...5c50,https://bscscan.com/tx/0x59beae8da3c6cc02272de909a93d349bed6103e6e071ba439655b5e57c90c9d4
2023-03-21 13:45:18,True,0.5022,0.001507,379.107,0.5713,0x70...8b87,https://bscscan.com/tx/0xa71baa1bc6cce7fe75d5225cee2b40c9d5145bb708ff31c237cc15134b681892
2023-03-21 13:40:13,True,0.5049,0.001507,593.098,0.8937,0x70...8487,https://bscscan.com/tx/0x269c16f85c0ce7e3f34a63b6b2fabd031c5a45efec2cbee5cb39759864e98e64
2023-03-21 13:27:04,False,0.4994,0.001499,4.71781,0.007,0xd3...ec6f,https://bscscan.com/tx/0x2d220adb6156e8ec48f2b39cc51a8af233d2b588d8612b88160b13f9ae85c41d
2023-03-21 13:26:58,False,0.4995,0.001499,3774.25,5.66,0xd3...ec6f,https://bscscan.com/tx/0xa6dafb7fe90bafce84930be10cc43e84e1016af01b764ecad4a4d2ed52028cc7
2023-03-21 13:25:13,True,0.5046,0.001507,593.317,0.8943,0x70...8487,https://bscscan.com/tx/0xda791a7c172c8d3d11c88299cdccab94850019586eefbaff4a6ceba10f0bd422
2023-03-21 13:24:52,False,0.502,0.001499,35.6995,0.0535,0xcf...de73,https://bscscan.com/tx/0x5641acb49bb9624a7b63907abfa1709034e38e44ad1621421556595100909af5
2023-03-21 13:21:28,True,0.5045,0.001506,13275.8,20.0,0x0b...a1ff,https://bscscan.com/tx/0xd129e53bdbebf4559b341709b8289a78595bcad4533448f57ac30986d5cec515
2023-03-21 13:21:28,True,0.5039,0.001504,13290.4,20.0,0x1c...ef40,https://bscscan.com/tx/0xbea0f9401568fc0b68b5e69ba1d6f0b7b4e2b5dc45a3b16b17b2a3751f7d8870
2023-03-21 13:21:07,True,0.5014,0.001503,1115.5,1.67765,0xd3...ec6f,https://bscscan.com/tx/0xd621580248fe4908a171b0fd9f2c3c522267fa8aca6e42358c3ccbd3bed9fb4f
2023-03-21 13:21:04,True,0.5014,0.001503,1115.5,1.6775,0xd3...ec6f,https://bscscan.com/tx/0x93273787be234cfc92a8746ee2acc3896ab01406e5ce5dc8e3d84a034cf4fea8
2023-03-21 13:21:01,True,0.5013,0.001503,1.39431,0.0021,0xd3...ec6f,https://bscscan.com/tx/0xe18f4d1800a83d6772da8506172f48221c7ee1bc913340791f7120c62f6a6d64
2023-03-21 13:20:58,True,0.5013,0.001503,1115.5,1.67734,0xd3...ec6f,https://bscscan.com/tx/0x300f319eede8517908e46782da436d288f0891b391d6cbe4d1f5b31e01b96def
2023-03-21 13:19:22,True,0.5016,0.001503,1.70503,0.0025,0xd3...ec6f,https://bscscan.com/tx/0x08542d0f18c60d9e152232ff15f696aad5ae87f06d9ae66c72976eb225d19b15
2023-03-21 13:19:19,True,0.5016,0.001503,1364.1,2.05094,0xd3...ec6f,https://bscscan.com/tx/0xb554c1515c5d103fd391f2189dd856ffc5f738f3ca4e3be84be6ba0d64f1c556
2023-03-21 13:19:13,True,0.5041,0.001503,3600.07,5.41165,0xd3...ec6f,https://bscscan.com/tx/0x3d2ca14b137e412122edec2028865b46c51125beb289e01c392793c3c99bebab
2023-03-21 13:19:01,True,0.5039,0.001502,2557.6,3.84362,0xd3...ec6f,https://bscscan.com/tx/0xe6e8830c65b3c6116d4498f821c58a689637300e4b67aff50c8ad2d2444792b0
2023-03-21 13:18:58,True,0.5038,0.001502,2951.88,4.43514,0xd3...ec6f,https://bscscan.com/tx/0x481c503974bc84cade9ac7b1fff574db012f85b36adc46b6bb4624dacdd08edd
2023-03-21 13:18:37,False,0.5013,0.001494,27.7337,0.0414,0x81...7f56,https://bscscan.com/tx/0x5c9b4abdd33460a68cf5676b531d713f79b55a5d535c0a0656cc198c5c59e261
2023-03-21 13:16:40,False,0.4996,0.001495,7406.73,11.075,0x23...8666,https://bscscan.com/tx/0xe4ecabc970d7c6408224690c7d14a2218d40573107d95325aedc3de7ccb1a0f1
2023-03-21 13:16:31,False,0.5024,0.001495,400.0,0.5982,0x2a...bb79,https://bscscan.com/tx/0x2641151a734dbcb522d37c34948c759c64a647457a32fc64f7f8354efe5844d6
2023-03-21 13:10:04,True,0.5022,0.001503,1006.58,1.5131,0x35...aca7,https://bscscan.com/tx/0x3b86c4637b9b504b85f1d11f6cd8ec8e11a5f881367369a4b2b1dd4672d45596
2023-03-21 13:09:10,True,0.5049,0.001503,594.611,0.8937,0x70...8487,https://bscscan.com/tx/0x7d299fa382c1e06f0bf19b00fcfb742c4639deef1e2dd8a2d5d913bf58a677bf
2023-03-21 12:59:46,False,0.5019,0.001495,24.0,0.0358,0x97...ab44,https://bscscan.com/tx/0x64e3dd3a6e369d6bcc7070b1ee501ccf44a50f6de6093c9feb55a2b7888b16c7
2023-03-21 12:56:55,False,0.5021,0.001495,19.5442,0.0292,0x31...386b,https://bscscan.com/tx/0x15774d357193ec8a9d027102dd0409f39dc07841821103c25d95f53957c00265
2023-03-21 12:56:46,False,0.4996,0.001495,20.0,0.0299,0xf8...5162,https://bscscan.com/tx/0x83c28753ee11b8c01764704e7c7025dbaa08f0915747bb68082ae738f5cc9357
2023-03-21 12:56:04,True,0.5019,0.001502,5989.2,9.0,0x0b...a1ff,https://bscscan.com/tx/0x65e3894dac452b20f4cd6701a20232e8e82e0265632079320d0f136013ad00b9
2023-03-21 12:55:34,False,0.4994,0.001495,2002.33,2.99339,0x21...9f6c,https://bscscan.com/tx/0xfe34357ce69dbac321aa406814d8ef7cdcdbb0274128e8e0a92196784a31a994
2023-03-21 12:53:13,True,0.502,0.001502,594.784,0.8936,0x70...8487,https://bscscan.com/tx/0x2fce8b2990401e6053a4c18c83d4554a9cb2edcab8809ded948ec2ae15686ca4
2023-03-21 12:49:37,False,0.4994,0.001495,96.4272,0.1441,0xe6...b899,https://bscscan.com/tx/0x12188186c6a4c756daa701deaef72534bda99ca718cc314463d133ff2b1ba0f6
2023-03-21 12:48:19,False,0.5019,0.001495,4.0433,0.006,0xd8...94b7,https://bscscan.com/tx/0x1bfce143de89b10fe7caf21df00ade2b9f506bad97ccf1617dbd5c5d37fb97de
2023-03-21 12:44:28,False,0.5018,0.001495,20.0279,0.0299,0xc8...5889,https://bscscan.com/tx/0xf119ddf2c90e9246c5c7864a499cc5d4cde301967a84070f12fc3cbf892371e7
2023-03-21 12:38:16,True,0.5015,0.001502,594.954,0.8939,0x70...8487,https://bscscan.com/tx/0x401bdddb1accb54be5a95b1b0190183095aa6657ba4ca13402a74556c9619e1d
2023-03-21 12:35:58,True,0.5015,0.001502,33.0,0.0495,0x7a...cc4f,https://bscscan.com/tx/0x7b6b919c7163d249fcf83353b8c71f0251919b16f2e3ceb50f1f54de9d3ed3f5
2023-03-21 12:35:04,False,0.5015,0.001494,93.2293,0.1393,0x25...a764,https://bscscan.com/tx/0x3b777a392f2d1c6d4bbcc17e6f43f28fd0786d63e27635529a4d133589a9a892
2023-03-21 12:34:46,True,0.5018,0.001503,58.9255,0.0885,0xae...cc52,https://bscscan.com/tx/0x4213bf4a01d0ca616de0c7ef77710b687484519a5ffa79546841dd23877a0028
2023-03-21 12:31:34,True,0.5036,0.001501,13318.9,20.0,0x0b...a1ff,https://bscscan.com/tx/0x89842ae25c6a44419ecd417aac1aa8247ed1746df386dd7deaab13e7d642cbfc
2023-03-21 12:29:16,False,0.4982,0.001493,10.0,0.0149,0x15...4279,https://bscscan.com/tx/0x149aa6c1828267ed60ef1392a0f0d4dcc4a64cda443e52c9826774893937e1ec
2023-03-21 12:22:10,True,0.5022,0.0015,595.28,0.8933,0x70...8487,https://bscscan.com/tx/0xe808385b424aa1a562ff35620238cde9146855eef02bf38c5533da60d6cb0dbf
2023-03-21 12:18:28,False,0.4999,0.001494,27297.7,40.8077,0x8a...066a,https://bscscan.com/tx/0xd8203bd9f4970cf57674d965c9d43533617b684dcfb510cf5d53fbef6e2e2b3b
2023-03-21 12:13:01,False,0.4994,0.001496,149.594,0.2238,0xb2...1fdd,https://bscscan.com/tx/0x1b5d129c297e6cdf1cbba4c3008da34a073826d7cdcef08b3d56db5ed2da0e9c
2023-03-21 12:06:19,True,0.5023,0.001504,594.438,0.894,0x70...8487,https://bscscan.com/tx/0x23924e072c3f04e5f85357bca4e720597a29adde145d14d49baec8ff70986c83
2023-03-21 11:54:55,False,0.4985,0.001495,49.0606,0.0733,0x26...8f41,https://bscscan.com/tx/0x6a1afc2dc0f4f79f2edb08dc2a155bf29cf68cf6b5e4ad8e268034d21a60dc7b
2023-03-21 11:52:37,False,0.5013,0.001496,500.0,0.7482,0xbc...0860,https://bscscan.com/tx/0xd8347300f46f023d6416f8e314743bdfcd38c2ab45c073ef7ba554dff262dd72
2023-03-21 11:50:13,True,0.5034,0.001504,594.873,0.8947,0x70...8487,https://bscscan.com/tx/0x0ab7a69c3922d4c1698e0f0e98c17c77f79f81df8aaaa351d1ff1a1503fd6fba
2023-03-21 11:48:43,False,0.5009,0.001496,10.0,0.0149,0x1d...d599,https://bscscan.com/tx/0x69b907001b8f7203346039ea7637ddb5561047aa3e4968869a613f1825b27027
2023-03-21 11:41:19,False,0.4977,0.001496,32.8814,0.0492,0xd5...57d8,https://bscscan.com/tx/0x85561402325335c0c1223d4d466b3c8d0b5cf3d69f7edb6b6d042235d8720935
2023-03-21 11:40:10,False,0.4976,0.001496,42.8866,0.0641,0x5d...251f,https://bscscan.com/tx/0x7445d840dfb4e7c7d726f8e2dcadebf0e6dc3b8889e77efeda8a3d8080778e8d
2023-03-21 11:39:55,False,0.4976,0.001496,16.1729,0.0242,0x62...4f00,https://bscscan.com/tx/0x1d4048bfbaa445ac392bdff6835588a9ed6dce14eb19e6cbc6e67429e4bd9a6b
2023-03-21 11:38:01,True,0.5028,0.001504,237.877,0.3577,0xe1...6db7,https://bscscan.com/tx/0x0d81c191f8d6619853712c8a4c187c32914e65803a18985623b040faacc2e3a6
2023-03-21 11:35:10,True,0.5027,0.001504,594.911,0.8947,0x70...8487,https://bscscan.com/tx/0x559fd214f4af2a95c031a019e7a8a50b270e189e8bb15e9730ea1fddbc38d8e2
2023-03-21 11:31:58,False,0.4983,0.001496,290.804,0.4351,0x57...2510,https://bscscan.com/tx/0x8136ba45cd2af9c773dc4b2ab10f67f2320d89002094fb95e200a71cb87e7a6f
2023-03-21 11:31:37,False,0.4983,0.001496,167.79,0.2511,0x01...e8d5,https://bscscan.com/tx/0xd65fb8d7fe704d32faafda99db5ac3238d1b70bdd7c4c6595654a6df25605ed0
2023-03-21 11:19:58,False,0.4994,0.001496,10.0,0.0149,0xcd...d4d0,https://bscscan.com/tx/0xe39f36b93ad50ef1738ac1fb78c1452972d60c775a811a0961835e6ea3da6c82
2023-03-21 11:19:13,False,0.4968,0.001496,334.108,0.5,0x65...5737,https://bscscan.com/tx/0xebca38b0f155d258faa24502f7d52ae6346b4c43695e9a13ebb0ef9d5ad50eae
2023-03-21 11:19:13,True,0.4993,0.001504,596.558,0.8972,0x70...8487,https://bscscan.com/tx/0xce73381335ebe9da9ce50b86b456a4c5810592854b7197f8c977c89df9be8c38
2023-03-21 11:15:16,False,0.4991,0.001496,6.0,0.0089,0x2d...ee09,https://bscscan.com/tx/0x41f77b5a10585119473cb7396f292dcc24a99dc00cb78e99c2d49e9bf1916082
2023-03-21 11:10:30,True,0.5017,0.001504,31.8407,0.0479,0x53...e769,https://bscscan.com/tx/0x26d7b61ec6d115af6437a5bb52fa98e53a73afa618a9a318ece38db2db2838d9
2023-03-21 11:10:00,False,0.4964,0.001496,61.0,0.0912,0x05...45e5,https://bscscan.com/tx/0x7662dff1bd2c6941e1082838112b94fc36005e913bf8804368429b71b8b9a84c
2023-03-21 11:06:11,False,0.499,0.001496,33.8312,0.0506,0xab...1b0c,https://bscscan.com/tx/0x0b0b893d87ee2d46c6308209d2bd09d1da53293ce797acb388ba6fb196bc8c10
2023-03-21 11:05:47,False,0.4965,0.001496,5.0,0.0074,0xff...1c5b,https://bscscan.com/tx/0xdcfad44c2d9cd225c230bf0c95e22b0a386b51ca6141c3e1fe6ad4637c861613
2023-03-21 11:03:11,True,0.5014,0.001504,597.14,0.898,0x70...8487,https://bscscan.com/tx/0x0e74114e4916b47a0179ead3b4b309000b2301198032c25a8a1014c49a358914
2023-03-21 10:54:23,False,0.4987,0.001496,10.0,0.0149,0xc8...5889,https://bscscan.com/tx/0xd598f5aa07cd5ed735a72a0d8869f6b4faec9d834d9cfd37bab05715bec25a9c
2023-03-21 10:53:32,True,0.4987,0.001503,18.4691,0.0277,0xdd...93de,https://bscscan.com/tx/0x4abd6c828298f0494e18b5bec76b8ea7d1218eeae655b5a9313c377ea498a70c
2023-03-21 10:50:07,True,0.502,0.001503,298.287,0.4485,0x9a...4280,https://bscscan.com/tx/0x6136fe3e057f4917c58323e351876a5dce674f1874a256fe7534448ceb73497b
2023-03-21 10:47:31,False,0.4995,0.001496,51.4705,0.077,0x41...c353,https://bscscan.com/tx/0x1e533b0235072981251966bfb105b7db54199b5fdb42f9ce06fff9f97cc044ff
2023-03-21 10:47:13,True,0.4994,0.001503,596.597,0.8971,0x70...8487,https://bscscan.com/tx/0x12d6939488ce7a46aa1f702217e2829ad2b02bc53fb9c6741116cf30b03b47b2
2023-03-21 10:45:46,True,0.4992,0.001503,2537.3,3.81521,0x15...90fa,https://bscscan.com/tx/0xc4064f78fb04ea593fc574662ad1524045b8071162473bc495c7e7879d02797c
2023-03-21 10:43:49,False,0.4959,0.001496,21.7066,0.0324,0x5a...789b,https://bscscan.com/tx/0x4882b895f07a183854545578168e7d54cc400133706677c8a918bff82b8f3ffb
2023-03-21 10:39:55,True,0.5002,0.001503,8.79824,0.0132,0xe5...8ec9,https://bscscan.com/tx/0x182cff4a72ce874ac3c1ce0876655ede8e90e4d558b0fb91daccb27b8323cd4a
2023-03-21 10:39:49,False,0.4977,0.001496,582.593,0.8715,0x02...f2c0,https://bscscan.com/tx/0xd3a8333cbc71fecda7721c32565efada56a5411571c03453f695ed56b857d476
2023-03-21 10:31:13,True,0.4996,0.001503,597.914,0.8989,0x70...8487,https://bscscan.com/tx/0x9c35110801d260f063d8a2f1a498025fa031a65ded5a8c58fb170eb14e7c2dcb
2023-03-21 10:27:04,False,0.4967,0.001496,125.512,0.1877,0xc4...de76,https://bscscan.com/tx/0xfc515a746b2071aec4cba1e557ca26ca1c66fc7265915e6051bb62dda13aca03
2023-03-21 10:22:52,False,0.4966,0.001496,2259.4,3.38038,0x00...78d2,https://bscscan.com/tx/0x5f3a42b0264921e93f5dafddcb38e063dc24a90b4f21b298a762420a68256e16
2023-03-21 10:20:19,False,0.495,0.001496,207.09,0.3098,0x39...cfaf,https://bscscan.com/tx/0x70585be6fcc1ee49f0702185483a9b829a437755022fafa6af7e2c46ee34a150
2023-03-21 10:17:01,False,0.4948,0.001496,102.722,0.1537,0xed...1c25,https://bscscan.com/tx/0x9d0a3229c917373e6c3839292a4d2888729c0699e8244b0821e60857311a13d1
2023-03-21 10:16:40,True,0.4997,0.001503,6651.54,10.0,0x0b...a1ff,https://bscscan.com/tx/0x53c90c009a4055f5c61c87011f4f7afb3db72f8f1ad8f29a37fab6f33f0c99aa
2023-03-21 10:16:10,True,0.497,0.001503,598.932,0.9001,0x70...8487,https://bscscan.com/tx/0x919672709e4bd4ba735e35756f3bccc0dde1285af62ceb2fad82a940803807d6
2023-03-21 10:06:52,False,0.4947,0.001495,1508.1,2.25538,0x05...7eea,https://bscscan.com/tx/0x97b198011cc319569a837cfb94a601abb611aff7a0a7ae85de8a3b43fd24bc06
2023-03-21 10:03:22,False,0.4968,0.001495,20.0,0.0299,0x07...7ebe,https://bscscan.com/tx/0xa6cc47d8add29933f0b0621e81bca99e2d2265113162ade76e4d670761144abc
2023-03-21 10:01:34,True,0.4988,0.001503,45.5265,0.0684,0x31...c526,https://bscscan.com/tx/0x8155149bcc2edf863f8f2ebede6a01c779d70882bf45ec6c30daa7319b313ac0
2023-03-21 10:00:19,True,0.4989,0.001503,598.538,0.8996,0x70...8487,https://bscscan.com/tx/0xccb41566861bef484754b7ea7f8e9f0345f47fc1bab5fd2bc06090d880122385
2023-03-21 09:59:01,False,0.4963,0.001495,3.0,0.0044,0x7c...8b80,https://bscscan.com/tx/0x404b7023b0464feea92a8fb6882630d2d6b8226b92a2609e7592782a41db986a
2023-03-21 09:56:28,True,0.4988,0.001503,46.5726,0.07,0x12...61a5,https://bscscan.com/tx/0x182f8100b739a2f21447fc3c40a70e607bd5fdbed0fbc7977e58df6e319fb974
2023-03-21 09:55:46,True,0.4971,0.001503,63.2059,0.095,0xbc...b0b6,https://bscscan.com/tx/0x669a2a788f9e9469e7b907806070ca8600174727660274020819c35b3e6f78d9
2023-03-21 09:54:04,False,0.4972,0.001495,4.0,0.0059,0x47...43a6,https://bscscan.com/tx/0xb2e11b00bd1f9179efaff4bd13f78d10b057ccc45eff4cab505392032974682a
2023-03-21 09:52:01,False,0.497,0.001495,2427.06,3.63007,0x00...78d2,https://bscscan.com/tx/0x8d482da3d8b7ca1a497a37c20fb453a6ab5c1338a976331e2f2e74abbfd67ebd
2023-03-21 09:51:58,False,0.4971,0.001496,2242.12,3.35411,0x05...7eea,https://bscscan.com/tx/0xf8a1508b6266414af8c1933a42b2e0a45bf216983bbd764cd8100e95f58bbe48
2023-03-21 09:51:19,True,0.4992,0.001503,6652.54,10.0,0x0b...a1ff,https://bscscan.com/tx/0xb68932d644adcce708fe108eea290cb4b5987430ea4f3414fb6fe2c834c1da94
2023-03-21 09:50:25,False,0.4932,0.001495,2427.06,3.62947,0x05...7eea,https://bscscan.com/tx/0x66e45a0f280ad6d5efb349ccc3636d1a57fc1d67ab9d83658235f5b13398a147
2023-03-21 09:50:07,False,0.4933,0.001495,2427.06,3.63019,0x00...78d2,https://bscscan.com/tx/0x77c458f3ca84a26e734ce566473953385009ec217c44352f67ccbb023b21358b
2023-03-21 09:49:43,False,0.4931,0.001495,9.53954,0.0142,0xca...5ee4,https://bscscan.com/tx/0x61f3953ca731dfd5e4ca9528621a0e103e2b7529a2d3568ee6c1dca0b1b1c635
2023-03-21 09:47:46,False,0.4928,0.001495,2.0,0.0029,0x7c...8b80,https://bscscan.com/tx/0x2e664263c292fb4af1b930531cc882e082f16dae45ab26d7f9a3351c476144eb
2023-03-21 09:45:55,True,0.4977,0.001503,1810.17,2.72116,0x15...90fa,https://bscscan.com/tx/0x063751ed841fa8748f77a98c4bdd84c58ed8ec31060b0e3340afaa3945c589da
2023-03-21 09:45:55,False,0.4952,0.001495,2431.98,3.63774,0x00...78d2,https://bscscan.com/tx/0x99fb21d9027dd72f1f859519b7fbaf7b6d9513bb6cdf6fab905e32507369b1f3
2023-03-21 09:45:52,False,0.4953,0.001496,2431.24,3.63737,0x00...78d2,https://bscscan.com/tx/0x8dfc62fd6466ab70f692cdf653b1a23efa364899894ae251ca48d682c1f44e82
2023-03-21 09:45:10,True,0.4953,0.001503,601.55,0.9045,0x70...8487,https://bscscan.com/tx/0x86c00540276fe53ea3ad69e3efb5b0fe00e455f2f208bcc5f99b0521b5c7d302
2023-03-21 09:44:28,False,0.4954,0.001496,2009.36,3.00659,0xb0...5011,https://bscscan.com/tx/0xe665387154647cd6d31157269c77f17ff2ba297923132ad950eccb36b4c0109e
2023-03-21 09:44:25,False,0.4955,0.001496,1004.68,1.50348,0xb0...baef,https://bscscan.com/tx/0x8bc6bb86e7fa17a73c224bc7a1406d171e011a45c1c0cd74279bae6816dd15e3
2023-03-21 09:44:13,False,0.4953,0.001496,825.0,1.23469,0xc9...9757,https://bscscan.com/tx/0x837bf20e93d9a1279d3de7e18c23fcb96c1f94b62623e5951c6de6b90f0294ca
2023-03-21 09:43:37,False,0.4928,0.001496,2223.34,3.32785,0x00...78d2,https://bscscan.com/tx/0x1409468904f61b807f6d994552a9668297c0cb24236a560e485ddc11941e2ddf
2023-03-21 09:43:31,False,0.4929,0.001497,2436.18,3.64713,0x00...78d2,https://bscscan.com/tx/0x53886aae32c51e02ee15f209c215764c97d62572b7d2eef9191610657d131e54
2023-03-21 09:43:28,False,0.493,0.001497,2436.91,3.64896,0x05...7eea,https://bscscan.com/tx/0x7647160a72ab24a35937c017b6c044e2031d7dc4123a20d0b86a84d0502c6dca
2023-03-21 09:43:07,False,0.4956,0.001497,2675.33,4.00681,0xb0...a41e,https://bscscan.com/tx/0x97bdb619e5fa8fbbf7dc702777591abba24429097520504c30a7c46f6743ea0f
2023-03-21 09:41:55,False,0.4957,0.001498,2017.05,3.02149,0x00...78d2,https://bscscan.com/tx/0x96dddf676fafab5393db1c0fdd4519846c223a15747258a99a58b470b5607086
2023-03-21 09:41:52,False,0.4958,0.001498,3344.22,5.01067,0xb0...baef,https://bscscan.com/tx/0xece578a35c231c0be0df1210bc609f80b82233dd0880ad309f0e215cf3c95604
2023-03-21 09:41:49,False,0.4959,0.001498,2438.65,3.65472,0x00...78d2,https://bscscan.com/tx/0x0d34e181ccb0e3c647b138b7e92da33904b8cf4889f233dc76a0066ca5c2d57a
2023-03-21 09:41:49,False,0.496,0.001498,1003.45,1.50405,0xb0...ff7c,https://bscscan.com/tx/0x47086976f84d9faf423a549965e3a002642be86e03b6f14f8a49ca924ff0e8e4
2023-03-21 09:41:46,True,0.4985,0.001506,52.0,0.0783,0xfe...1827,https://bscscan.com/tx/0x73bd0dc6f9a6e5955740c1549baa506ad58f4f6e19f1c631e14bbdd0f5020007
2023-03-21 09:41:46,False,0.4961,0.001499,2427.06,3.63837,0x00...78d2,https://bscscan.com/tx/0x638517d096cf154c9028d3644f214b9270bdc485354fa1f4b156edf28537a45d
2023-03-21 09:41:46,False,0.4962,0.001499,4008.89,6.01126,0xb0...a41e,https://bscscan.com/tx/0xb99c828ead3c5fa3e4c9c571c638d25a5c1f198bb7307af8930ac38a3511639b
2023-03-21 09:38:49,False,0.4961,0.001499,1898.2,2.84701,0x00...78d2,https://bscscan.com/tx/0xf8c7e8b453b137ada15e1e7d7dca4d1291bb5f20d13b44070aae65e44c75b387
2023-03-21 09:38:25,False,0.4961,0.0015,1213.2,1.81985,0x00...78d2,https://bscscan.com/tx/0x25a29a53a1a3c636a0b1d124fcc7532ed8b5842b7f5d66e372c55b24f73a6fad
2023-03-21 09:34:01,True,0.4983,0.001507,3316.89,5.0,0x0b...a1ff,https://bscscan.com/tx/0xe60c93201b3b1e1a8a6361486809a31407e252c436f84adee25145caf367f28a
2023-03-21 09:30:29,False,0.4943,0.001499,2431.98,3.64761,0x00...78d2,https://bscscan.com/tx/0x097ff4c687ed25f880c62ffd8f4fe90003bc406bd799beb04d89567f64caba61
2023-03-21 09:29:41,False,0.4916,0.0015,2003.47,3.00546,0xb0...a41e,https://bscscan.com/tx/0x8fa318f364a597055f235f90363c5254c100097ea97939f41812d0313a27ea14
2023-03-21 09:29:11,True,0.4967,0.001507,601.991,0.9076,0x70...8487,https://bscscan.com/tx/0x5e2a2b609a95eaeb96d8a75d8fbd813b51837321e249cac474bd09bef6b0fbb7
2023-03-21 09:29:05,True,0.4969,0.001507,15.5795,0.0234,0x3d...9323,https://bscscan.com/tx/0xa2d36b63515f28e5a14f8c56a3f5a437637acf7575eca2ffca99b63bc3a871d2
2023-03-21 09:27:50,True,0.4966,0.001507,1965.13,2.9626,0x15...90fa,https://bscscan.com/tx/0x34fd9af6addf45ea221bafbd5755d35a12f668fb8fc7f0e5fa2a3c97f10730cc
2023-03-21 09:26:11,False,0.4914,0.0015,10012.4,15.0242,0xb0...a41e,https://bscscan.com/tx/0x385cf5e1a3f1d891373b3e43e8aed81568699305373fa4178cd3057b8b5d6afc
2023-03-21 09:25:38,False,0.4941,0.001501,2213.01,3.32242,0x00...78d2,https://bscscan.com/tx/0xd7695862bf9fdb0b71e2f0b60d11500e9da61657c99c26a58753c2de96f8867d
2023-03-21 09:25:29,False,0.4942,0.001501,2441.88,3.66672,0x00...78d2,https://bscscan.com/tx/0xb34cfcd1e94a748da0a383dd907054840117f79f539d252eae520b5e01e500af
2023-03-21 09:25:23,False,0.4943,0.001501,2441.88,3.66746,0x00...78d2,https://bscscan.com/tx/0xe9841f24dfcadc400f78d748c50b1ab924a21ee3cc9be55c4eb0fdd7457ad6a3
2023-03-21 09:24:35,False,0.4921,0.001502,2436.92,3.66075,0x00...78d2,https://bscscan.com/tx/0x6cd312950ca7036194cafa5b09bb2ecf33effe909a204b65b815dae7cca3f0ab
2023-03-21 09:23:53,False,0.4946,0.001502,1680.7,2.52519,0x00...78d2,https://bscscan.com/tx/0xdf27ae41db41ac2528adddefd7c456328616438f0931d699824993591c1d5425
2023-03-21 09:23:38,False,0.4947,0.001502,454.0,0.6821,0xe3...d2ff,https://bscscan.com/tx/0xacc01c36cebeea62dc0b6d0c13d0c83d4e60031fa1888b6b7109ed4e4aef8351
2023-03-21 09:21:44,False,0.4923,0.001502,2000.04,3.00555,0xb0...a41e,https://bscscan.com/tx/0xe18786b69268bdd3e6119b6ddb53ee36c11080412b49835cf7c8a7c8b004be6a
2023-03-21 09:21:44,False,0.4924,0.001503,2436.18,3.66163,0x05...7eea,https://bscscan.com/tx/0x90a0602e1a02b8865c0645c079477b52d599d5ce073690d74a52a6bd2c5cd96d
2023-03-21 09:21:02,False,0.4949,0.001503,15.0,0.0225,0x99...2fc5,https://bscscan.com/tx/0xcf3dab051a58173ebc5f69146c6a9c1a2d084f111efd536f62c73701b2788668
2023-03-21 09:20:44,False,0.4951,0.001503,6700.0,10.0741,0x83...6678,https://bscscan.com/tx/0xa4a548bbc3650c82a3307f61b8dd998cd4c09a074e169f3ad3333c8d7e1444a8
2023-03-21 09:20:44,False,0.4953,0.001504,5335.96,8.02709,0xb0...a41e,https://bscscan.com/tx/0x563dcf94269c07e97375704cbc9a0d7faa4c67890e78d14fd7fd5a09f9b9e6fa
2023-03-21 09:20:05,False,0.493,0.001504,998.906,1.50309,0xb0...a41e,https://bscscan.com/tx/0xd76c1fdc368d6e18107ee765b82a4b8705a9c3a07d261a5e1b3f111f3b809e25
2023-03-21 09:19:38,False,0.4955,0.001504,1331.87,2.00431,0xb0...a41e,https://bscscan.com/tx/0xc5414209aa79d610282ed6de5cee39c41bc39c4ea874e7ad786a1499afbf47a5
2023-03-21 09:18:41,False,0.4956,0.001505,2276.06,3.42571,0x00...78d2,https://bscscan.com/tx/0xcc65f42ae81e9cb2afddb6013168522fa6c28f112a310b3a582db51ef26c6cfd
2023-03-21 09:18:17,False,0.4932,0.001505,1418.3,2.13501,0x00...78d2,https://bscscan.com/tx/0x931ad99507e2c95e3782f31f891e3460718394c104453b210c89ef867f56f293
2023-03-21 09:17:59,False,0.4957,0.001505,2431.98,3.66152,0x00...78d2,https://bscscan.com/tx/0xe44b0b6a6f3179a78d058042f0f7d446849548bdc9e97b2cfeffaba64cd7ed35
2023-03-21 09:17:29,False,0.4955,0.001505,624.4,0.9402,0xef...cab1,https://bscscan.com/tx/0x5110d9f04f6cbe9e9c75a3faf8259e25de06be775370f8570f98fab9a6e377f5
2023-03-21 09:17:20,False,0.493,0.001505,1617.6,2.43595,0x00...78d2,https://bscscan.com/tx/0xfa8f99336d34b9942e4cf659c22ab2f01de7f5c645124317d8999012616a2881
2023-03-21 09:16:47,False,0.4931,0.001506,510.0,0.768,0xaf...847e,https://bscscan.com/tx/0x2815d00837c8c23a2cf92b0ed5081cc7ca12b123d77ab2d41c9b8b1de5690c97
2023-03-21 09:16:17,False,0.4931,0.001506,2429.52,3.65938,0x05...7eea,https://bscscan.com/tx/0x20eb88ec88985ad248cf5e3afa24c93d4d59b3ab189f79c25f9ce97bdab95be7
2023-03-21 09:14:11,True,0.4957,0.001513,600.422,0.9089,0x70...8487,https://bscscan.com/tx/0xd245fbe0fa4bf5a318c39bf27a8b1b1516f76b62fde95f28ecf5508dd604ce41
2023-03-21 09:11:02,False,0.4956,0.001506,275.0,0.4142,0x4d...1c99,https://bscscan.com/tx/0x3c6b572d82cdd215d7be0b1100724562bed5ff9fbd486357d60fe85dcafd48a3
2023-03-21 09:09:59,True,0.4981,0.001513,1426.28,2.1591,0x15...90fa,https://bscscan.com/tx/0x24dd740eb821e03dbbbc9cd22130bb7575feeafd7f650c874eca84fa871ab371
2023-03-21 09:09:35,False,0.4956,0.001506,404.327,0.6089,0xfe...1827,https://bscscan.com/tx/0xa18bb6d717a80d7c7d7e8d6c28eb4dd6a856ddde0cac11bcdd425864f36bf3b9
2023-03-21 09:07:14,True,0.4977,0.001513,660.624,1.0,0x0b...a1ff,https://bscscan.com/tx/0x18452b7e3daab204ef51fe98c6951d8e2df83fb5ce4ea8432e0d557338e825a4
2023-03-21 09:06:08,False,0.4951,0.001506,1001.09,1.50783,0x1e...96b7,https://bscscan.com/tx/0x44f3bce7717c9ad4b6dd7237f1d4986ddefdf37d12dcc20520c52b64bb0173de
2023-03-21 09:02:53,False,0.4933,0.001506,1484.6,2.23631,0x00...78d2,https://bscscan.com/tx/0x5812e34dfaf3307d5b9dfa28ecb935cb55442603f13b5c343208cde47148e5e0
2023-03-21 09:02:20,False,0.4933,0.001506,165.149,0.2487,0x33...9d5d,https://bscscan.com/tx/0x60ace96ac316202a1a8bf09cf51160b058fabe28625c5b6050c1b6cb351a162c
2023-03-21 09:02:20,True,0.4958,0.001514,242.101,0.3665,0x3f...66aa,https://bscscan.com/tx/0x26492e8e6c0e87f96a249ca3574f823eaa5f19c2b6a977914fe8788f4651ce69
2023-03-21 08:59:11,True,0.4989,0.001513,598.879,0.9066,0x70...8487,https://bscscan.com/tx/0xa4e16e4b3ef4e2b850f130db2c46b3ee3b4f2280f06e07e2d4759562a7282db9
2023-03-21 08:58:47,False,0.4965,0.001506,2186.1,3.29332,0xa0...cc8d,https://bscscan.com/tx/0x0583b6dedc5e6a460e6e9905c20b669b2594364441190325f7616f016d96c38b
2023-03-21 08:57:20,False,0.494,0.001506,930.6,1.40211,0x3e...a7c8,https://bscscan.com/tx/0x84a598ba8f8a2cdcfb0d0e42e0cb16adf4f19bfbd92d21375450adcf9d81c3c2
2023-03-21 08:47:38,False,0.4944,0.001506,44.438,0.0669,0x75...ea35,https://bscscan.com/tx/0xaba623650aa572f5370028f058c5769bc9c2033f4eb69ef9a70e792b38af8873
2023-03-21 08:44:26,False,0.4944,0.001506,504.0,0.7594,0xc1...b919,https://bscscan.com/tx/0xb14fd71f930985e429546a94f77c1c013bb63b395c6f447ce1ff2d5ac99e9c56
2023-03-21 08:44:23,False,0.4944,0.001506,361.4,0.5445,0x56...0086,https://bscscan.com/tx/0xa699b290b62f5023ee937f9deccc514712b779016d10ca9bb67433996128b5de
2023-03-21 08:44:23,False,0.4944,0.001506,731.067,1.10164,0xd3...ec6f,https://bscscan.com/tx/0xffc74c33d429dc7dab6f1e2be19e44b1da8a6f343804c19e8b7a805ccf8bb1b8
2023-03-21 08:43:47,False,0.4969,0.001507,1962.73,2.95796,0xd3...ec6f,https://bscscan.com/tx/0x0c5ba822174ea7d8e2df0a08c0ac01725285fc4abec26e0344e2cfd7cd6d1d5a
2023-03-21 08:43:17,True,0.4969,0.001514,599.798,0.9085,0x70...8487,https://bscscan.com/tx/0x902c4f9d4d037eb3f8e7965b67d6f2ec8217e33a585b5abcb57c2b593c8e2ec0
2023-03-21 08:42:44,False,0.497,0.001507,1604.35,2.41809,0xd3...ec6f,https://bscscan.com/tx/0xe791ed4fd1daf4d2d850d0d5197662676235bbbb1fb96b1b453acaeed3aec1f9
2023-03-21 08:42:41,False,0.497,0.001507,1664.09,2.50847,0xd3...ec6f,https://bscscan.com/tx/0x23cafcd627cc8ef784e72e014baea8f8c64b90d06da05ca15e256cacfd41726d
2023-03-21 08:42:17,False,0.4971,0.001507,1739.57,2.62262,0xd3...ec6f,https://bscscan.com/tx/0x6f664651e2e23262fc5a44c1e74786690c4cb56e11a9e1e277a1a1ceed76b0b5
2023-03-21 08:38:26,False,0.4944,0.001507,463.1,0.6982,0xaf...847e,https://bscscan.com/tx/0x63aa559636988aae3b5c2616799a3525c3d468da3bd45606bed2d5e8a5f839b1
2023-03-21 08:38:23,False,0.4945,0.001508,3503.24,5.28293,0xd3...ec6f,https://bscscan.com/tx/0x540eebe8ef0cd5db20a535d7d8a4eabb0c7de3dc4b2bdca26a6436f2153c9f98
2023-03-21 08:38:23,False,0.4947,0.001508,4667.62,7.0412,0x56...0086,https://bscscan.com/tx/0x1eb167ebc850c757c39ad9f8da3d75aa89b947d3302ccf5f2defac285fc97878
2023-03-21 08:38:20,False,0.4949,0.001509,7858.81,11.8613,0xd3...ec6f,https://bscscan.com/tx/0xa9bbf430522af49b761fc7255691644cc518b4619cc8b998cfc6b5fd7d042200
2023-03-21 08:38:17,False,0.4951,0.001509,1327.42,2.00424,0xb0...baef,https://bscscan.com/tx/0x5434f41dc16a7e0a9fac5300fd961ae2cfcc3e942fe47709caebda1032f1a2c2
2023-03-21 08:38:17,False,0.4952,0.00151,2365.08,3.57152,0x00...78d2,https://bscscan.com/tx/0x15ce88313ade5d7015122ac9a4c0ddca8c04e7f84bcff56c8eac1aa7e718fd91
2023-03-21 08:38:14,False,0.4953,0.00151,200.268,0.3024,0xd3...ec6f,https://bscscan.com/tx/0x66c6d48ac0b309e23c95794ee4673dd4d98f44c69ce10300b6b9dce3e93dc383
2023-03-21 08:38:11,False,0.4977,0.00151,200.325,0.3025,0xd3...ec6f,https://bscscan.com/tx/0x615f23b2679138662c41e63b4416156a7968cc6efd37943cd5a41534cda808f7
2023-03-21 08:38:05,False,0.4977,0.00151,885.2,1.33697,0x34...7c76,https://bscscan.com/tx/0x699ac1b110e96903fc2f3fece9b840387219b3384d2d9035b0db85a1cd562683
2023-03-21 08:38:02,False,0.4978,0.00151,1146.6,1.73193,0x3a...231f,https://bscscan.com/tx/0x5a3db642b247dc69765f936c95d4b6d69d8981225407f225dc2cccc62111e2e5
2023-03-21 08:38:02,False,0.4978,0.00151,912.81,1.37891,0xd3...ec6f,https://bscscan.com/tx/0x6b58df9a1e318ddd3f52d2143ad8db82460067530127bbd2e62514b102d0f4f5
2023-03-21 08:37:59,False,0.4954,0.00151,199.609,0.3015,0xd3...ec6f,https://bscscan.com/tx/0x4c58e1226a43a4cbcbfbbda735c306eb0e23305e0babbb1fbbc9a13e5b40afab
2023-03-21 08:37:53,False,0.4954,0.00151,1045.6,1.57966,0x7a...c707,https://bscscan.com/tx/0xc5413df7478b5b582e0e15f30341e1956407ff73bb5a92127eb1814a33b52553
2023-03-21 08:37:47,False,0.4956,0.001511,8900.0,13.4514,0x83...6678,https://bscscan.com/tx/0x9394125290d866bf1b59131076765dbaa3caed1556fe297040160a9495964818
2023-03-21 08:37:44,False,0.499,0.001514,35652.4,53.9843,0xd3...ec6f,https://bscscan.com/tx/0xa93ea12909da397458066f087b1f5f22f352ae104053cd88c1f2ab39584df052
2023-03-21 08:37:44,False,0.4998,0.001516,2411.69,3.65752,0x00...78d2,https://bscscan.com/tx/0x9cb3cf8333c71fbb9bc0d83f30d2fb607eb7c3d8f968f11fd5a2a01e6f3d5276
2023-03-21 08:35:23,False,0.5002,0.001516,1798.4,2.72789,0xb3...55e7,https://bscscan.com/tx/0x2fa79e5cf6bbb0827623e477c1ebd4840bf78cec248d0952301f14baf862e2ed
2023-03-21 08:35:20,False,0.5003,0.001517,3274.89,4.96853,0xd3...ec6f,https://bscscan.com/tx/0xdcf17245ee452137150c33080f08f22a6b0b6da19fc1336e7fc9c457815f0db7
2023-03-21 08:35:20,False,0.5004,0.001517,2409.27,3.65611,0x00...78d2,https://bscscan.com/tx/0x010114bbb36b537482cdf7de52fdff0aff1bba2482b155a935000d7e0bf03455
2023-03-21 08:34:41,False,0.4999,0.001517,707.16,1.07327,0xd3...ec6f,https://bscscan.com/tx/0xbb2c5a94e86366e666a15336a433b6b9adddd5dbc0765a6f6340be7cc8386e21
2023-03-21 08:34:38,False,0.4999,0.001517,808.4,1.227,0xc1...b919,https://bscscan.com/tx/0xace1f974b231a68cc0382e76419650d06773ba8b639c39b5d221eff7d8f86900
2023-03-21 08:34:11,False,0.4974,0.001517,342.8,0.5203,0xaf...847e,https://bscscan.com/tx/0x82efb84453707e5dabe36e9c75f03a56ad605c233007c1bce34919eaaaea1990
2023-03-21 08:34:11,False,0.4974,0.001517,342.282,0.5195,0xd3...ec6f,https://bscscan.com/tx/0x6c056f486d28cd5b6ad9d97deeedfbdd8eb3d7f5b9499f10eb7c6182ad6d1b61
2023-03-21 08:34:08,False,0.4974,0.001518,814.411,1.23628,0xd3...ec6f,https://bscscan.com/tx/0xb67df4da3c918a457451fa74698bb13887b4c1d6a1724c120568d224d066dc1d
2023-03-21 08:34:08,False,0.4974,0.001518,493.2,0.7487,0x56...0086,https://bscscan.com/tx/0xb382f1a39ebe1ea3d3514b45a885dd33a72c2b3c830d5bce41ef2e40715c8809
2023-03-21 08:34:02,False,0.4974,0.001518,362.6,0.5504,0x3e...a7c8,https://bscscan.com/tx/0x615c0cdc8fc5be4eb3e3032e64937ca85b96cf5fe561425e4de8245089bb3511
2023-03-21 08:33:50,False,0.5,0.001518,2148.33,3.26179,0xd3...ec6f,https://bscscan.com/tx/0x29e6c828c6b3470a75b4f987b14c905dce274deabbcd7baf6af8f83b0e8c8708
2023-03-21 08:33:47,False,0.5001,0.001518,674.123,1.02364,0xda...c952,https://bscscan.com/tx/0xe913728d5291b5cfcbde360b480fa0d2170af633f7764a71ff43afb4ca24555d
2023-03-21 08:32:53,False,0.5001,0.001519,11584.5,17.5997,0x91...79fe,https://bscscan.com/tx/0xa0bbf1fc4eebadf00b9db1309f749bae699e765d7cbf38da51d63b0d9e5f0efe
2023-03-21 08:30:05,False,0.5007,0.00152,242.639,0.3688,0x07...862d,https://bscscan.com/tx/0x5af60c6d9148730d3183905c1ed6bdec9821bd2a56dc77238829282f6a70069d
2023-03-21 08:27:13,True,0.5031,0.001527,594.978,0.9088,0x70...8487,https://bscscan.com/tx/0xa4fbd5407dc5547a9b337c9e7a35176886a4ab5c54c93083d9beb6a783fc78ac
2023-03-21 08:26:13,False,0.5008,0.00152,14406.1,21.9095,0xda...6e1f,https://bscscan.com/tx/0xd3fe3b708c486115b3abdc26420dcf7a1fc5239a525a9f6302994f60ebbd29ae
2023-03-21 08:20:10,False,0.4985,0.001521,2150.1,3.27221,0x98...5cc4,https://bscscan.com/tx/0x17df24b4522cc0add7222cff962586e3aaa06c436a8a01d8b9eaa86499438231
2023-03-21 08:20:10,False,0.4986,0.001522,3933.27,5.98753,0x3f...573a,https://bscscan.com/tx/0xe96bbd0c2aefd1198c4ad85d185682ce45b7ab4a05e510abb898ee388d9b5ac6
2023-03-21 08:19:44,False,0.5012,0.001522,2934.49,4.46838,0xf2...bfcf,https://bscscan.com/tx/0x94a743415f17747746f77a88ca76292000224e761e72ff28862038b54e1f1c2e
2023-03-21 08:19:44,False,0.5015,0.001523,7630.97,11.6249,0x8b...88f6,https://bscscan.com/tx/0x6249690f4d705a0e600b2b28b281199c44caaacb09a3a4df66772e0c26026b07
2023-03-21 08:18:51,False,0.5021,0.001525,27545.0,42.023,0xda...c952,https://bscscan.com/tx/0xf92ada3ebf9cfa7d206688c7d5914e1bccf7bd7aa595dcf60828b89375f3f550
2023-03-21 08:14:28,False,0.5,0.001527,93.7517,0.1431,0xc3...c2a2,https://bscscan.com/tx/0xe63da55bc93c92325b3c20e52c9ac17139f432d45c54a40fa3a2d46cbb51c342
2023-03-21 08:12:37,True,0.504,0.001534,2374.25,3.6442,0x00...78d2,https://bscscan.com/tx/0xa22190ad8b42ca0c39747fbf92846c00796be995aba2e56c2248ed11520d5ee1
2023-03-21 08:11:19,True,0.5042,0.001534,1486.99,2.28199,0x52...1c7e,https://bscscan.com/tx/0x00b5d9b5efb56e55380213d7110f7a51ec3b55c82cfe6eeeb8b974c7d6783bf0
2023-03-21 08:11:13,True,0.5042,0.001534,2281.02,3.5,0xda...6e1f,https://bscscan.com/tx/0xadcae18bb4e59eebdab08ce7638870448aaf24c2b8ed07209fee61a118a24dde
2023-03-21 08:11:10,True,0.5069,0.001534,2281.46,3.5,0xf2...bfcf,https://bscscan.com/tx/0x512c3a8dd34733c3451f11742a7da79367c85e4ca154a604de5266978a442d61
2023-03-21 08:11:10,True,0.5069,0.001533,591.099,0.9067,0x70...8487,https://bscscan.com/tx/0x3f54a888be7d98611cc3caf24ddbca4e41be6fd663a752fd203b04a046a3319a
2023-03-21 08:11:10,True,0.5068,0.001533,2282.0,3.5,0xda...c952,https://bscscan.com/tx/0x47f97bdef148258f53971c77f0116154ee8cd00b7bc40c3378f6908df1d14e0e
2023-03-21 08:11:07,True,0.5067,0.001533,2282.44,3.5,0x91...79fe,https://bscscan.com/tx/0x97d67dc62edf34f6b71373bbcb7d8c13832925cdb8cf1fccfb642d100b079a2a
2023-03-21 08:11:07,True,0.5066,0.001533,2282.87,3.5,0x2f...e155,https://bscscan.com/tx/0xa6ff4b8153d1b432ac2d9cae404861fd4f5953e7d442afed3ab89db4631fb3a0
2023-03-21 08:10:46,True,0.5045,0.001533,806.158,1.23581,0x8b...88f6,https://bscscan.com/tx/0xa6fa22012355efdd7861e975090213aca02591b404ae769ede74ec4354b64d8c
2023-03-21 08:08:58,False,0.5018,0.001525,45.2513,0.069,0x90...48cd,https://bscscan.com/tx/0xcce72bb4abb7a61be379d147c59303ebc2c76e71b046d3fab90e11c472857e7f
2023-03-21 08:08:49,True,0.507,0.001532,6525.31,10.0,0x91...79fe,https://bscscan.com/tx/0x2c9d09a14713221b9f4c89d0290428a3b9515d9c80c846a5db38761dea12db86
2023-03-21 08:08:49,True,0.5068,0.001531,3916.89,6.0,0x0c...8533,https://bscscan.com/tx/0x43d43fd5fc3f9a725ca524b22e6d4cd3245eff9dfbdada5b7bfe1bfc033f7b7d
2023-03-21 08:08:22,True,0.5065,0.001531,603.633,0.9244,0xed...4f31,https://bscscan.com/tx/0x8472a6e3c28706fbd03c4e4e4dcff1d087dc9daf630b1293dd2ac66a1ed7db4d
2023-03-21 08:08:19,True,0.5074,0.001531,3265.22,5.0,0xda...c952,https://bscscan.com/tx/0x3dfa036e41d15a415c7af28ae395b4cf78895846b11510c1dd4f7ce7dc06b76f
2023-03-21 08:08:16,True,0.5073,0.001531,1226.01,1.87703,0xed...4f31,https://bscscan.com/tx/0x4798b7404973d8b6be067182d1ec15eb782da45b814063a614ec1e866f493b12
2023-03-21 08:08:13,True,0.5072,0.00153,6533.78,10.0,0xda...6e1f,https://bscscan.com/tx/0xb4accc65c70c77310ad976a70f984c4cde04a0c486e301954351172ba8ad82e0
2023-03-21 08:08:13,True,0.507,0.001529,3268.22,5.0,0xda...c952,https://bscscan.com/tx/0x0ed5b12b706fc097a57ae5e44152cbeadfc5a74649863dc4dd08638c077e01fc
2023-03-21 08:08:13,True,0.5068,0.001529,2374.25,3.63146,0x05...7eea,https://bscscan.com/tx/0xabcfa12e1d644b92ac237ade3a6d7980073db86645be52f62de18b66cff179bf
2023-03-21 08:08:04,True,0.5053,0.001529,4752.89,7.2675,0xca...34d7,https://bscscan.com/tx/0x5fc830f6c5b876e1d07db0121943d37ce243bd8f22abf95c5611b31c68373c20
2023-03-21 08:07:52,True,0.5052,0.001528,2289.65,3.5,0x62...1f10,https://bscscan.com/tx/0xfde828f87958b7f3f52d7568c032835d17fa876b791c0d5be7d73e6281590047
2023-03-21 08:03:10,True,0.5056,0.001528,1236.9,1.89047,0x62...1f10,https://bscscan.com/tx/0xd5474e33008d47006943be31494352a4f68c77f666064aeafb2d0a72263a2d79
2023-03-21 08:02:46,True,0.5055,0.001528,1129.92,1.7268,0x8b...88f6,https://bscscan.com/tx/0xe87893c878126f57f3260c070acdc5a6243aedcccd8ed70857b25f5386eaec85
2023-03-21 08:02:28,True,0.5055,0.001528,2290.54,3.5,0x8d...1b76,https://bscscan.com/tx/0x80e4adb16067011d9ef62797a5f43d5031280e3ab61dbac735440f0dec41313e
2023-03-21 08:02:28,True,0.5054,0.001527,2290.97,3.5,0x2f...e155,https://bscscan.com/tx/0x4a00708df0f33a2db01e487d81a48b39c814e12f16f7127da55a920273d333d6
2023-03-21 08:02:28,True,0.5053,0.001527,1596.0,2.43787,0x00...78d2,https://bscscan.com/tx/0xa298d5b6caea1305e506af699092adb0c6a16b794fe764befc18520aa3290930
2023-03-21 07:56:17,True,0.508,0.001527,589.117,0.8997,0x70...8487,https://bscscan.com/tx/0x739595b91b9cb62a92410784aa123ca63d1646f0a1d1fbb42df5247cb3db9db5
2023-03-21 07:56:05,False,0.5027,0.001519,28.1916,0.0428,0xc4...8651,https://bscscan.com/tx/0x0f79231fab270f62dc3560d0441cb3f116568957a66ec0990bd0941d68ecbc0a
2023-03-21 07:53:56,False,0.5055,0.001519,89.3289,0.1357,0x02...f2c0,https://bscscan.com/tx/0xe7d533f08ddccbbcdc457e4fe5222e75cc1ec3d90def8e7ef34cef2e79bd55b2
2023-03-21 07:46:32,True,0.5079,0.001528,268.106,0.4096,0x51...1bf0,https://bscscan.com/tx/0x483e1d99255d42bb46873c62d4513927bc09118250b71222fad343a2981be607
2023-03-21 07:41:11,True,0.5077,0.001527,589.546,0.9003,0x70...8487,https://bscscan.com/tx/0x20cfea30356d495b7fe55b36a1ff35039224c62f4332de64b4e6a6ec3887046d
2023-03-21 07:39:26,False,0.5027,0.001519,300.0,0.4558,0x52...a560,https://bscscan.com/tx/0x641eeefaef776ea4d89d4d7aa010dfd9f034245f96e42e03d6fb8fb72878aa1e
2023-03-21 07:37:56,False,0.5026,0.001519,10.0,0.0152,0x14...4e59,https://bscscan.com/tx/0x2df90b0ad21f287815162f232fb22836ee3564d8bf1a8b11af5f874cb7f396d4
2023-03-21 07:30:50,True,0.5052,0.001527,1827.9,2.79146,0x3e...a7c8,https://bscscan.com/tx/0x9660b9254ec542214a2762dbce8b3dea99bcb58dcab00bd981b8620690105661
2023-03-21 07:28:56,True,0.5076,0.001526,2292.26,3.5,0xda...6e1f,https://bscscan.com/tx/0x1ce03b7b14d8245a99dfe94ad4acdd28f18d3d8e1b58167278b63b876fff7103
2023-03-21 07:28:56,True,0.5074,0.001526,6551.72,10.0,0xda...c952,https://bscscan.com/tx/0xc7942e8ef76e989b0ed3e28dde948e03fb832ce715276b5b369b878ec0898f31
2023-03-21 07:28:47,True,0.5073,0.001525,2293.95,3.5,0x91...79fe,https://bscscan.com/tx/0x5b8f615df490be069aceaef8ab2b51afbacd70b0eb111e679c3e8a211f1c7669
2023-03-21 07:28:44,True,0.5072,0.001525,2294.39,3.5,0x0c...8533,https://bscscan.com/tx/0x123d959fcc126e7791d6b2bbea7f7ae9c00e0218bfebe528db989d18a10c0578
2023-03-21 07:28:35,True,0.5071,0.001525,338.705,0.5166,0x62...1f10,https://bscscan.com/tx/0xdc9427c7a956226b9813e66069e436bf259c3d637f2e7bea51d8d8b994154a83
2023-03-21 07:28:35,True,0.5071,0.001525,2294.89,3.5,0xda...6e1f,https://bscscan.com/tx/0xce2af934d5389150775702ec79798812efa9394f0fafa0e803b5780811396a6b
2023-03-21 07:28:35,True,0.507,0.001524,2295.33,3.5,0xda...c952,https://bscscan.com/tx/0xb344ce0e7a5b2352d47ec46c0a70f24d869a354002863633f58615056fa115e0
2023-03-21 07:28:35,True,0.5069,0.001524,2295.77,3.5,0x8d...1b76,https://bscscan.com/tx/0x125c086354bdd241d20b7793f7cfce39398795236b97aaf4dfb37401e1fdd9b9
2023-03-21 07:28:35,True,0.5068,0.001524,2378.23,3.62502,0x00...78d2,https://bscscan.com/tx/0xd5cbcb08dc2bd5ce8d15c3dda62600ae35f0b8b05b014a92440083cd1ac8f372
2023-03-21 07:28:20,False,0.5042,0.001516,40.0,0.0606,0x44...d7ca,https://bscscan.com/tx/0x86e38ce5b9f5c9dbad768b8b546a41380df5278308d9e34ed802ceccee1ee4ef
2023-03-21 07:26:17,True,0.5044,0.001524,590.979,0.9006,0x70...8487,https://bscscan.com/tx/0xd0fdd90530dce4944b1fb6f0857874bc6935f9ea56e2edd3a5070649f3b08c7a
2023-03-21 07:25:05,False,0.5019,0.001516,88.0019,0.1334,0x76...d234,https://bscscan.com/tx/0xf69dc537c7e19a489a0cd200b1c4429f73d0befdd47e8d0ac1afb8d1a4ac8f52
2023-03-21 07:21:14,False,0.5042,0.001516,118.593,0.1798,0x0f...2ca5,https://bscscan.com/tx/0xab7f0316c28e62f510fae9dd55dd4df795eb931a4e221a02ae206ddd5fe84ee6
2023-03-21 07:14:06,True,0.5059,0.001524,84.6336,0.1289,0x39...ba14,https://bscscan.com/tx/0xea7a3776e3fe86eac210e38c2568cab28ba5b0925e7f2a9a3a8b540d8637405b
2023-03-21 07:10:12,True,0.5058,0.001524,590.433,0.8998,0x70...8487,https://bscscan.com/tx/0x32f021f5195f432ab26c08f594ef68bc6843e75b337d5e4eed3f17bc4e916986
2023-03-21 07:10:03,False,0.5033,0.001516,123.852,0.1878,0x9c...6d5f,https://bscscan.com/tx/0x1c34bf873fa5a95d2d7b8345ca46c977e082be23ad8bfc1455c1fa81daf10330
2023-03-21 07:04:00,False,0.5037,0.001516,19.784,0.03,0x02...f2c0,https://bscscan.com/tx/0xf1330bd3874f7ff795ef04ff670e7c22419579199276d3247c12ea1ed04ebf88
2023-03-21 07:00:39,False,0.5032,0.001516,39.6479,0.0601,0x02...f2c0,https://bscscan.com/tx/0xacda116b62e9c68897ee48aa6fa7d1d541b55d09fb63921a8f6c521538fa4336
2023-03-21 07:00:33,True,0.5057,0.001524,296.44,0.4517,0xd3...ec6f,https://bscscan.com/tx/0x433ba07ac8f073b6dfc047cd22fa5a4df4910acfb27fac75ee85bad2d8ac5ba2
2023-03-21 07:00:21,True,0.5083,0.001523,549.7,0.8377,0xd3...ec6f,https://bscscan.com/tx/0x7a7a5de758eb1dbb707be45afc6e1ad5f4ebf28c010c865952dffbc584fb68b4
2023-03-21 07:00:18,True,0.5083,0.001523,549.7,0.8376,0xd3...ec6f,https://bscscan.com/tx/0xf5333874a1e4a9a7ef058dc5d26564985e71407747f6b38543a3e30017346075
2023-03-21 06:59:57,True,0.5084,0.001523,700.1,1.06679,0xd3...ec6f,https://bscscan.com/tx/0xc9499252af03ace121199b2c29645322815873d92254a620365a56b13e27c813
2023-03-21 06:54:12,True,0.5084,0.001523,588.9,0.8973,0x70...8487,https://bscscan.com/tx/0x532bf2924f7a001535c8a7e228ac5c11400b8efd4e6303ead84af562bea30be6
2023-03-21 06:38:11,True,0.5081,0.001523,586.397,0.8934,0x70...8487,https://bscscan.com/tx/0xd7712b24625d65d1b246c9bbc3b2b5f0b63d4b61b28e18e94fdd80ef4250ae90
2023-03-21 06:36:12,True,0.5109,0.001523,461.05,0.7024,0xce...5a49,https://bscscan.com/tx/0x8d548a69225d1526ed57d010413d8775a288feadb1c0050e91561046ed8821ea
2023-03-21 06:22:18,True,0.5116,0.001523,585.68,0.8922,0x70...8487,https://bscscan.com/tx/0xc35639b3ca3053b645555eb45a936206775703274dfaab2aec2a3537a5341669
2023-03-21 06:16:03,False,0.5062,0.001515,5.51796,0.0083,0xab...a224,https://bscscan.com/tx/0xc58752605c488fde220a9942fe252ebc140017822d5fdf1833fee27fabcd0b86
2023-03-21 06:14:48,True,0.5088,0.001523,40.0,0.0609,0xab...a224,https://bscscan.com/tx/0xb9a6ce0df4290587a8689df6cee7553b3d4cfef82052b7a01a0d863e34d0a3da
2023-03-21 06:13:51,False,0.5062,0.001515,13.6186,0.0206,0xab...a224,https://bscscan.com/tx/0x008b0b3a559055fe1dec042fbf4e03376c7f03603634f5c6fa33ea3622d9fa49
2023-03-21 06:13:45,False,0.5062,0.001515,5.80642,0.0088,0x2a...4fae,https://bscscan.com/tx/0x8d3ad1e8377ce18cec8196c4520ef8b96c0ae9219c9fc2123da0ff4cdbf9c9b8
2023-03-21 06:07:03,False,0.5089,0.001516,9200.82,13.9523,0x91...79fe,https://bscscan.com/tx/0xef284fe2d299f32eeb5d2fc1ce04496c89c0d20f742917b3ab189575e4c736d2
2023-03-21 06:07:03,False,0.5092,0.001517,2866.31,4.34869,0xed...4f31,https://bscscan.com/tx/0xed3887a6a9ffca0df0356ee93081eb9b7bae7b0476e92ce42d243d4c9cb5e27c
2023-03-21 06:07:03,False,0.5093,0.001517,2104.3,3.19325,0x4d...74b8,https://bscscan.com/tx/0x5d80deefbe20200c95646458be785572c64f059403354e340b5176014aab4487
2023-03-21 06:07:03,False,0.5094,0.001517,2104.37,3.19392,0xd3...ec6f,https://bscscan.com/tx/0xcd39e010e36ef0306607c27cf0943abac93427052f96f527a30a4a0119a30515
2023-03-21 06:06:12,True,0.5123,0.001525,584.872,0.8922,0x70...8487,https://bscscan.com/tx/0x9b1500a1c505ed2451552f29269a5e36a1e16d34cded5997d8556300ac5138ab
2023-03-21 06:05:45,True,0.5093,0.001525,5967.02,9.1,0x9e...8837,https://bscscan.com/tx/0xb7af7db4d7380a872847b4033d48d4c5b0187ceb03cc7d7cf02707d4acda6e03
2023-03-21 06:04:54,False,0.5092,0.001517,120.603,0.1829,0x3f...573a,https://bscscan.com/tx/0x22bd49af00d918af04da6c1de432e3720b04c266afd9b73e97b811e45fc7e0d1
2023-03-21 06:04:54,False,0.5092,0.001517,3132.13,4.75229,0x62...1f10,https://bscscan.com/tx/0x5ed5eb3cf9f23472cc9a63557500ebcbe56ce53a5d68675a6a3814b2f7296c8c
2023-03-21 06:02:24,True,0.5094,0.001525,12.9766,0.0197,0xeb...272e,https://bscscan.com/tx/0xb199d4d09a53b41d2ddd5ba77f8501a0f111390dfd780984dd96dd44469b6a4c
2023-03-21 06:02:21,False,0.5068,0.001517,20.5214,0.0311,0x52...8d7e,https://bscscan.com/tx/0xaac349d288f79e41c6d9fabe464d3d8635d2f3a0983ef48e9fd22e53f4e7b592
2023-03-21 05:59:39,True,0.5094,0.001525,660.787,1.00773,0x1d...50bf,https://bscscan.com/tx/0x13e0176533798972f78319388464b4ff38e33b24845e52f79839583f0d19524d
2023-03-21 05:56:39,False,0.5066,0.001517,92.0,0.1396,0x88...70af,https://bscscan.com/tx/0xa2ff5f80f0fc1c04f2ae75e00760dfa23e9b2a0f1d1b4109436c106b07ff4cb6
2023-03-21 05:52:54,True,0.5088,0.001525,30.0,0.0457,0xe3...83eb,https://bscscan.com/tx/0xe9a41cae3f97704981950fa6a98fbba7fc7731204855f6d2ca1a9fb3b4334b00
2023-03-21 05:50:18,True,0.5113,0.001525,584.997,0.8921,0x70...8487,https://bscscan.com/tx/0xeed749ece0c461f9220313d707fe3f7a173952958cf7ad1acb862f09a3b0463e
2023-03-21 05:44:54,True,0.5113,0.001524,780.057,1.1895,0xc0...38a2,https://bscscan.com/tx/0x272cdaefbfaa763c77381d8792cdd59eba72f966bc8f6533025fea942320dd46
2023-03-21 05:44:18,False,0.5087,0.001517,5.37762,0.0081,0xfb...a591,https://bscscan.com/tx/0xebff63b116b75222f1de2e48e8aa5343f71c9833f292d14a1d3b1fef65e811e7
2023-03-21 05:42:03,False,0.5065,0.001517,220.607,0.3347,0x2d...8533,https://bscscan.com/tx/0xe78c7b4f7568f00d21fa4a1908a27a68b662ade2eb0c082a44a8f994a6cde8b3
2023-03-21 05:39:09,False,0.5065,0.001517,2175.1,3.30047,0xf2...bfcf,https://bscscan.com/tx/0x484e8af7f4c73b10dbd76f1ac0ee8bf4cef22784c3f608ad2a1bc943d45be378
2023-03-21 05:39:09,False,0.5067,0.001518,6892.26,10.4622,0x0c...8533,https://bscscan.com/tx/0x152fe3316ae17431e2c4c2fb6950a431ba2c3b21a795f1ab6e33163cf10ef262
2023-03-21 05:37:51,False,0.507,0.001518,34.9519,0.053,0xe1...6452,https://bscscan.com/tx/0x068258dc63bfd44dafbdeeab534385ae2864b4f0bb8e566b6d684541ae5d9f0d
2023-03-21 05:35:10,True,0.5121,0.001526,584.966,0.8926,0x70...8487,https://bscscan.com/tx/0x90314343f5c6a42cdd4f039d979ab28d90dd44f923d6084530a467e91ec312ff
