datetime,buy_order,price_USD,price_native,amount_token,total_native,maker,etherscan_url
2023-04-03 08:48:40,True,2.724e-10,8.775e-13,210890741682.0,1.85065,0x67...fb5e,https://bscscan.com/tx/0x60feded8b7d470ef4d0ed7903ed216703e2318a6f4019f109c01f554c70f005b
2023-04-03 08:47:43,True,2.71e-10,8.774e-13,77500210282.0,0.68,0xeb...cf3d,https://bscscan.com/tx/0x8b70f2092fecb027093f390377b96ca4659649f9ca5371e7f030de248b9cad2e
2023-04-03 08:44:07,False,2.71e-10,8.73e-13,2308312625.0,0.0201,0x19...b319,https://bscscan.com/tx/0x0ae3d023ddadea5b1fdc1a74d097e97c8c6a62a6d152f288746d181f99f402a2
2023-04-03 08:43:31,True,2.723e-10,8.774e-13,4224919393.0,0.037,0x32...0150,https://bscscan.com/tx/0xba8bf73628db28c161e0e6e7c6a2fef03ec403c7d06ec41ae52757699a66b54b
2023-04-03 08:43:07,True,2.724e-10,8.774e-13,2109048514.0,0.0185,0x03...ded1,https://bscscan.com/tx/0x21c851c09d3ea0c3aeb942d9b9a2e4cd35f1f330c662a621ea89d6b650ce3e42
2023-04-03 08:39:25,True,2.724e-10,8.774e-13,6268149148.0,0.055,0xc1...a4ff,https://bscscan.com/tx/0x44e5d160bd5e468b8f169207cd99f58bb963ac434728f48bb38b96e3ac74ffac
2023-04-03 08:36:13,False,2.711e-10,8.73e-13,11120450092.0,0.097,0xf7...a067,https://bscscan.com/tx/0xc3c62a02cd2e939ce497d7b711ffe304c64b0b450d60ff9bc51b9cb8956e6a4e
2023-04-03 08:35:40,False,2.711e-10,8.73e-13,8710548346.0,0.076,0x77...503d,https://bscscan.com/tx/0x47c454a2228791965c552c3f3fd55b1d3f0e21e6d5795d556a103c3fd6666fb2
2023-04-03 08:31:20,True,2.723e-10,8.774e-13,5000000000.0,0.0438,0xcd...8eaa,https://bscscan.com/tx/0x01d91b859171b9aafe867b461a89dfe12f22eaba72086a766f60ce37432eac4f
2023-04-03 08:29:31,True,2.724e-10,8.774e-13,226791686.0,0.0019,0xc1...c390,https://bscscan.com/tx/0x34589e2fd648c77217dfa0c39153c776ba29b7a958750710d97416bb7d3bddb5
2023-04-03 08:29:18,False,2.71e-10,8.73e-13,2815774879.0,0.0245,0x36...26bc,https://bscscan.com/tx/0x11fe37ef28057a1ccb7688e3a5764a1fb51267093fce6695125db50477ec354a
2023-04-03 08:26:01,False,2.698e-10,8.73e-13,36374871533.0,0.3175,0xbc...019b,https://bscscan.com/tx/0x68ca2e7282124601ad0d3dc339dd881af88d0290284fefc3e4d40a18ec9c696a
2023-04-03 08:24:43,True,2.711e-10,8.774e-13,21280000000.0,0.1867,0xdc...9a5f,https://bscscan.com/tx/0xeda852f6495ea894bfcd999bf7276a0b25d5d8aa7a39ccfb01f89b6ce78e29d5
2023-04-03 08:19:19,False,2.697e-10,8.73e-13,48320440074.0,0.4218,0x0c...4c7e,https://bscscan.com/tx/0x108e9e8ff3c2eeade3345f57f6d1e7216cafc6159176d7117e21728ed8b17980
2023-04-03 08:19:01,False,2.697e-10,8.731e-13,6182084022.0,0.0539,0x19...95da,https://bscscan.com/tx/0x822ec30a7abebea773d216d8d8cf3d8ccbb5c9a435318ece7efe93c838471376
2023-04-03 08:19:01,True,2.711e-10,8.774e-13,34188700001.0,0.3,0x3f...f85b,https://bscscan.com/tx/0xcd8ee54f3380e54c98e98819c090b5212fbd55ce5da9487c5ed63c4d30a877b5
2023-04-03 08:16:34,False,2.711e-10,8.73e-13,1446371367.0,0.0126,0x6e...d193,https://bscscan.com/tx/0x351ce93a1b40f6d6add92373e52d8b44080f80195223bafac4716202f5da9203
2023-04-03 08:15:24,True,2.711e-10,8.774e-13,886355979.0,0.0077,0xc2...2a74,https://bscscan.com/tx/0x853dd0164d96959f75505442810b92e2090c9d8bb6d2973b13d880931f4022aa
2023-04-03 08:09:39,False,2.709e-10,8.73e-13,12077056309.0,0.1054,0x9d...f475,https://bscscan.com/tx/0x9cf4eaf7c707c0a251bc088df61b2777ed4c4083d100a83e5bc24bf2af079f8a
2023-04-03 08:07:34,False,2.709e-10,8.731e-13,18000000000.0,0.1571,0x17...cb9f,https://bscscan.com/tx/0xef9e83195926edb8c438f88d3302f1417a99b87ad1744bce39ddbb6487a5fe95
2023-04-03 08:05:26,True,2.723e-10,8.774e-13,34962987052.0,0.3067,0x02...9836,https://bscscan.com/tx/0xdea868ffe076fd235a5beb7bca4db800d43514de12dee463ded095cc7fd2f212
2023-04-03 08:04:41,False,2.696e-10,8.731e-13,61200000000.0,0.5343,0x17...cb9f,https://bscscan.com/tx/0x5cfb3f45fe61c3743bf6d596a246b8227b1ffeb8e00327ebc754d9d96c769cb8
2023-04-03 08:04:29,True,2.709e-10,8.774e-13,14169966577.0,0.1243,0x2d...b083,https://bscscan.com/tx/0x8e18bdf751fef56fe138bc10dd4e8d923a22a8f740f835a7e69f612e67a65f2d
2023-04-03 08:01:11,True,2.711e-10,8.774e-13,7749360745.0,0.068,0x36...0e6c,https://bscscan.com/tx/0x86f497691b09ab3100ad39834db49127f52a86baffd48df947a07964122e2132
2023-04-03 08:00:38,False,2.711e-10,8.731e-13,9000129755.0,0.0785,0xa9...0063,https://bscscan.com/tx/0xd417111d75005d824657f46fc265f2594b820ae99300e18476764c3024568206
2023-04-03 07:56:44,True,2.725e-10,8.774e-13,11871032689.0,0.1041,0x48...957e,https://bscscan.com/tx/0x8cdd38f4db70fb29c7f5163e189cc51927d5e3ea18a3692866c1fe09de56a3f7
2023-04-03 07:56:41,False,2.711e-10,8.731e-13,7666704000.0,0.0669,0x93...86e4,https://bscscan.com/tx/0x152928dee778a34751f0651dd7dde645f9ce1202e54634a12a32ea7221e31c19
2023-04-03 07:56:11,False,2.712e-10,8.731e-13,5503399147.0,0.048,0x18...a8e1,https://bscscan.com/tx/0x0969adefda8a05a54b69df0084a03102d22368810611f43aa29895a82d57a285
2023-04-03 07:54:05,True,2.725e-10,8.774e-13,5000000000.0,0.0438,0x22...b93f,https://bscscan.com/tx/0xcd161ba2b48038785af01310853aef66779f76f426923ab5f8ec1e51dc9d618d
2023-04-03 07:52:56,True,2.711e-10,8.774e-13,81659369638.0,0.7165,0xf6...608d,https://bscscan.com/tx/0x6823ae2eab6cb177cad132a9d46876bbf5f5be13ab9a5dec658c619fd888f21a
2023-04-03 07:48:35,True,2.724e-10,8.774e-13,47680070996.0,0.4183,0x8b...bb03,https://bscscan.com/tx/0x7258467a9836ccf4be024ba5690bc2d0004abdb47b99356868a2a2bdca4719ed
2023-04-03 07:44:27,False,2.71e-10,8.73e-13,38466697794.0,0.3358,0x13...53bd,https://bscscan.com/tx/0x507b3af7bf66a03c905d8647b275a17b63441b5dbdf04aa6d7ca1d22134ebf3f
2023-04-03 07:35:25,True,2.723e-10,8.774e-13,4897073498.0,0.0429,0xce...7545,https://bscscan.com/tx/0x0226786f41101cd64f16db98c4fce7e15e7806861049fd66798109104d081d3d
2023-04-03 07:34:04,False,2.71e-10,8.731e-13,315826145551.0,2.7576,0x46...f80e,https://bscscan.com/tx/0x340c9e28cef44cc2b92b04a562686bd9da99d34bf1cbf6a3d6dfe1a99f1cadf7
2023-04-03 07:29:22,True,2.724e-10,8.775e-13,3580390001.0,0.0314,0xcd...e8e8,https://bscscan.com/tx/0x7ab7b57026a5487a685c475a4f55b45ae4a8752dff26f3ab043d1c94712b175e
2023-04-03 07:29:16,False,2.71e-10,8.732e-13,49500000000.0,0.4322,0xba...8756,https://bscscan.com/tx/0x2f9e73468e2ef21684d6a1caa09053438ebb6ffcf71ab78e0797237103d3dfe5
2023-04-03 07:29:16,True,2.724e-10,8.776e-13,10000000000.0,0.0877,0x53...ad09,https://bscscan.com/tx/0x573787022e09c1a845dcb739036cee02a728b8ede0f8dc538c2a33f2a97d5e88
2023-04-03 07:24:22,True,2.71e-10,8.776e-13,10000000000.0,0.0877,0xc8...a4b4,https://bscscan.com/tx/0x207f724a0dc727852cd6a1b4fb1d72da7205b50e4ab7a5de0510532996b4a1fc
2023-04-03 07:23:55,False,2.71e-10,8.732e-13,6480417954.0,0.0565,0x49...d4f3,https://bscscan.com/tx/0x195eb6e345ce2c016540fa8f53477e7b3f3ff81321bd39856f1ea06399dce80a
2023-04-03 07:21:40,True,2.724e-10,8.775e-13,53000000000.0,0.4651,0xc8...a4b4,https://bscscan.com/tx/0xf88395e6be418e09b140eb404390c6605baac20f606bcf2d96d263cda4041039
2023-04-03 07:19:01,True,2.724e-10,8.775e-13,4243329834.0,0.0372,0x94...feb2,https://bscscan.com/tx/0x35bec82e15c47a57edcb8bd8743261f1015a7d7b1be75e111a86a1bafdf45e22
2023-04-03 07:15:08,False,2.709e-10,8.732e-13,115936035099.0,1.01238,0x70...7b12,https://bscscan.com/tx/0x15f1f211109ddf857d419bfe1bc766703b71b1c969e41ea8d506fd5917d41a62
2023-04-03 07:14:47,False,2.696e-10,8.733e-13,555647880812.0,4.85289,0x31...255e,https://bscscan.com/tx/0x308e045ca91a87444f68d6f5d4835ca39f53cd0983d616c4e33b13c49f094f36
2023-04-03 07:14:34,False,2.71e-10,8.734e-13,3094314580.0,0.027,0x83...e28b,https://bscscan.com/tx/0x5dd95802d7f8f50e46f8f81f098c54e8662110aeee2a61cfe0387651922396bc
2023-04-03 07:10:44,False,2.709e-10,8.735e-13,24268672567.0,0.2119,0xfe...e25e,https://bscscan.com/tx/0x793783cf7839e6eea885a42202de6dd6be674185eb3ca2bb54716c1a0d12c1d0
2023-04-03 07:06:11,True,2.709e-10,8.778e-13,27667423157.0,0.2428,0xd2...0335,https://bscscan.com/tx/0x8a18617f79a1db814a1fbcc9dc979e43f2df18446f201f6eb90b316a204df205
2023-04-03 07:05:59,False,2.709e-10,8.735e-13,151327889973.0,1.3219,0xba...8a2d,https://bscscan.com/tx/0xb9556d88721b33a87b7bf8feae0ce6da888d4682d3606b0c0dd5fd6c25c4100a
2023-04-03 07:05:35,True,2.723e-10,8.778e-13,352151413014.0,3.09144,0x84...7a92,https://bscscan.com/tx/0xdfebe8eec5e31395469008fbb0718dcc0fe03aaafac5e96bd320e34fd107d066
2023-04-03 07:04:53,True,2.723e-10,8.777e-13,13670719456.0,0.12,0x61...dbe7,https://bscscan.com/tx/0xf3c4dd603c4acf94691080bd68bf3161843799be5b8e117f8726104f66a5c3b2
2023-04-03 07:04:41,True,2.722e-10,8.777e-13,5147281764.0,0.0451,0x32...bd3c,https://bscscan.com/tx/0x8f9a63ff8e35364e370588074df13391695ee1f08cb02184e68d5125781b80a5
2023-04-03 06:56:46,False,2.709e-10,8.734e-13,21858490419.0,0.1909,0x5f...5120,https://bscscan.com/tx/0x65db38f94ae8e6118ce795a23ac789a608de3766948ad82987cba72689b77aa4
2023-04-03 06:55:55,False,2.696e-10,8.734e-13,10320576167.0,0.0901,0xcf...f75f,https://bscscan.com/tx/0xac24b30341865b5703f40b04cdb882b11ea28bae5c2233fea9a32b874a49eb62
2023-04-03 06:55:55,False,2.696e-10,8.734e-13,6085523107.0,0.0531,0xdd...0357,https://bscscan.com/tx/0xc370b48e5154bec8852a9ce1be489d737119ba2e081a97cd798522c2eb171aca
2023-04-03 06:54:07,True,2.722e-10,8.777e-13,5478042652.0,0.048,0x32...bd3c,https://bscscan.com/tx/0xc916abb1c8f2897d1f0d3d1bf0419b81827e958efa2ae1eca1e89e6fe7f19313
2023-04-03 06:54:07,False,2.709e-10,8.734e-13,11456179629.0,0.1,0xd4...1d9f,https://bscscan.com/tx/0xfe900302d0b70d55aeb588b22994dc300ac13996bb24a47a0699265e31e27ab8
2023-04-03 06:49:45,True,2.722e-10,8.778e-13,6151731738.0,0.054,0x69...ee87,https://bscscan.com/tx/0x33888e02cadcc19b7bc42d43bb58b3c3e764681c09fbafc843be87263170111a
2023-04-03 06:45:06,True,2.722e-10,8.777e-13,7412043122.0,0.065,0xc1...a4ff,https://bscscan.com/tx/0x5f97ffb721a16358eb0ed555419cc6787872c65e258d5788dbf37b6cd8eb2ae9
2023-04-03 06:44:34,True,2.709e-10,8.777e-13,9304624085.0,0.0816,0x9c...b9f4,https://bscscan.com/tx/0x47ed40232785ccdfd98cdd47abbe007dc452168b946db3da3c9e836af66dc9d1
2023-04-03 06:41:28,True,2.723e-10,8.777e-13,29393585605.0,0.258,0xb7...133b,https://bscscan.com/tx/0x8101f96cafa7caf8fcbcff35ecb511ec47ddb83d76563d806e62b172f826b47e
2023-04-03 06:41:10,True,2.71e-10,8.777e-13,45707142936.0,0.4012,0xf4...7933,https://bscscan.com/tx/0xc4c2e73e7a902125b5e3a8133d91ff609ceb398571c74be6ec054db89a9fa3ff
2023-04-03 06:40:34,False,2.696e-10,8.733e-13,6745955870.0,0.0589,0x12...8765,https://bscscan.com/tx/0x6b5350082e2f67ebd711c9da2684abc16eebe5e5d8cb8427612a9a11fb72ab0a
2023-04-03 06:39:27,False,2.697e-10,8.735e-13,821911984763.0,7.17992,0xba...9239,https://bscscan.com/tx/0xcf321ce725358d92c185fc2a91633e7c8eeb4c14e20141ba53f0d8cfa5979fa5
2023-04-03 06:36:36,True,2.725e-10,8.781e-13,14804204770.0,0.13,0x5e...c679,https://bscscan.com/tx/0xc823cbe3856bef79685d978245a174cc7fc1786454d89d487ae281b2a67d2cdc
2023-04-03 06:30:05,False,2.697e-10,8.737e-13,5464417432.0,0.0477,0x22...b5aa,https://bscscan.com/tx/0x1a949b7509f679cc4683d1b932fe08885e4269cabad449b2b3a7beefa9352f3e
2023-04-03 06:29:17,False,2.711e-10,8.737e-13,1350002311.0,0.0118,0x11...f0b3,https://bscscan.com/tx/0xc97363cd561561a72da331ea9b00059bc8d9b11e7d5dca99f645dbccf5328dc2
2023-04-03 06:24:26,False,2.71e-10,8.737e-13,6663506062.0,0.0582,0x9b...be0f,https://bscscan.com/tx/0x895478286d2beebdba36e3ae0b85c3407e1ca284fc72f9a40c29323b48b0b1fd
2023-04-03 06:21:15,False,2.711e-10,8.737e-13,19526351504.0,0.1706,0xd7...420c,https://bscscan.com/tx/0xe096b48075862374e57044009650a38efec563d7c4838abe26246c1d0202546b
2023-04-03 06:20:31,True,2.71e-10,8.781e-13,3000050000.0,0.0263,0x88...d58e,https://bscscan.com/tx/0x8dd22f398861962a8a0511507d002cbeb1732ea4cae0cb5fb6018f1bc125503a
2023-04-03 06:19:58,False,2.697e-10,8.737e-13,158631958685.0,1.38611,0x9e...0500,https://bscscan.com/tx/0x095195d855f2709c52e3af64faa18ea3eefc4b3b2f8f972bee1169611898ea02
2023-04-03 06:16:11,False,2.711e-10,8.738e-13,185963334802.0,1.62507,0xae...f1e9,https://bscscan.com/tx/0x2ff7445cd8541b3a7e9e70770d8e26a7c4fe4323d08cff9bce763a3833fab811
2023-04-03 06:15:29,False,2.711e-10,8.739e-13,34019264170.0,0.2973,0xc6...9868,https://bscscan.com/tx/0x46c5d4db47fc919e6ede61eef0b7ae3f01de6a6843775d675dafe31f3cb1cd5b
2023-04-03 06:13:26,True,2.711e-10,8.783e-13,9415941481.0,0.0827,0xd2...0335,https://bscscan.com/tx/0xdec4d9e94e8a21136e54280560a93ccd3663f1381bc9b10d7239af83f833adc0
2023-04-03 06:12:47,False,2.698e-10,8.739e-13,984993111.0,0.0086,0x82...dd25,https://bscscan.com/tx/0x440250aeaa6dd59b129446dfb7ca7bcb318b52812a8fbaad3b288fd274293f4c
2023-04-03 06:12:32,True,2.712e-10,8.783e-13,12583967857.0,0.1105,0xd2...0335,https://bscscan.com/tx/0x437731e1a8bc16e9450c3036e0eeddbf69c8e42017cc11020c6b1e3c117da0b6
2023-04-03 06:12:08,True,2.726e-10,8.782e-13,16831080424.0,0.1478,0xd2...0335,https://bscscan.com/tx/0x8b1c892f695f97df5aa035eca278cdb40f5f494338e6d174a795afe24c6e36a7
2023-04-03 06:11:35,True,2.725e-10,8.782e-13,22535211176.0,0.1979,0xd2...0335,https://bscscan.com/tx/0xa5d80ab8a57ea59b067bcb87b03c44fabf7f4d13c374f899cdde250835674b8a
2023-04-03 06:11:14,True,2.712e-10,8.782e-13,30214881495.0,0.2653,0xd2...0335,https://bscscan.com/tx/0xded92c4482de45791b17cca88548980818d77d5f2e497527f996b81d83adfa30
2023-04-03 06:10:50,True,2.725e-10,8.782e-13,40588006143.0,0.3564,0xd2...0335,https://bscscan.com/tx/0x3f15e366d5a4eef4f25a56fcbb845bce7699d7dbb2e22f33061816292b1104d7
2023-04-03 06:10:41,True,2.725e-10,8.782e-13,6278849712.0,0.0551,0x4e...43e6,https://bscscan.com/tx/0x0159a0fe67485456ecf40db56bae5b4b81768b58ce9422dcd240b71de0487ab7
2023-04-03 06:03:28,True,2.726e-10,8.782e-13,19025046931.0,0.167,0x73...6fc3,https://bscscan.com/tx/0x9e169f968aab26baec2c898e8e53d7f343f001259de3e66c67ade3622caaa1e1
2023-04-03 06:02:46,True,2.726e-10,8.782e-13,16315166240.0,0.1432,0xd2...0335,https://bscscan.com/tx/0xa0d75d86d7f95b7275f4a8dd0c742e8173915ec375cf538700323df1e671f3ba
2023-04-03 06:02:43,True,2.725e-10,8.782e-13,1929730000.0,0.0169,0x1f...4f4f,https://bscscan.com/tx/0x30088429a1e8c7ad1efdc8cc2d3ce6a83354d6f85257715b04de092e59bd2199
2023-04-03 06:02:25,True,2.712e-10,8.782e-13,5446381980.0,0.0478,0xd2...0335,https://bscscan.com/tx/0xe426f7a226871dff362a67219819f689e72486748e922805c44f266d743d4ead
2023-04-03 06:02:19,True,2.726e-10,8.782e-13,76510803.0,6.719e-05,0xe7...952a,https://bscscan.com/tx/0x2420fbd37899fce7940afa152e6644cdbc864f02194f8239aec97c31e662d3a3
2023-04-03 06:01:46,True,2.725e-10,8.782e-13,13096015597.0,0.115,0xd2...0335,https://bscscan.com/tx/0xe9c2cee4420897ff377bd1991fe00bb5420a83700b39ae7cee7ecdfdc0e1dac3
2023-04-03 06:01:28,True,2.712e-10,8.782e-13,17497374539.0,0.1536,0xd2...0335,https://bscscan.com/tx/0xd02509e76329a4b06618c63c72234936dea2b04e3b77498b68a67db60cc942e6
2023-04-03 06:00:58,True,2.725e-10,8.782e-13,17538666993.0,0.154,0xd2...0335,https://bscscan.com/tx/0xa8dc37c72aea3d27f2ffb52a031337873e7d7f230aa04b694de0619d01240793
2023-04-03 06:00:19,True,2.712e-10,8.782e-13,23466371492.0,0.206,0xd2...0335,https://bscscan.com/tx/0xeb40631d3a4cf4425596ef57890fc6485d125532f538f87d00b5453d65615405
2023-04-03 05:59:46,True,2.726e-10,8.781e-13,31403841540.0,0.2757,0xd2...0335,https://bscscan.com/tx/0x228abe4f91040e79ae21861750360d35ade32703947749cd5be6a6ce1ed5b0dc
2023-04-03 05:59:43,False,2.712e-10,8.738e-13,162000000716.0,1.41561,0x1f...4f4f,https://bscscan.com/tx/0x79b3ccfcd963afee0dba6749f1709da13867b7fc949bc7e19ea9301114e5d1c1
2023-04-03 05:58:28,False,2.712e-10,8.738e-13,18000740351.0,0.1573,0x1f...4f4f,https://bscscan.com/tx/0xff86f23551bac3b719c864fd907d36d892e626b12e2ba8e65c07eed6974374f7
2023-04-03 05:53:40,True,2.724e-10,8.782e-13,212404245075.0,1.86537,0x99...49ce,https://bscscan.com/tx/0x7b199e7d9ce94de73a43531476f4ca6c65146eb901a16b7df287c710831a5f7b
2023-04-03 05:52:19,False,2.71e-10,8.737e-13,7042509984.0,0.0615,0xbb...6421,https://bscscan.com/tx/0x0f8e6ceb7bd3b18c1663ba6d0d581cff01cd51cceda8768d8a34ad1f495a177c
2023-04-03 05:48:58,False,2.697e-10,8.737e-13,2203706482.0,0.0192,0x14...7867,https://bscscan.com/tx/0x299a407e26ee7da125d1950ebad13e80c7cdae267631c3d46130288048e8ea6b
2023-04-03 05:48:25,True,2.724e-10,8.781e-13,3112853835.0,0.0273,0xaa...0b97,https://bscscan.com/tx/0x8d55fe28bbdca1e1c024272083fd39355ddbd4f68ea8e22935d0926c65ebb6e8
2023-04-03 05:46:58,True,2.724e-10,8.781e-13,9109878297.0,0.08,0x05...a9b0,https://bscscan.com/tx/0x7b50159837c234f6dc9a828d5e2b9f99e160003ed9227a1f5151567ff119ac7b
2023-04-03 05:45:16,True,2.724e-10,8.781e-13,257371733303.0,2.26,0x43...8230,https://bscscan.com/tx/0xd27384854f5db5d76e8f08897c39c793d9fe1cbca1831ade8f8495dd6deece36
2023-04-03 05:44:19,False,2.71e-10,8.736e-13,11105690166.0,0.097,0xd2...2bc7,https://bscscan.com/tx/0x3a6fabcbe95393c39203bccffb34034f164da04afbcaf65073d7bd01792b6f1b
2023-04-03 05:41:11,True,2.723e-10,8.78e-13,15639706676.0,0.1373,0x16...c953,https://bscscan.com/tx/0x819b421f43720845e3cdbba3b8a12965710e6c5e4db044000f74c384ee17737d
2023-04-03 05:40:10,True,2.723e-10,8.78e-13,19522186709.0,0.1714,0x2c...6fa5,https://bscscan.com/tx/0xeac2200813a37ae6c3c315df0ca3f3c8c8257fb776b559d79ee47008f31091f9
2023-04-03 05:39:22,True,2.709e-10,8.78e-13,60932237166.0,0.535,0x60...d507,https://bscscan.com/tx/0xe50860323350d89c5a751f1d40f4441505b7e96c8c7ac67d391ceabea2511c09
2023-04-03 05:38:28,True,2.724e-10,8.78e-13,8658226626.0,0.076,0xd6...f99c,https://bscscan.com/tx/0xc7c2449f7e960f52625d5084bf632985f9b2a55f87b02259f1c1cdbf88faa83d
2023-04-03 05:36:17,True,2.724e-10,8.78e-13,5820384505.0,0.0511,0x5e...dd24,https://bscscan.com/tx/0x612ea93161e83d497b5121b2e6e71139f0b28758b5c21208342817127acd4698
2023-04-03 05:34:17,True,2.724e-10,8.78e-13,7320000000.0,0.0642,0x4f...b328,https://bscscan.com/tx/0x16aa4f91386bfc3054f946d42a5952c3e31bbafa97380abc75c9ed2fad8c1c1f
2023-04-03 05:31:14,False,2.697e-10,8.736e-13,4239024886.0,0.037,0xbe...b3a8,https://bscscan.com/tx/0x4cf1fbf3bdf6d1f27540d7da3d19b53a1c26ad5d460d9722a2cfe2be60d2c233
2023-04-03 05:29:22,True,2.71e-10,8.78e-13,10250563198.0,0.09,0xb2...0fe6,https://bscscan.com/tx/0xa5a4bd7a60123d49047557351e560052d79a78e9ca41284031b5bb3295379b3c
2023-04-03 05:28:36,False,2.71e-10,8.736e-13,53292954098.0,0.4655,0xc8...ed91,https://bscscan.com/tx/0x79b36b225ffcd9eea326fdc70ded131e1c0223642fe2efad5bea240b83e1a592
2023-04-03 05:26:32,False,2.697e-10,8.736e-13,18437994370.0,0.161,0x1b...35d2,https://bscscan.com/tx/0xb0ff1a3c2284a27a028ead741387265432ac7182109a2d2167075e5e0e9d9f9a
2023-04-03 05:23:56,False,2.697e-10,8.736e-13,7690606046.0,0.0671,0x35...8b96,https://bscscan.com/tx/0x8cc94c17816e3ed4c031fd68e281f2106db5f2e0a5cb82a7e05655e77acc464e
2023-04-03 05:23:26,True,2.725e-10,8.78e-13,1138908360.0,0.01,0xce...a0b5,https://bscscan.com/tx/0x358cc878735f513940c53e37d1c45f7f67277e5436a1e26a3ecacb7e4bb01eba
2023-04-03 05:22:32,False,2.711e-10,8.736e-13,33353460000.0,0.2913,0xef...a8d4,https://bscscan.com/tx/0xe74d2ba078b55172d44513e0f2a54b094ec3ad56e7e624a052d8a58774688ba8
2023-04-03 05:22:14,True,2.725e-10,8.78e-13,1000000000.0,0.0087,0xde...2c76,https://bscscan.com/tx/0x6738625badc97b8b98390b92667cc80ff1cc140617d153eb21a74ec90881b738
2023-04-03 05:21:53,False,2.711e-10,8.736e-13,29989994670.0,0.262,0x7c...afda,https://bscscan.com/tx/0xe8c824c163346a8c0d6f5b777bd0790403820809c30a6f08d03cd680d042bd04
2023-04-03 05:17:37,False,2.705e-10,8.758e-13,3.559e-06,3.1e-17,0xe7...442e,https://bscscan.com/tx/0xd3810bf9c0d8b07281fbf441d6bf3a17558006564e8e5c6e780017f5f50ae916
2023-04-03 05:17:12,True,2.711e-10,8.78e-13,50000000000.0,0.439,0xf8...e68d,https://bscscan.com/tx/0x63abebfc097d61d3c60757111cb8327770bb45b0f92ed82a35a74076dec4d533
2023-04-03 05:14:00,False,2.697e-10,8.736e-13,2296353387.0,0.02,0x11...f0b3,https://bscscan.com/tx/0x2739ff05ace8fd604649bc0a2bb89eaafa6c0be6c0f166e1e74fde4149f4de21
2023-04-03 05:13:13,True,2.711e-10,8.78e-13,4568533720.0,0.0401,0xa8...1375,https://bscscan.com/tx/0xdd0f5358da930f932fb98f0f45a285a3aaeddbb5f4691a116840621e98860b87
2023-04-03 05:11:19,True,2.711e-10,8.78e-13,50000000000.0,0.439,0xf8...e68d,https://bscscan.com/tx/0xe03b80bce30d950f95ac2b3e29e26893a8522da1ce228c8958f0e10405c4fd77
2023-04-03 05:10:28,True,2.725e-10,8.78e-13,22016498890.0,0.1933,0x9c...d3cf,https://bscscan.com/tx/0x7dddf6c355c73acbf27622c67d5e5e59b68cd12b2f5c10543fd68db31384fb7b
2023-04-03 05:09:34,True,2.71e-10,8.777e-13,1093690000001.0,9.59995,0x03...339c,https://bscscan.com/tx/0x2b8a67e038c0f2297aab9d80497a6cb21b0602e7e2704fb09a04f45c038f9296
2023-04-03 05:08:13,False,2.709e-10,8.731e-13,286745471475.0,2.50384,0xf8...5278,https://bscscan.com/tx/0x1ef674e7043497cd9fe3c693d59eb742b5e3b4909380c9eb181f8f5b7abdb678
2023-04-03 05:04:07,False,2.708e-10,8.732e-13,76648745176.0,0.6693,0xf2...c324,https://bscscan.com/tx/0xe925468ea25b867f1261e3559dec9ba63edf5d7f93f6440414661c804c5f78d0
2023-04-03 05:03:40,True,2.722e-10,8.776e-13,1139374122.0,0.01,0xe5...317a,https://bscscan.com/tx/0x6d6a0d1aa204dd1a5d7c847cf2620d4c24fbed6bb6a5b23d3d37ca4df578d821
2023-04-03 05:02:52,False,2.695e-10,8.733e-13,142990227730.0,1.24877,0xdc...c9da,https://bscscan.com/tx/0xe091832c2d711547b401623c75c40ce2acb5fb5f639671c1e4b965d931398596
2023-04-03 05:00:58,True,2.71e-10,8.777e-13,16558891133.0,0.1453,0x05...8936,https://bscscan.com/tx/0x6a31d4c91aa3ce38d0959393c9e8f9b59e082e8f93d3cae2a79d42cb4d745ae2
2023-04-03 04:57:51,False,2.714e-10,8.733e-13,4215904646.0,0.0368,0x08...3178,https://bscscan.com/tx/0x9089bca5e9d17eadc6920da45e3dad22dcfedd83d9fafb02175ef981089a24f0
2023-04-03 04:56:33,True,2.728e-10,8.777e-13,3981319533.0,0.0349,0x9f...21ac,https://bscscan.com/tx/0xd5f936ccc05d555f4a213e03a27a90868beaf4f14a079f86b19d86f3a382e027
2023-04-03 04:56:15,True,2.728e-10,8.777e-13,3103248821.0,0.0272,0xe0...3ea6,https://bscscan.com/tx/0xb60a37d191bf277bfd8a40e6fe959ebab3945d4de3cb62226d1a5a0e58836224
2023-04-03 04:52:24,False,2.715e-10,8.733e-13,95400000000.0,0.8331,0x53...5c50,https://bscscan.com/tx/0x38f7ad99b31fa9bb795c425c5ffc4f7550f8155d89fa842f618fcc3916a1fbf4
2023-04-03 04:50:27,False,2.715e-10,8.734e-13,91371768698.0,0.798,0x83...c9f0,https://bscscan.com/tx/0xb9547f219ebbc680cde9ef634d8176d0cf43fb8c1f9bbbf5f2c716cb86a1d3c4
2023-04-03 04:50:21,True,2.715e-10,8.778e-13,6000000000.0,0.0526,0x62...00a9,https://bscscan.com/tx/0xf9c759776558ee2965fcb92bf7ae98d08cb3f1b60c11c9620791b18d4cf80ea8
2023-04-03 04:48:42,True,2.714e-10,8.777e-13,207215938867.0,1.81887,0xd2...e5fb,https://bscscan.com/tx/0x149fc8ca99e4bbd32c0d7516f778f4188d428e14a84dba9f0b231ad1fcdcdbb3
2023-04-03 04:46:00,True,2.713e-10,8.777e-13,19910395736.0,0.1747,0x61...a275,https://bscscan.com/tx/0x571f31484c8c43d8469e4ad3f972d0bb85ed9fe6558701c66ad1a9344ebc84a0
2023-04-03 04:41:57,False,2.7e-10,8.733e-13,9633466590.0,0.0841,0x75...3c9d,https://bscscan.com/tx/0x86a153414c8a795a913212308ba6c8bd6bbe3df1beb3ec6fa9d14bf58f0f93a7
2023-04-03 04:41:48,True,2.727e-10,8.777e-13,37882800000.0,0.3325,0xcc...0e01,https://bscscan.com/tx/0x22494fb2d83650ca77af0682c53cbc7ba44df835526d922e438f0466aa0379ab
2023-04-03 04:40:00,True,2.713e-10,8.776e-13,341833977521.0,3.0,0x81...d957,https://bscscan.com/tx/0x07bc047b8f98504a06e771f0fd37ae8da90ac9e0c25bcadbf5b6f12cc3f6c05a
2023-04-03 04:38:29,True,2.727e-10,8.775e-13,20511948759.0,0.18,0x2b...fa10,https://bscscan.com/tx/0x43c539d55eb79c5d5b5ffa128b52d5bd362a8e1c0ba8db164e567f5d585fc230
2023-04-03 04:35:40,True,2.727e-10,8.775e-13,23082214901.0,0.2025,0x1e...c943,https://bscscan.com/tx/0x7cf0937c382ae120043bd65aab1a59b8e6ff9f8b5ce489b4eb9381970c1259de
2023-04-03 04:31:04,False,2.714e-10,8.733e-13,900000000000.0,7.86008,0x9a...1ee8,https://bscscan.com/tx/0xb0c9058ce251b35eee14a2b7f815c3590ebfbe6e54ce10f46f499d3902efb6dc
2023-04-03 04:30:55,True,2.728e-10,8.779e-13,5695237798.0,0.05,0x3b...17d2,https://bscscan.com/tx/0xfebdd02523dad679fa86948b51e5deecc5c0a2e2deccafe5221a1c1022bd0e69
2023-04-03 04:29:55,False,2.714e-10,8.735e-13,4561173193.0,0.0398,0x99...f202,https://bscscan.com/tx/0xd20e0b9e0c003edb5b468b7b6ed13922775ebb68535cd1a57b3fccedf1dbb507
2023-04-03 04:29:04,False,2.701e-10,8.735e-13,4557702175.0,0.0398,0xa3...009f,https://bscscan.com/tx/0x03b37dc1505f94b4b62282d75cc3dddf7cd0fa80b79c4404082bbb6a26daa541
2023-04-03 04:29:01,False,2.701e-10,8.735e-13,3420000000.0,0.0298,0xf2...ea33,https://bscscan.com/tx/0xff3cb5b174bc4e32e898479d6abcbcd3999d4a81c9fc56ca7e2409c277674ece
2023-04-03 04:27:58,False,2.715e-10,8.735e-13,9000000000.0,0.0786,0x3b...17d2,https://bscscan.com/tx/0x2479cb24a10050f75441d36c5afcdc61ed789da06735c671f72f037484971639
2023-04-03 04:25:13,True,2.728e-10,8.779e-13,10266700001.0,0.0901,0x07...f577,https://bscscan.com/tx/0x4defe6da2274a6b57249417b219bb2455015933fc7984945e089db0af2860d08
2023-04-03 04:23:43,False,2.715e-10,8.735e-13,22139993794.0,0.1934,0x77...f8f3,https://bscscan.com/tx/0xc272df5813929e0abef048ee2683913323640a5ac46d58e502ea5fd074fc2015
2023-04-03 04:22:31,False,2.701e-10,8.735e-13,91692478734.0,0.801,0xe8...e16e,https://bscscan.com/tx/0x2093810c499356aa68ab923ef15d13e743b5653cdb7300bd261f6866a26bf253
2023-04-03 04:20:55,True,2.729e-10,8.779e-13,104266363884.0,0.9154,0x40...fd1a,https://bscscan.com/tx/0xff3081c7e9cc351864033656ce5b3de595d8b3a4952e650b14fbade8d6edf592
2023-04-03 04:18:25,True,2.729e-10,8.779e-13,4328346221.0,0.038,0x7a...151e,https://bscscan.com/tx/0xf524c916a26fbe1900ad204c1bc12cfac3b2043bc73871e7627d6febbcfa6954
2023-04-03 04:17:40,False,2.702e-10,8.735e-13,87761473023.0,0.7666,0x2e...955c,https://bscscan.com/tx/0xf9fe77c1d7710235bbb962e7fa144396ed700d1b9bbb9a5aa7d4d5461ce7c3b3
2023-04-03 04:17:31,True,2.729e-10,8.779e-13,1458577445.0,0.0128,0x95...aefb,https://bscscan.com/tx/0x45a318d987f53585443501564902774d0d9565879d335146c46b923071778c72
2023-04-03 04:15:28,False,2.719e-10,8.735e-13,915167843.0,0.0079,0x57...726d,https://bscscan.com/tx/0x8dd6549e4fb76aec0e179616854e8f855d58c4224f826eb5e4ef292e6921c25f
2023-04-03 04:14:31,False,2.718e-10,8.736e-13,374037711362.0,3.26786,0x03...04ca,https://bscscan.com/tx/0xfb2baf443fc60f8f9d25bb25f0e4a69ea7961236a6e175114d94bf2f590a1152
2023-04-03 04:13:52,True,2.731e-10,8.781e-13,6832632225.0,0.06,0x72...7222,https://bscscan.com/tx/0xea3037a3c1d27c420cb5fb9c329d953bb691d2e0e1c1dff3dd89820b04f9b179
2023-04-03 04:13:37,False,2.718e-10,8.737e-13,39030988563.0,0.341,0xfe...7d5d,https://bscscan.com/tx/0x074c81d54bec61e964592b18fb83a52bfccda87ac9b2bef002366f60402d8394
2023-04-03 04:12:10,True,2.718e-10,8.781e-13,1821950001.0,0.016,0x6f...488e,https://bscscan.com/tx/0x973bf741cee95243c2c4e9b9af5ee36801c9d170e4888dc87ac9cbd3c4cec383
2023-04-03 04:09:58,False,2.719e-10,8.737e-13,3997726299.0,0.0349,0x71...7ddb,https://bscscan.com/tx/0xd0ab97236b46365b661db868fcae77ee7337df558e870f1f2a8547ca55a51488
2023-04-03 04:04:55,False,2.721e-10,8.737e-13,51500250000.0,0.45,0xe1...4576,https://bscscan.com/tx/0x1626c8e0c1919bb19ce833528199638ddaf4594b2145042dfde8f2bae0645ac0
2023-04-03 04:03:18,True,2.735e-10,8.781e-13,2253136141.0,0.0197,0xb1...dcae,https://bscscan.com/tx/0xccd9b3a86e0c23656de46d22cd55c28a9e76e4aa3f543398708b654ccd3b1ff6
2023-04-03 04:01:36,False,2.708e-10,8.737e-13,7337069424.0,0.0641,0xe4...c9a2,https://bscscan.com/tx/0x68e2454601fe91799715b459068acdcef574500faee317ebc902955eea8bfa93
2023-04-03 04:01:24,True,2.736e-10,8.781e-13,4068261611.0,0.0357,0x43...a9a2,https://bscscan.com/tx/0x43b13309615bf8e61ce2acabea71a0f7f316a964bd2ecbbeaef2d2fc072281e4
2023-04-03 03:58:42,False,2.72e-10,8.737e-13,8748729000.0,0.0764,0x2d...adc8,https://bscscan.com/tx/0x9862260d5f9c7fb99c2ac2da79496aff733f52846affa1acc9a577c7749693e5
2023-04-03 03:58:03,True,2.733e-10,8.781e-13,51677428959.0,0.4538,0xb2...ccdf,https://bscscan.com/tx/0x7d32589a0b8b902bf3db6dd864fbd606a8d72e9ef3bf38bd0cd0ff0befce2976
2023-04-03 03:56:06,True,2.72e-10,8.781e-13,5000000000.0,0.0439,0xa9...55d9,https://bscscan.com/tx/0xfca19163bf33fd1c0d69b4437c41c545169c638db83381e2c543cda65ea01109
2023-04-03 03:54:10,False,2.706e-10,8.737e-13,8829970184.0,0.0771,0xed...820f,https://bscscan.com/tx/0xd9a20d7144e29027d9a982043c9b8778890205758c7649f87fb9a48a0bb76c14
2023-04-03 03:52:58,False,2.706e-10,8.737e-13,3849680364.0,0.0336,0x47...3e72,https://bscscan.com/tx/0x1c1b5aea48196b25d903cfde5a6cbd7830425a742a16e1f0660e2e7c42926d50
2023-04-03 03:52:37,True,2.733e-10,8.78e-13,389907403036.0,3.42368,0x46...f80e,https://bscscan.com/tx/0x5482caa2601b70a470b8b27d1e04f28206df3657dc704c619e8df686451a1e89
2023-04-03 03:51:40,False,2.705e-10,8.737e-13,494748422189.0,4.32269,0x33...0fc8,https://bscscan.com/tx/0xecaf915080d8eb354d37748094e97e8cdd3bb97c6cd813fc54df37c48654b148
2023-04-03 03:51:31,False,2.719e-10,8.738e-13,64508442595.0,0.5637,0xe7...0ec4,https://bscscan.com/tx/0xd168ada7dcd77a3a5c63fc707ef29345e1de8c0f0b3df7f6eeb9d2cba1fdc3dd
2023-04-03 03:49:19,True,2.733e-10,8.782e-13,41800693.0,3.671e-05,0xd2...0335,https://bscscan.com/tx/0x391f73695de24208adb39b8829507a7dd9178014ea5e059bc1153fe61d7c3bef
2023-04-03 03:49:10,True,2.733e-10,8.782e-13,20900505.0,1.835e-05,0xd2...0335,https://bscscan.com/tx/0x0b28c470673f190fe0abd48fb01fbe1b810700f29e3db782965df20d018f7ea3
2023-04-03 03:48:58,True,2.733e-10,8.782e-13,9906206637.0,0.087,0x3f...4ce0,https://bscscan.com/tx/0x12ee71a26f97de35d8d7ef87413a331f850d8ce04eabedfa9fc5a43a7b84eec1
2023-04-03 03:48:49,True,2.733e-10,8.782e-13,41801542.0,3.671e-05,0xd2...0335,https://bscscan.com/tx/0x80f0f7c147fd5f6347d1db36863b7bb2dbf3ea587b92d0df24e139d60811ef02
2023-04-03 03:48:37,True,2.733e-10,8.782e-13,41801966.0,3.671e-05,0xd2...0335,https://bscscan.com/tx/0x037b002a35665a0c0036047996724a18bba5253cd3f0a43b08545c22fcf42a85
2023-04-03 03:48:25,False,2.719e-10,8.738e-13,11527943660.0,0.1007,0x57...a759,https://bscscan.com/tx/0xecc6b172249f55844a682e9e1a83402772e65f69e50f8177800ad6a199d0c106
2023-04-03 03:48:16,True,2.733e-10,8.782e-13,55736285.0,4.894e-05,0xd2...0335,https://bscscan.com/tx/0xaca0f819432f30c5111bb85176b6e141ba597dd0e0cf3862a612da53abeee9a4
2023-04-03 03:48:01,True,2.719e-10,8.782e-13,74316220.0,6.526e-05,0xd2...0335,https://bscscan.com/tx/0x47a71e9248be2eb463b993068ac51c540787b53fb5081f97fc8385e9659023a8
2023-04-03 03:47:43,True,2.72e-10,8.782e-13,99090380.0,8.702e-05,0xd2...0335,https://bscscan.com/tx/0xf109fb99666aa4eec8b4d8bf3ea2894be0d23188e4d2c1de779267de8ecf1028
2023-04-03 03:47:25,True,2.734e-10,8.782e-13,198187914.0,0.0017,0xd2...0335,https://bscscan.com/tx/0x9badebfdbe8faab26d1f6759c66b12a967ecb330e7311fb75a152c9c1bed5d2a
2023-04-03 03:47:10,True,2.734e-10,8.782e-13,198197450.0,0.0017,0xd2...0335,https://bscscan.com/tx/0x80bb4509295e0f46a70db8138dd3880b0684079f3c99b48b30b8f81a8d829569
2023-04-03 03:46:58,True,2.735e-10,8.782e-13,264278104.0,0.0023,0xd2...0335,https://bscscan.com/tx/0x328475aecdc9a8c01abdb9ead987f0192a70a6b9933807e4c16d59bd2f811faa
2023-04-03 03:46:43,True,2.735e-10,8.782e-13,352397185.0,0.003,0xd2...0335,https://bscscan.com/tx/0x103c0ba55442dcad191cdfbbf82e504c736a00f59dbbc59a4b12c7085b80ca89
2023-04-03 03:46:31,True,2.735e-10,8.782e-13,469909817.0,0.0041,0xd2...0335,https://bscscan.com/tx/0xce0fa2ea7b00cbc8f583fe0864234dc5005ef0fda922a85d08c7ae0636b0ffde
2023-04-03 03:46:16,True,2.721e-10,8.782e-13,626629822.0,0.0055,0xd2...0335,https://bscscan.com/tx/0x7328de6183cbe8142c98171786e9966f91ad7e170745360f3308872161416892
2023-04-03 03:45:43,True,2.723e-10,8.782e-13,2507980968.0,0.022,0xd2...0335,https://bscscan.com/tx/0xbe737e902b5079dab1b9cb91e7478aec9c5fc6db66c0b49fe57528214c6303ac
2023-04-03 03:45:31,False,2.724e-10,8.738e-13,13428590313.0,0.1173,0x76...119e,https://bscscan.com/tx/0xb28a248d7d932e1282db77340c4eb6530627cff59c7e9e57aba6dc53e874b8e4
2023-04-03 03:45:28,True,2.738e-10,8.782e-13,4183334334.0,0.0367,0xd2...0335,https://bscscan.com/tx/0x6fd91bdd43013883cebdc431b0960ae82e326d8799bcf7f14158bc558b3aa09d
2023-04-03 03:45:13,True,2.738e-10,8.782e-13,6702175759.0,0.0588,0xd2...0335,https://bscscan.com/tx/0x662a3192c875f04bd7ff3ef60b2d028efefda06b6824eb3e8e953a5655b0fa9d
2023-04-03 03:45:01,True,2.738e-10,8.782e-13,10073716661.0,0.0884,0xd2...0335,https://bscscan.com/tx/0xdca4cb6089ee024f5572d946ac4638afabe1b0179c7a0110d140b81f99dd8ee2
2023-04-03 03:44:49,True,2.738e-10,8.782e-13,13469938553.0,0.1183,0xd2...0335,https://bscscan.com/tx/0xb4c3da935519e65ee5829f3513c87b78d55d4def272e2dad2328d321d087ad0e
2023-04-03 03:44:34,True,2.738e-10,8.782e-13,13513917492.0,0.1186,0xd2...0335,https://bscscan.com/tx/0x44b5fe6bfcc17c8bbb751a2867f69acd8fe4d2de0680bf7cd76f15fa53c9a9e3
2023-04-03 03:44:28,False,2.724e-10,8.738e-13,15433515233.0,0.1348,0x51...826b,https://bscscan.com/tx/0x84804d0ccf10286c942be429e769c286330ba2edb12e25fba704c0e75579c019
2023-04-03 03:44:25,True,2.738e-10,8.782e-13,18087210567.0,0.1588,0xd2...0335,https://bscscan.com/tx/0xbd84b8650a72c3d28764bd71c909fe3be10100fb17ddddd8da2e3f2c4974e79d
2023-04-03 03:44:10,True,2.724e-10,8.782e-13,24239411562.0,0.2128,0xd2...0335,https://bscscan.com/tx/0xf1acc555370bd927c99b660fb1b7762a3fdeb965ec26c981451e997059ee208d
2023-04-03 03:39:52,False,2.74e-10,8.738e-13,35133005713.0,0.307,0x8b...4085,https://bscscan.com/tx/0x5655f0f2adfa1dde87f2426504694aa3ebb224e50f2c72c66fda36bfad49d952
2023-04-03 03:39:46,True,2.741e-10,8.782e-13,4554641285.0,0.04,0xbf...6fec,https://bscscan.com/tx/0x8a6d881f2ad794d1097602b32979c5a9f75572dd017520d3d2757579c14f9089
2023-04-03 03:38:37,True,2.741e-10,8.782e-13,9561023872.0,0.0839,0x43...37c7,https://bscscan.com/tx/0xa30a081449de16f7d05429aa18ce10a9efe97a315dd89411868a663e3fc0fa32
2023-04-03 03:36:46,False,2.727e-10,8.738e-13,205481538798.0,1.79566,0xe9...6b79,https://bscscan.com/tx/0x178308010ab9b7bb4ea223f7f0d04b2b95c3d44ead0c329f419242d5c2a0dcb0
2023-04-03 03:35:49,False,2.727e-10,8.739e-13,9003276593.0,0.0786,0x58...0836,https://bscscan.com/tx/0xafc6597c98d31f5ab792573c655e94579ea5f0bddd0ea5d25fc815afe5a895dc
2023-04-03 03:34:55,True,2.741e-10,8.783e-13,1437340477.0,0.0126,0xdb...4c31,https://bscscan.com/tx/0xc8b02cfc46d66bf15f944ba248dc76da1bc560571be1c3ff963c1983ec623ea1
2023-04-03 03:31:37,True,2.741e-10,8.783e-13,1024688700.0,0.009,0x2b...62e4,https://bscscan.com/tx/0x097d63c64fd32cb2b43b913cf5f6b695a01568f87d7861b9b5aefdf59674f252
2023-04-03 03:27:29,True,2.756e-10,8.783e-13,6624166095.0,0.0581,0xe8...5566,https://bscscan.com/tx/0x36800c9a423d15c1ce0d5915dcc58310257bb7af54ae1aa7c7560f37b63dc55b
2023-04-03 03:26:07,True,2.732e-10,8.751e-13,13873934802471.0,121.422,0xb9...f731,https://bscscan.com/tx/0x1795f18007cef76af799f3532d6667b9119ba2080267841a4214244ba9804f69
2023-04-03 03:24:55,False,2.709e-10,8.677e-13,39043807294.0,0.3387,0x80...ff3e,https://bscscan.com/tx/0x2304cf0c5f04d83f51550afb298e6212032d8d5d3b9871c4b832572b173248ed
2023-04-03 03:23:13,False,2.722e-10,8.677e-13,10635167210.0,0.0922,0xb6...0aa7,https://bscscan.com/tx/0x2f9bd4e374034966d649c45cb609ccde8a5c987cdce5615df7525ebe8c69fa9e
2023-04-03 03:20:58,True,2.736e-10,8.72e-13,1512624111.0,0.0131,0xc2...2a74,https://bscscan.com/tx/0x6992cbf7605a8ec3e57e98da70af6f3a6661239d4ffad8257c82f306d8243fbb
2023-04-03 03:16:26,True,2.736e-10,8.72e-13,33847255689.0,0.2951,0xf4...f64a,https://bscscan.com/tx/0x456933112a24c450535c019179d3ab9267523a597d4cec1f6c5bb4f4f0a58046
2023-04-03 03:10:05,False,2.722e-10,8.677e-13,38360093959.0,0.3328,0x8b...ec29,https://bscscan.com/tx/0x58ad148b1d6b9e97782bf0bbb2726be59c5d5a37a6675cd9396728ab139893a1
2023-04-03 03:07:11,False,2.723e-10,8.677e-13,8591116755.0,0.0745,0xb4...33d8,https://bscscan.com/tx/0x2fe055029aa51ace67ea25f572b768bf55df6e3163c62d5073cd0a69cbcf028d
2023-04-03 03:06:31,False,2.71e-10,8.681e-13,1911090275540.0,16.5915,0x30...30f9,https://bscscan.com/tx/0xc453b49af5d2ba6d268a71dbe948398422fcddc26ddfe640e4f3da3270dc88ae
2023-04-03 03:02:37,True,2.738e-10,8.729e-13,2749289601.0,0.024,0x7f...8ce3,https://bscscan.com/tx/0x125e80d9b6ee71edcea0e45554890bf2c6f3782ef54542f44db29e0c6e331044
2023-04-03 03:02:19,True,2.738e-10,8.729e-13,6078238964.0,0.053,0x50...564e,https://bscscan.com/tx/0xcab68475767a6fc50cacd5426bc98a32750527e8ca05c29339b735ffbf7dcc7e
2023-04-03 02:58:10,True,2.736e-10,8.729e-13,3532759087.0,0.0308,0x22...909e,https://bscscan.com/tx/0x03050a6bdcee6d870923078d779adeba5ea75c4994bbe9c0ef8503278d487b35
2023-04-03 02:57:03,False,2.709e-10,8.685e-13,19488952657.0,0.1692,0xe9...18ae,https://bscscan.com/tx/0xa962f0e0164efc4d9c269e94984de72bd075e8f1774ed53a58429d3252daf0bd
2023-04-03 02:55:51,True,2.736e-10,8.729e-13,572766265.0,0.005,0x53...2fe3,https://bscscan.com/tx/0x454edf5e93e55a8608935e516858f728263652a5403fa3e76b45952db5415460
2023-04-03 02:55:12,True,2.736e-10,8.729e-13,17353514574.0,0.1514,0xd2...0335,https://bscscan.com/tx/0xb86419c1335074a03fa236b22dbe0764799d34743042e45d0d014fe6454a6cb4
2023-04-03 02:54:54,True,2.736e-10,8.729e-13,5806336814.0,0.0506,0xd2...0335,https://bscscan.com/tx/0x5dfa0759045120d64d36b66aca0a7dae53b0d09b7925c0cadce8b635ecf76956
2023-04-03 02:54:29,True,2.722e-10,8.729e-13,7758862168.0,0.0677,0xd2...0335,https://bscscan.com/tx/0x588b2ac05bf4daf4bb631f27b9f67f4752e1d5abd05bb255241d53393b3e9c79
2023-04-03 02:54:04,True,2.722e-10,8.729e-13,10375631835.0,0.0905,0xd2...0335,https://bscscan.com/tx/0x37d67e74174ffba3fefe45ca0f81c7e1710c9152f712a9cf993211ac7a0d82ee
2023-04-03 02:52:22,False,2.721e-10,8.685e-13,21316652978.0,0.1851,0xea...8ab4,https://bscscan.com/tx/0x061cdaed4f29f11bb94f5dd266229b54c45626667df453d9d59ca98afbd630b9
2023-04-03 02:51:18,True,2.735e-10,8.729e-13,11303859430.0,0.0986,0xd2...0335,https://bscscan.com/tx/0xe069b981a73ede299ca7561caf699312a447197cb33164b7cda651d25b49b86f
2023-04-03 02:50:58,True,2.736e-10,8.729e-13,3916522535.0,0.0341,0xd2...0335,https://bscscan.com/tx/0x5e8da492f81bc767b9f99b2a53aee25ec7b53bf3bf2318cafdc7dc95a4b71bd9
2023-04-03 02:50:45,True,2.722e-10,8.729e-13,27649502970.0,0.2413,0x51...a345,https://bscscan.com/tx/0xb8525463aa40340f9ecf9d34d28519d43bf14fe3a3791c462dddb48061543e81
2023-04-03 02:50:34,True,2.722e-10,8.729e-13,5344139182.0,0.0466,0xd2...0335,https://bscscan.com/tx/0x3461e9e4925e7acceac9ceaef169e7ec495749504d89546c9dbc79221c947a2e
2023-04-03 02:50:06,False,2.708e-10,8.685e-13,16364341131.0,0.1421,0xe7...442e,https://bscscan.com/tx/0x6cc0361af6403c6a8a462ac30fdb869e7609bc79602a8851b46ea24a9dc24c9a
2023-04-03 02:48:03,True,2.737e-10,8.729e-13,5135692008.0,0.0448,0xd2...0335,https://bscscan.com/tx/0xff1766cb714ab15861dfd495f288071b0e0e51e45ce25b4a34503e1d88f2188f
2023-04-03 02:47:57,True,2.736e-10,8.729e-13,1000000000.0,0.0087,0x37...3561,https://bscscan.com/tx/0xa272471693cbd9e8f7c53b705de5e8a9bd3674f6d2edc5589a75314656c3f77c
2023-04-03 02:47:51,False,2.722e-10,8.685e-13,30832094982.0,0.2678,0x37...6070,https://bscscan.com/tx/0xa3d9c140e02c6371467e780cd9259a67e2ac3e7acac6a7f73ac0755a118a70d8
2023-04-03 02:47:45,False,2.722e-10,8.685e-13,32590944269.0,0.283,0x5f...95f2,https://bscscan.com/tx/0x98a5bf697e87b0f6d9851b2554a33924c23ba04c9d5346f53ba514e7887d87f2
2023-04-03 02:47:45,True,2.736e-10,8.729e-13,1713109937.0,0.0149,0xd2...0335,https://bscscan.com/tx/0xefd78805e87490ffb83ce6fd8b1071a86622b99ae1b3ee3e52abf60efa46d7d1
2023-04-03 02:47:18,True,2.736e-10,8.729e-13,93547039967.0,0.8166,0xe4...8427,https://bscscan.com/tx/0x6e0f9f59825013e6545001941166bab60aa6d21c70896af87ed8be4292059fdc
2023-04-03 02:46:21,False,2.721e-10,8.685e-13,3609143529.0,0.0313,0xeb...3340,https://bscscan.com/tx/0x3a4d8b61766128f4601b2c17ebe430d3d7084a4d2c1d91ffa9c4df5b53751731
2023-04-03 02:45:27,True,2.734e-10,8.729e-13,12860649412.0,0.1122,0x12...08b4,https://bscscan.com/tx/0x391bf9c5e57b1e62f597bf8346c43759806aa617ef3528bf012db963e341f72f
2023-04-03 02:45:12,False,2.72e-10,8.685e-13,5274263994.0,0.0458,0xf6...4c4f,https://bscscan.com/tx/0x9e1a23ecf164d5388c0480920725c75b0687ab816e33249ad167be956f90332c
2023-04-03 02:44:48,True,2.735e-10,8.729e-13,3505582441.0,0.0306,0xd2...0335,https://bscscan.com/tx/0xf0e5da893f52534d498121e4c899e86eade40137ac73ca0a9037d0122237bb8c
2023-04-03 02:44:24,True,2.72e-10,8.729e-13,1169459166.0,0.0102,0xd2...0335,https://bscscan.com/tx/0x188d38ae03c306c65f3aead11d738cf48a0fc4f7106c6d4aff5b6604e2c9d004
2023-04-03 02:44:00,True,2.733e-10,8.729e-13,1560004887.0,0.0136,0xd2...0335,https://bscscan.com/tx/0xb86ee9b5661c748b183658d30992152a4e3799c8533225e43361422a00035e81
2023-04-03 02:40:30,True,2.726e-10,8.729e-13,6785602118.0,0.0592,0xab...71ee,https://bscscan.com/tx/0x107f473d2273b8009818e90b02f19c1fd820ab80af6be0ddfd336e22429d591a
2023-04-03 02:39:09,True,2.726e-10,8.728e-13,378083287648.0,3.3,0xb2...f6bb,https://bscscan.com/tx/0xaba0ba549e6ff38ba8906e15a6a5291759f8968513e52ca2b06aeee4dfd9dd1b
2023-04-03 02:35:27,False,2.712e-10,8.683e-13,13539001162.0,0.1175,0x5a...33fc,https://bscscan.com/tx/0x0cde91f45f73693cd368aec2c32bd3d51ad4276243f24fad883eea4c68f79e88
2023-04-03 02:35:06,True,2.726e-10,8.727e-13,13393018191.0,0.1168,0xd2...0335,https://bscscan.com/tx/0x8f784920b56389ba7ba2729bd9d834fc1d4d34beeb8033ae4fc43eafc47702f1
2023-04-03 02:34:45,True,2.739e-10,8.727e-13,4496856598.0,0.0392,0xd2...0335,https://bscscan.com/tx/0x57539300210a644d50d722e663b00f2bde1ac28d8053adf58ea3532b0d9024ad
2023-04-03 02:34:21,True,2.739e-10,8.727e-13,6030649514.0,0.0526,0xd2...0335,https://bscscan.com/tx/0xc2a363a65163330743ccdfac1be626d0e5db9bfaac00916cee5b80b4546b6ae8
2023-04-03 02:33:54,True,2.726e-10,8.727e-13,8086751197.0,0.0705,0xd2...0335,https://bscscan.com/tx/0xd52d03110186f2d343850289a32a14747b807f46d154c3bea120938405769b79
2023-04-03 02:32:12,True,2.726e-10,8.727e-13,85939059288.0,0.75,0x81...d957,https://bscscan.com/tx/0x5d9e7a9df72142e49a5a041bce54fa436168ff79383fb7b2bbd20eaba778f4e5
2023-04-03 02:31:51,True,2.739e-10,8.726e-13,5729405225.0,0.05,0xb2...f6bb,https://bscscan.com/tx/0x850a7847d45cb3f0c2d465daba78bc2689770351e209584832b4399c04a9758c
2023-04-03 02:30:39,True,2.739e-10,8.726e-13,26434295792.0,0.2306,0xd2...0335,https://bscscan.com/tx/0x54ebb7ecd722aadeab08ffdc4f009c5ccbe16aba04d1e3538ae7cbf57d0fbb82
2023-04-03 02:30:12,True,2.739e-10,8.726e-13,8916073988.0,0.0778,0xd2...0335,https://bscscan.com/tx/0x3c422393548295a1ea311210c2a39f98311ad7ee9a99c1e7cdc934be7f0a318b
2023-04-03 02:29:57,True,2.726e-10,8.726e-13,11928019638.0,0.104,0xd2...0335,https://bscscan.com/tx/0xf1d4838270ad2478c33194d2b0cb53a5e67bfe606893ebf822531cafe1b6ad95
2023-04-03 02:29:36,True,2.726e-10,8.726e-13,15975418005.0,0.1394,0xd2...0335,https://bscscan.com/tx/0xe9d37ebacf5c010ff4d9c8384a048b0154e1e6a8bf1e7140eef2642b37910b9d
2023-04-03 02:29:12,True,2.726e-10,8.726e-13,21428483854.0,0.187,0xd2...0335,https://bscscan.com/tx/0x64189183fc6bd0c3e978127ec1ea910f0e1f080543483f858ad3b19bc6359754
2023-04-03 02:28:54,True,2.726e-10,8.726e-13,11389573230.0,0.0993,0x12...08b4,https://bscscan.com/tx/0xab29095a627bb59d986b8b533decadf054c00d1aa935ca0ee32ab188790e5f62
2023-04-03 02:28:45,True,2.726e-10,8.726e-13,28801323760.0,0.2513,0xd2...0335,https://bscscan.com/tx/0x2ca37490a892393b751a3cc3ab4abc0bb59c5df4b84c5a01eca6046fa24b29bb
2023-04-03 02:28:24,True,2.74e-10,8.726e-13,38575750226.0,0.3366,0xd2...0335,https://bscscan.com/tx/0xe7203871b7b950afbf49cf989b84617699825488f3930f8e5b20bf3b1e716874
2023-04-03 02:28:00,True,2.726e-10,8.726e-13,52177191468.0,0.4553,0xd2...0335,https://bscscan.com/tx/0xe2b0f0ca5de7ce579d6f31894a27287397f90bd731906c31ce0e9c49784348c9
2023-04-03 02:27:48,True,2.726e-10,8.725e-13,6000000000.0,0.0523,0x4d...7692,https://bscscan.com/tx/0xfda30dfcaf309aea95eb7ba95fdefaecfdc1b2712dba5bdfa75fb47971332f6f
2023-04-03 02:27:36,True,2.74e-10,8.725e-13,70926410512.0,0.6188,0xd2...0335,https://bscscan.com/tx/0x8dbebe3155942a7e28f6be110cfce47d4e406d8a0a1ad3114eec85c11b88746f
2023-04-03 02:24:51,False,2.726e-10,8.682e-13,124930059223.0,1.08468,0xb8...fcf4,https://bscscan.com/tx/0x7e36680b9ab5b693353c29fe1cf94f9ea72b4e74beb09db70aa0288068176c99
2023-04-03 02:23:08,True,2.725e-10,8.726e-13,29937381216.0,0.2612,0xd2...0335,https://bscscan.com/tx/0x7eecfbaad080b289ce142005b12c4fc42c23cdbb8c7c727492096c3edaea9cc9
2023-04-03 02:22:38,True,2.739e-10,8.725e-13,9994825975.0,0.0872,0xd2...0335,https://bscscan.com/tx/0xb93ad3f66a626f8c8ebec3c6577d0ea55356585599a06c1b915d235a0f2affd9
2023-04-03 02:21:50,True,2.739e-10,8.725e-13,13338680378.0,0.1163,0xd2...0335,https://bscscan.com/tx/0x5e89abf4e9e867c9cb91b8784b9865f6c23d29c5898141596b7532ecefcff466
2023-04-03 02:21:44,False,2.726e-10,8.682e-13,12680945676.0,0.1101,0x46...9d1d,https://bscscan.com/tx/0xa041ffb1c578ef901c04740e815820a4ac9736d1b01e840964444849ccf25286
2023-04-03 02:21:20,True,2.725e-10,8.725e-13,17806597098.0,0.1553,0xd2...0335,https://bscscan.com/tx/0xd637966d5c4d4a9aecc8be9ad69ba97549a01340b9955a25bbc81bd7e5f7cd9a
2023-04-03 02:20:38,True,2.739e-10,8.725e-13,23780978406.0,0.2075,0xd2...0335,https://bscscan.com/tx/0xf07c11c5d1bd00be6648e5a505cf88f6ffb2a83cad2d3ba81f522a459fbbe4dc
2023-04-03 02:20:14,False,2.725e-10,8.682e-13,8234204711.0,0.0714,0xe4...dd64,https://bscscan.com/tx/0x182c3276a6d2e8c3bd2197726e881309c4d71cecd1c21e370f0f7a88a41089c8
2023-04-03 02:20:14,True,2.739e-10,8.725e-13,31777101520.0,0.2772,0xd2...0335,https://bscscan.com/tx/0xc49dcda4e8df30e53a7948c85f6469d63744112262bd7720a47a3812206c27ef
2023-04-03 02:20:11,False,2.711e-10,8.682e-13,3240202430.0,0.0281,0xa7...374f,https://bscscan.com/tx/0x025c8a28171d2bbc043a4354833a823c2729907e89a5a46316ec34ece501b424
2023-04-03 02:19:44,False,2.711e-10,8.682e-13,9530177658.0,0.0827,0xce...136a,https://bscscan.com/tx/0x8bc5089a89a983a43a652b35a091a4d142fe1bdc17ec71a8d7f886180aa12a44
2023-04-03 02:16:44,True,2.74e-10,8.725e-13,1150107452.0,0.01,0xd2...0335,https://bscscan.com/tx/0x82a43812e5b690bf0a4610e1f5e4c870918d89ecbb3df47d2bf52c6d8cac0f6b
2023-04-03 02:14:59,True,2.74e-10,8.725e-13,1803812350.0,0.0157,0xd2...0335,https://bscscan.com/tx/0x55f612b2560fcbc2f6bf4c6b371130ffc6a11e7ff533087bb9cc9ceab9237f17
2023-04-03 02:14:38,False,2.712e-10,8.682e-13,5592195296.0,0.0485,0xdb...880b,https://bscscan.com/tx/0xb19eeaecc254bdb2785f99ff780f109e19b2ae7924a222c3cdae62042748c2c1
2023-04-03 02:10:56,False,2.727e-10,8.682e-13,14400000000.0,0.125,0x4e...711e,https://bscscan.com/tx/0x67476ba714f494b1c59809d7f97f906df8297312fba6e3f77897ffa2ac8a3546
2023-04-03 02:09:08,True,2.74e-10,8.725e-13,34805302603.0,0.3037,0x4d...ea73,https://bscscan.com/tx/0x7f5c572c021b1b9efe1d7b62986cbcbaeec8d744e57c895fce9482b39bc4b0fd
2023-04-03 02:08:32,True,2.74e-10,8.725e-13,6233673649.0,0.0543,0x15...4042,https://bscscan.com/tx/0x76ac4a294d2425e5dc561012fdd2235a1dcb65fb4ca5bcf2e24466897a2a958d
2023-04-03 02:07:41,True,2.74e-10,8.725e-13,6956068031.0,0.0607,0xbf...df89,https://bscscan.com/tx/0xe7f2352914fa09104eb42c1f06d74a77c300da4acfdc23bd413bd6f3713302cf
2023-04-03 02:06:38,False,2.727e-10,8.682e-13,30941631407.0,0.2686,0xa5...5153,https://bscscan.com/tx/0x52d044b53feebe393be406de55380dd7915942934f2176993bf8f072e56621ea
2023-04-03 02:05:26,False,2.728e-10,8.683e-13,381039954635.0,3.30857,0x50...a588,https://bscscan.com/tx/0x31ac82dd7aa256262f30f14afe59bcd6f441a91aa3ef5f3813e77b2be4485f37
2023-04-03 02:04:23,True,2.742e-10,8.727e-13,138715143033.0,1.21058,0xc1...14c6,https://bscscan.com/tx/0xeb63c15ade3095f4f4bea76fa45adc3894e480dcb232813cf57f981cdadf7da1
2023-04-03 01:58:26,True,2.728e-10,8.726e-13,3131224078.0,0.0273,0xe0...70ce,https://bscscan.com/tx/0xa7310db97d14fce013409ac72d23cc4ea99b8b0ad08b260dc900c8660b05f575
2023-04-03 01:57:11,True,2.742e-10,8.726e-13,36042091524.0,0.3145,0x2e...6b42,https://bscscan.com/tx/0x3d1cd9cbe46361473b0f317b0ddae987ec71ec8fecd6124581b0574130141c28
2023-04-03 01:56:02,True,2.741e-10,8.726e-13,2008850000.0,0.0175,0xa6...3dc2,https://bscscan.com/tx/0xcc7bf430850dc476ba90e403b3da0ee2f5ae68fd5b21813de2a21e9ef6fcf5b6
2023-04-03 01:47:25,True,2.74e-10,8.726e-13,12452625562.0,0.1086,0x9c...a089,https://bscscan.com/tx/0x34b24676cb51217f837425860a466269d41772cd8ff325f51c3bb1c18ebea4ae
2023-04-03 01:45:55,False,2.726e-10,8.683e-13,18000475606.0,0.1563,0x7a...e1bf,https://bscscan.com/tx/0x5fbb17fa4928520eca52ba908012210a0dc78e34c227ef5cb6f70ca6273a1a59
2023-04-03 01:45:52,True,2.74e-10,8.726e-13,34546460210.0,0.3014,0x07...c362,https://bscscan.com/tx/0x83fc0c6c24d446a89d1e2869f31da78a68b1d4f02611a1ff102e4567ca6affbe
2023-04-03 01:45:40,True,2.74e-10,8.726e-13,12000000000.0,0.1047,0xac...c2ce,https://bscscan.com/tx/0xf8f2a984c91ee3e3398e48d4b0e55863dc1f7fe5b2d58d29588de65a74da9f6f
2023-04-03 01:45:34,False,2.713e-10,8.682e-13,6532095887.0,0.0567,0x0a...e7c2,https://bscscan.com/tx/0x06bc4f0e799a377b279d299e6c4052a9fe3b9bfe77e3ea8ce84a995b5359ca80
2023-04-03 01:40:21,True,2.74e-10,8.726e-13,13785136063.0,0.1203,0x2e...3548,https://bscscan.com/tx/0xf4f569a8db45ff0c86b93ed6647af8bdd80c5843d28afa4751adfdaeb0504231
2023-04-03 01:39:25,False,2.712e-10,8.683e-13,104444609350.0,0.9069,0xc0...e8e4,https://bscscan.com/tx/0x09c9dcb5232c7f136280c4878f6acd857c9af79ecec277aaa941c6ecda0c02b6
2023-04-03 01:38:27,False,2.725e-10,8.683e-13,3643247161.0,0.0316,0xf6...0e27,https://bscscan.com/tx/0xfd1557daebdff74cf2a8855770d6f965f06a7f16fcc57b2421258f8f0aa4490b
2023-04-03 01:37:39,False,2.712e-10,8.683e-13,58485944737.0,0.5078,0x14...b7dc,https://bscscan.com/tx/0x60835a98555b9d23bb1bc043bbea69dce119bdbfe3a7c5d96e4be4a5184005c6
2023-04-03 01:34:18,False,2.711e-10,8.683e-13,15586901694.0,0.1353,0x68...4662,https://bscscan.com/tx/0x57d161b7fbe4f4b666b55a7166b8ced979e0e33602164461bfe75366ea9b9d40
2023-04-03 01:34:12,True,2.723e-10,8.722e-13,2258301204201.0,19.6973,0x92...1e47,https://bscscan.com/tx/0x7fa5a1d5cc1a5f32f6c55304cc64a2c8cfade1a5ae894900c5f30935fabfeb6b
2023-04-03 01:30:57,False,2.721e-10,8.673e-13,8312698432.0,0.0721,0xe0...c37f,https://bscscan.com/tx/0x2fbbebe696f1dbbc3e8a86bc55a9ce3bfc4b610bf0a50c4103ba175393923672
2023-04-03 01:30:30,True,2.72e-10,8.717e-13,9137498688.0,0.0796,0x9e...093e,https://bscscan.com/tx/0x92af3f1be7bb7969cce7a250d554560547e6a2db8867884c2676dcd6b42380b0
2023-04-03 01:27:42,True,2.733e-10,8.717e-13,9750959767.0,0.085,0xf2...b390,https://bscscan.com/tx/0x2d5fad79c9c067a5d9ee1ae83ee87a6b1fcd0309c6b27b830c1269edcb1db4f2
2023-04-03 01:25:38,False,2.706e-10,8.673e-13,3242508113.0,0.0281,0xd1...f8d8,https://bscscan.com/tx/0xfcb44e62a385e74c7ee3aaac7d8483f457695cbaee7f712f7e353ca126de57fe
2023-04-03 01:22:17,True,2.732e-10,8.717e-13,2000000000.0,0.0174,0x73...1e78,https://bscscan.com/tx/0x0f9cb4e12b3f9988cf429493a29a80e18bd980d674e3e6b0d556b7fb7353cec9
2023-04-03 01:20:41,True,2.718e-10,8.716e-13,144575706424.0,1.26023,0xb9...9d14,https://bscscan.com/tx/0x46ced18d885590c72dfb660ca4b52eacdc03dae82014278bb77e71d5f1e1e073
2023-04-03 01:16:53,True,2.731e-10,8.716e-13,34065149156.0,0.2969,0xfc...c604,https://bscscan.com/tx/0x9fdc27cf91677a42d75e5500c062942e06468eb946b61d1b5c17e63f0a36169b
2023-04-03 01:16:44,True,2.731e-10,8.716e-13,1493004772.0,0.013,0x48...8151,https://bscscan.com/tx/0xc84a1ae15aab66e1a5bab09e91d57495bb43c48afec9341326987c7dd7693967
2023-04-03 01:16:02,False,2.717e-10,8.673e-13,160399755030.0,1.39116,0xc5...08fe,https://bscscan.com/tx/0x434d958dc52ff114cd3240a3de0f4aa7f06290c9417587eb3da454913080b625
2023-04-03 01:15:11,False,2.718e-10,8.673e-13,8682852570.0,0.0753,0x28...bda2,https://bscscan.com/tx/0x2c82567619b0c3f451b6242ea6dbc0a69e09cac3dc22b7772378d23c57f83b84
2023-04-03 01:15:02,False,2.718e-10,8.673e-13,617093387.0,0.0053,0x06...b402,https://bscscan.com/tx/0xdb4cedfb03c9a0eab5cef746b2665f41415623326815e5ca4cb24d54c1d91815
2023-04-03 01:14:35,True,2.717e-10,8.716e-13,105565050285.0,0.9201,0xbb...4443,https://bscscan.com/tx/0xadec45a9338a1c9fffd7d8a314ca71d0bd93d22453abce41f09327c4eed50b6d
2023-04-03 01:13:20,True,2.731e-10,8.716e-13,2294486098.0,0.02,0x6b...893d,https://bscscan.com/tx/0xef8ce93a9a203baccb470b4a2961ce1d36be117b41b1d788736cad30e3bfdc12
2023-04-03 01:05:29,True,2.729e-10,8.716e-13,15361725053.0,0.1339,0xf2...835e,https://bscscan.com/tx/0xbe02461cc96c538364ef5a031aa35de04183289ec9ee92fbb3e91cc4b1e2dba9
2023-04-03 01:04:17,True,2.729e-10,8.716e-13,6768803054.0,0.059,0xc5...f920,https://bscscan.com/tx/0x5238611b3a88d952bb91923d10aefbc4c55186134dbf4a16d1273db61efd336d
2023-04-03 00:57:52,True,2.727e-10,8.716e-13,378594762.0,0.0033,0xf0...92eb,https://bscscan.com/tx/0x890596cda4336d281491d0426d9539847f03531b6e754f96f4b5a028cb00b081
2023-04-03 00:56:24,True,2.729e-10,8.716e-13,119212224484.0,1.03907,0x63...98ce,https://bscscan.com/tx/0xc36c05c6e85cbe9dd6f922fae007464d0375433b470765f39b723decc0846f0d
2023-04-03 00:56:18,True,2.728e-10,8.715e-13,300000001.0,0.0026,0x00...2c05,https://bscscan.com/tx/0xa39097e65ec457e50076ad7239fe9d15f6a82a77383fb7cc02cc140d6b2b24b3
2023-04-03 00:55:43,True,2.728e-10,8.715e-13,5870795362.0,0.0511,0xf0...92eb,https://bscscan.com/tx/0x151bdc38e54f415979dd6739a00494cf5055650ed58bb527041cfbc702e77ae3
2023-04-03 00:53:54,True,2.715e-10,8.715e-13,3401087434.0,0.0296,0xe6...7f30,https://bscscan.com/tx/0x0ebed64b15e7a638c790b487833accb20e64356222920c9f64dc5d11dacc8f0f
2023-04-03 00:52:52,True,2.728e-10,8.715e-13,2254660000.0,0.0196,0xfb...9365,https://bscscan.com/tx/0x23e3b22848dd95b422e1724ccafed3777968afc98b2928885897beef8b5dc954
2023-04-03 00:52:39,False,2.715e-10,8.672e-13,5400366030.0,0.0468,0xa5...b18b,https://bscscan.com/tx/0x255efdf028bc45ddd665084744a9be9eb237466715315d50bc49ffb65d9a5003
2023-04-03 00:52:30,True,2.715e-10,8.715e-13,5780493393.0,0.0503,0x3b...b764,https://bscscan.com/tx/0xb21fa21bda8eab7ceb254f9d49445ea04bb0138462765faf06d57b2490699a97
2023-04-03 00:51:50,True,2.727e-10,8.711e-13,2018777724077.0,17.5863,0x60...a04b,https://bscscan.com/tx/0x91a16bef9723d9246ab2a921336e47e595bb3fb28203ff9fde2641f68913afcb
2023-04-03 00:51:14,False,2.712e-10,8.663e-13,19159726664.0,0.1659,0xa5...ed20,https://bscscan.com/tx/0x494bf32c5a13f825cd690583db770bc4f9aaeb863e168d4ef83daca6f4fdf3c4
2023-04-03 00:51:14,False,2.712e-10,8.663e-13,13564704719.0,0.1175,0xff...ac02,https://bscscan.com/tx/0x014149c3e2402feaae0b79eb0e17cea81164451b0c32748e4f5f3cb04d6ad15c
2023-04-03 00:49:07,False,2.712e-10,8.663e-13,13524963594.0,0.1171,0x9b...0957,https://bscscan.com/tx/0x6a111458598a8573e2968bc7bf65499814a767613cdb00e3fe392fced31df9f7
2023-04-03 00:47:46,False,2.712e-10,8.663e-13,9693352756.0,0.0839,0xc9...235d,https://bscscan.com/tx/0x9744eeca46154c6418490f6b618b91a20c02ba3b9e15e30c2b48983ab6d4e427
2023-04-03 00:47:28,True,2.726e-10,8.707e-13,2296980473.0,0.02,0xe5...8ef0,https://bscscan.com/tx/0xa8f11441d6bda035940db4f618e7f86641fa2a181fc176cfb93a02e5cbbd773b
2023-04-03 00:44:16,True,2.725e-10,8.706e-13,38000000000.0,0.3308,0xa4...0b35,https://bscscan.com/tx/0x64498875c927a0fce810ccf55bc4840c13cc61434c93ee626b4649faa44ccf96
2023-04-03 00:38:53,False,2.712e-10,8.663e-13,9437747523.0,0.0817,0xff...4966,https://bscscan.com/tx/0xf699b309e386b3294e3cd1739f184a1870c9dfaa12c5166b2f1e90f2eeb1a3f8
2023-04-03 00:37:02,False,2.698e-10,8.663e-13,102218445537.0,0.8855,0xd9...6a80,https://bscscan.com/tx/0xc17699d75e80a09afa23160042a797b4bcba5bfd0ca1e5fa11805d079ea7aa3c
2023-04-03 00:34:41,True,2.725e-10,8.707e-13,73372883467.0,0.6388,0xb0...14be,https://bscscan.com/tx/0xe8fe516f99fef1398d2e8f2f94eb753befcb97de04a00f7f8de61ff814264c51
2023-04-03 00:34:29,True,2.725e-10,8.707e-13,3842511903.0,0.0334,0x91...dcee,https://bscscan.com/tx/0x2da2a24eab9afe5c9762cca4535edc0d4b46f78286885b2d657e2848f8543777
2023-04-03 00:34:20,False,2.698e-10,8.663e-13,45000000000.0,0.3898,0xdc...9ce2,https://bscscan.com/tx/0xddd4e0c6fe359b573ac0a427fbfc8dcb45cededdaf63fdad35b2ee4f47ae36e8
2023-04-03 00:31:14,False,2.712e-10,8.663e-13,70885466546.0,0.6141,0xb2...115e,https://bscscan.com/tx/0xdfda45cc0027339c09a1c11e45c05fe2c1f69cacc5eb89314aa91c9116b4b970
2023-04-03 00:31:04,True,2.726e-10,8.707e-13,1000000000.0,0.0087,0x56...c900,https://bscscan.com/tx/0x95f5d97fd561e1b075b0e65613449146903d56677956e8a6af4fbe86e0958db1
2023-04-03 00:29:41,True,2.726e-10,8.707e-13,68616171881.0,0.5974,0x94...12e2,https://bscscan.com/tx/0xfc42519fb4dd7a89e387a197919a14ba6d0d92021d5408284ab150787b09fc32
2023-04-03 00:29:38,False,2.712e-10,8.663e-13,38085277992.0,0.3299,0x32...8cc8,https://bscscan.com/tx/0x8e92f6073f1f5f694feadab017391a700c34c2413e8a1c1d745e83476499bab3
2023-04-03 00:27:14,True,2.712e-10,8.707e-13,5782474390.0,0.0503,0x80...1c78,https://bscscan.com/tx/0xe88c5b2098dcf02b243e63a5aa5a047082bbb532f9551debedb284fa45a2087e
2023-04-03 00:26:44,True,2.725e-10,8.707e-13,3300000000.0,0.0287,0x8c...a33c,https://bscscan.com/tx/0x845c98c17523c77e1c2f6448bc50789082b30d493d5484a08f7f757ac0321eaa
2023-04-03 00:25:11,False,2.711e-10,8.663e-13,18061048574.0,0.1564,0x21...1b90,https://bscscan.com/tx/0x7952cbf36f5cb81a62212cefe477af26ec43b71f4c030a422e892115e1f07b72
2023-04-03 00:24:59,False,2.711e-10,8.664e-13,27036395154.0,0.2342,0x6e...8583,https://bscscan.com/tx/0x69792563fc5a5dda6e5ac07c7cf91de7550c463e204f0901175566aa64871e69
2023-04-03 00:23:26,True,2.711e-10,8.707e-13,1100000000.0,0.0095,0x61...25c4,https://bscscan.com/tx/0xd47c6c3d985116b93f58e89c3693ce67f97c830550e77d2a333b5ba4d98aac80
2023-04-03 00:22:26,True,2.725e-10,8.707e-13,2096840000.0,0.0182,0xa9...5723,https://bscscan.com/tx/0x8ee6bd132655d94a828f64c89b72f5e11c1b306b676004dc8efcf301add75911
2023-04-03 00:20:59,True,2.711e-10,8.707e-13,8982709948.0,0.0782,0x4f...c1da,https://bscscan.com/tx/0x8c77d0f4aee998ae643408963f4c5c37644cc7c638fe28d94f856b53ab5407a3
2023-04-03 00:20:41,True,2.713e-10,8.707e-13,50803700000.0,0.4423,0xdd...8058,https://bscscan.com/tx/0x9ce72f159744da5b15e68eaa495b21bc7563503f8ef60c6944c68e53d9a0d14b
2023-04-03 00:18:50,True,2.727e-10,8.707e-13,37187715194.0,0.3238,0xe2...ee02,https://bscscan.com/tx/0xa16561aa50e40bccfa594d78c6178971ee75e0357979c27b90c702578afec324
2023-04-03 00:18:05,False,2.714e-10,8.663e-13,11659791047.0,0.101,0xc8...5b1f,https://bscscan.com/tx/0x4250116a4da2266c1bc29cc570781ac8fce2f97b12ac10aa73a38f6c4bee36d1
2023-04-03 00:16:53,True,2.721e-10,8.687e-13,8789135751511.0,76.3566,0xb9...f731,https://bscscan.com/tx/0xc9926c2f1c38ed70f61efd49bc96812c018fd63765da918bba575bda8de2e820
2023-04-03 00:16:35,False,2.689e-10,8.626e-13,830488091344.0,7.16433,0xd6...492b,https://bscscan.com/tx/0x5598e8a513de3505a81a05c43b7451ae67f9a36bcedb667346923d21cdfc04f5
2023-04-03 00:16:35,True,2.703e-10,8.671e-13,5320988493.0,0.0461,0x2e...981b,https://bscscan.com/tx/0xd0305af7459ae9be4b39c42ea90a76f7f17d07e1f36c6e355a25df8de94bbea1
2023-04-03 00:14:08,True,2.719e-10,8.671e-13,1438987591.0,0.0124,0x15...4042,https://bscscan.com/tx/0xb6c3bbd568a4e4cdd013faabbf7710ec50624baa1c1ce9f2072a643a85f3ae75
2023-04-03 00:12:41,True,2.706e-10,8.671e-13,8355122406.0,0.0724,0x61...5a4e,https://bscscan.com/tx/0x686185c958a0c55dee213edd50b36d11293c83b007f9e5a611b710a7e76d46a7
2023-04-03 00:08:35,True,2.707e-10,8.671e-13,1248365094.0,0.0108,0x1a...4575,https://bscscan.com/tx/0x68fb90d9f89f0ee9c280f646d721a0141d4bb9732b21675fc61054b77bdf4b41
2023-04-03 00:07:35,False,2.705e-10,8.628e-13,20456577339.0,0.1765,0x6e...3957,https://bscscan.com/tx/0xad560dabc88f4a60a47022013f51f5d4da1d150bceed7ec5406e6d4f0d1d43a6
2023-04-03 00:06:26,True,2.719e-10,8.671e-13,800000000.0,0.0069,0xef...24d2,https://bscscan.com/tx/0x6b3fa041b38a539dc8d06e837f9b05fc4d5aef538bd81eaa6f6b5bd840dce787
2023-04-03 00:05:41,True,2.719e-10,8.671e-13,5500000000.0,0.0476,0x48...6d40,https://bscscan.com/tx/0xe7dda48c1a940251a5d5068eec3e08c40d6642bc28a6fa46c98ab28e368323a1
2023-04-03 00:03:02,False,2.692e-10,8.628e-13,8206090856.0,0.0708,0x6c...f103,https://bscscan.com/tx/0xbab53a36dc94356c2427eda8694df30a8b732944869ca09685d41c8b6f96f32d
2023-04-03 00:03:02,True,2.705e-10,8.671e-13,2144750000.0,0.0186,0x6d...bdfa,https://bscscan.com/tx/0xbc52fe62c45d6d7d959ab2e6c39942037a44b7e3be959061104cd7e1e35d286b
2023-04-03 00:00:32,True,2.718e-10,8.671e-13,1552790000.0,0.0134,0xb6...4620,https://bscscan.com/tx/0x2e5066ebe2e9b945f0e40be72946748a7fc34ab590eaa21cf41f80d766fc89d5
2023-04-02 23:58:29,True,2.704e-10,8.671e-13,3459496381.0,0.03,0x38...c83b,https://bscscan.com/tx/0x7a85c7e959c1c47184346cfaa619c5850b674aecf82f55c0ed38c2658092d1cb
2023-04-02 23:57:38,True,2.705e-10,8.671e-13,5535206947.0,0.048,0x0c...2eb9,https://bscscan.com/tx/0x449465ef3be25a7f21b1fa84d5b82e2a14c12496a22ac7acbddc5604236a3a2a
2023-04-02 23:55:05,False,2.706e-10,8.628e-13,1126334876.0,0.0097,0x44...685f,https://bscscan.com/tx/0x8f16eca84674e8db362683db6660cd84598939366e5d1b3c6bad2d2a355605e3
2023-04-02 23:54:53,True,2.706e-10,8.671e-13,1000000000.0,0.0086,0x0f...b54e,https://bscscan.com/tx/0x50d9a95ac2eeb14869578a759a01990bf319b0b3e7ee3d5b39b28ee680a6311a
2023-04-02 23:53:58,True,2.706e-10,8.671e-13,8300000000.0,0.0719,0x0f...b54e,https://bscscan.com/tx/0x6ad8c2f27593f85efa4bdb9f016f14b736f8ecdd1c972d09e96f2739fb215e6a
2023-04-02 23:52:50,False,2.706e-10,8.628e-13,4500000000.0,0.0388,0x12...7be3,https://bscscan.com/tx/0x78eae81177c0a84401becbd08ae8308f6036d109e9f5c1c33ff36595f819ad21
2023-04-02 23:52:04,False,2.693e-10,8.628e-13,2987124616.0,0.0257,0x5f...ce1a,https://bscscan.com/tx/0x82c0dff954f1f10e798847e39e16e2a7c065a2d7d001e0e92faf9ae2bf82a9b4
2023-04-02 23:52:01,True,2.706e-10,8.671e-13,21392463168.0,0.1855,0x21...483f,https://bscscan.com/tx/0xd728eee9196481cdba03b9d76b56be6b78bf6d6665d5f30af3de75ca2054e7f8
2023-04-02 23:50:04,False,2.706e-10,8.628e-13,51119481738.0,0.441,0xc3...b6fa,https://bscscan.com/tx/0x9d5aae9c207e682e0533c875d057c75fb3facc7cfbed4d63ab9bcf21a280b226
2023-04-02 23:48:04,True,2.706e-10,8.671e-13,3816344020.0,0.033,0x31...c7b1,https://bscscan.com/tx/0x632f2533f7fd3043edf060d2111cc1145795268715d30c47fc199ff96cde3c8c
2023-04-02 23:47:49,True,2.72e-10,8.671e-13,44328701.0,3.844e-05,0xe3...9c5a,https://bscscan.com/tx/0x7193727ec81ddeeafd3dd19c0adec8969bcf0f7a26b344b367a6233bb60164c2
2023-04-02 23:47:43,False,2.706e-10,8.628e-13,31952229256.0,0.2757,0x26...e027,https://bscscan.com/tx/0x11198d9a802a17e3565de4172b71e2818708ea6a1e6e7ae9560094c61b12b932
2023-04-02 23:46:28,True,2.72e-10,8.671e-13,22052400000.0,0.1912,0x29...8cdf,https://bscscan.com/tx/0x51d3f1e795e3c3176960a1ba065b5c42887f91ecdacbc1272c46e5775a59b319
2023-04-02 23:46:16,True,2.706e-10,8.671e-13,102629669955.0,0.8899,0x8f...e535,https://bscscan.com/tx/0x581b649a5fa13ba04bf87ffe658f02419aba9dc10f3d3b5fbfd32705f599637e
2023-04-02 23:43:37,False,2.693e-10,8.628e-13,22500834430.0,0.1941,0x8f...0b31,https://bscscan.com/tx/0xa6a98126fc9af45163426e884deffa3bbb6f4664463afab07b8e68c06e38f786
2023-04-02 23:42:19,False,2.693e-10,8.628e-13,135000000000.0,1.16485,0x1f...4f4f,https://bscscan.com/tx/0x6d74b28f2337e46972ec03604eff8121f4a0886b7b7d8d649011a1af9113b9a4
2023-04-02 23:41:49,False,2.693e-10,8.628e-13,5423158473.0,0.0468,0x25...3cb2,https://bscscan.com/tx/0xe66c9857d4a896ed7488c3794a94421e06d53e7f4b7cc29f70364f5a212af79a
2023-04-02 23:38:52,True,2.706e-10,8.672e-13,50230943853.0,0.4356,0xc1...c1a0,https://bscscan.com/tx/0xa1e7caaea21cafa37649dea92d03927cdc3b930b0394e158598e7c1ec17b9b0d
2023-04-02 23:38:43,True,2.706e-10,8.671e-13,94596926396.0,0.8203,0x00...0244,https://bscscan.com/tx/0x5eb672a4cd9a3a3750b131a45fdde8ac6ced51b66711ae6e3c2c30adc7e3bea9
2023-04-02 23:37:43,False,2.693e-10,8.628e-13,2525103710.0,0.0217,0x57...67e3,https://bscscan.com/tx/0x43aebde2eb40e6e081e8a13edf940fdb64870737c4280d214d77ac07b2447b6f
2023-04-02 23:36:01,False,2.693e-10,8.628e-13,72000000000.0,0.6212,0x71...84bd,https://bscscan.com/tx/0x661cb96fc913cea2205934e0776a8c23e4f60903615af2cdf6ef1d8eeff3b83d
2023-04-02 23:35:19,False,2.693e-10,8.628e-13,18000073702.0,0.1553,0x0d...8ba8,https://bscscan.com/tx/0x92c72268d5ac7f3d25a85b8bde7bfdc2f299d72a57ba44ca24ee7019c0791365
2023-04-02 23:34:49,False,2.707e-10,8.628e-13,15568228487.0,0.1343,0x31...e02d,https://bscscan.com/tx/0xa2527a3ac47e93264191aeb4bd6be4cf91ba090111f7d5d3fb01a0a5da3e8295
2023-04-02 23:34:25,True,2.707e-10,8.671e-13,73513571901.0,0.6375,0x9c...8384,https://bscscan.com/tx/0x0631ea96b9863301cf348ff6beaf4ccc8c9d59f066b4aac083d00465306c7d34
2023-04-02 23:33:07,True,2.72e-10,8.671e-13,3459540224.0,0.03,0xee...29b0,https://bscscan.com/tx/0xa7cd5a3ab83c7637d1cd2521dfc46a74417ee04e2de9c6bf881c82e7c49d5b85
2023-04-02 23:32:25,False,2.706e-10,8.628e-13,3936536748.0,0.0339,0xdc...1e40,https://bscscan.com/tx/0xdf8d403a925f9b3daecf21549a75a1f7eb35d283e99973515405367ab31ffeac
2023-04-02 23:31:19,False,2.693e-10,8.628e-13,224112857336.0,1.93384,0x0e...4f35,https://bscscan.com/tx/0xb2bc2cccd9f48d765d9f45659d095f4792368b80576488b840e0801748faadbf
2023-04-02 23:29:57,False,2.693e-10,8.629e-13,6160429042.0,0.0531,0xb0...2723,https://bscscan.com/tx/0x76e5df7fc4be87a7aee279e6007bfa138d416cd4fcdf860ba40d1888bc60d213
2023-04-02 23:28:13,True,2.707e-10,8.672e-13,14704033516.0,0.1275,0xce...04a5,https://bscscan.com/tx/0x7c7f228175114132b18dc6e922f795e6062552949c8ce6d6a5287327ffd9347b
2023-04-02 23:25:38,True,2.72e-10,8.672e-13,4000000000.0,0.0346,0x73...f40e,https://bscscan.com/tx/0x7481a04f3a259813e9e6f357ce8ae7cd497177fb4044a16f82ebb6e9cfd0fb44
2023-04-02 23:24:50,False,2.693e-10,8.629e-13,22500000000.0,0.1941,0x12...7be3,https://bscscan.com/tx/0x8db1dc86cf31df0bf5fa892460ceb1c9bd3325aa0258a0bdc378c5616b74d0fc
2023-04-02 23:23:59,True,2.706e-10,8.672e-13,3000000000.0,0.026,0x34...f70f,https://bscscan.com/tx/0xec2254dec90842be6f52464de845a7037e6703c41f1c9c71fbd1bcf0effdc100
2023-04-02 23:21:43,False,2.693e-10,8.629e-13,4523298621.0,0.039,0xc4...fb85,https://bscscan.com/tx/0xd5d8116c79672cf8f2bb7ef0cdd6b71600619653b8044ce0770d2433b8a189be
2023-04-02 23:21:37,True,2.706e-10,8.672e-13,1104175418.0,0.0095,0xaf...31b8,https://bscscan.com/tx/0x58cd6668a1842e143cfb600faea879a0b395437e95724f4cd687ade4c27d4956
2023-04-02 23:19:54,False,2.706e-10,8.629e-13,36630000000.0,0.3161,0xaf...8845,https://bscscan.com/tx/0x53b263276b660c02a44ed4903ac6f49d520ff5e66fcfbe58c84ead37609610f1
2023-04-02 23:19:42,False,2.706e-10,8.629e-13,13500000000.0,0.1165,0x35...660a,https://bscscan.com/tx/0x22290b1dc54364f683b789a59be9123545d18adab0656481844d531c2ec88d05
2023-04-02 23:19:03,True,2.719e-10,8.672e-13,345903435.0,0.003,0xe8...0505,https://bscscan.com/tx/0xc00ffea0a3d36e1d20fb4e8193715fd47a939e942e6d546a5e22f05e71cf5bb9
2023-04-02 23:17:06,False,2.692e-10,8.629e-13,13438654911.0,0.1159,0x03...6be0,https://bscscan.com/tx/0x3d39fa364dc49fee3d7b20cfa73d4169cf4b6f00a58aeb646cc24e63f0034bd6
2023-04-02 23:15:21,True,2.719e-10,8.672e-13,166158970199.0,1.44104,0xce...e345,https://bscscan.com/tx/0xab1ce738d65f65c4b59f9ddfc94ffbd8b049f2f5f3fff3bffbd635f4f64b0705
2023-04-02 23:14:21,False,2.705e-10,8.629e-13,22506640121.0,0.1942,0x9d...9654,https://bscscan.com/tx/0xc01b6faa7e840821d3301db68aeafd4d4e893691743f521db90976c567b967b2
2023-04-02 23:13:36,False,2.705e-10,8.629e-13,4663118130.0,0.0402,0x91...e941,https://bscscan.com/tx/0x92c07c1bc8858c5fad527bf4e011ca2ed6e5e3f314104681e492dae8bd4b29de
2023-04-02 23:13:30,True,2.719e-10,8.672e-13,172962858.0,0.0015,0xd3...672b,https://bscscan.com/tx/0xd035997deaafa3911f4a4e30820449e0024b2ae84d6dea4033af70065178422f
2023-04-02 23:12:30,True,2.719e-10,8.672e-13,13000000000.0,0.1127,0x0f...b54e,https://bscscan.com/tx/0x2c9d1e1df1ca6210f04135cc2f7bdef5ff4310ad16b4fe7cfd873cfb6fc922fd
2023-04-02 23:11:18,False,2.705e-10,8.629e-13,5945831218.0,0.0513,0x23...2835,https://bscscan.com/tx/0xfab94bb4cc57759cda4f24cb05a5598937074ea6f190df42bcb0c7eb8b77e7e2
2023-04-02 23:11:15,True,2.719e-10,8.672e-13,8800000000.0,0.0763,0x31...93c9,https://bscscan.com/tx/0xffea2b1b1b6b9c360e727128674a8cf8391620b3b82061fae1713a5b042276cd
2023-04-02 23:10:42,True,2.705e-10,8.672e-13,403583337.0,0.0035,0xf4...5e50,https://bscscan.com/tx/0x86c5062b8d539ac39e5c954e4b74853cac1ef8fdabe1137bfe2c18345643a9a5
2023-04-02 23:09:54,False,2.691e-10,8.629e-13,73885296482.0,0.6375,0x63...98ce,https://bscscan.com/tx/0xaa71c0a5e80fc91177bebe1b9c7a42cff38915e5a49546da6e09c512e81017b1
2023-04-02 23:09:36,True,2.719e-10,8.672e-13,3751322272.0,0.0325,0xef...eeec,https://bscscan.com/tx/0x5c31eb5d2ca531f887df75d96a4e5a7e820b78c4ba2ebd37f16ed818b3a4850f
2023-04-02 23:07:09,False,2.705e-10,8.629e-13,9900000000.0,0.0854,0x37...b998,https://bscscan.com/tx/0x479617accaf44c1ae542a70b14a292ec3cf3dbd962cd651f3508d2e6f85a1124
2023-04-02 23:06:09,False,2.705e-10,8.629e-13,22831945689.0,0.197,0xe5...96d4,https://bscscan.com/tx/0x8c2c104e098f41200a91fcf9f1fc919feaa1c9eeff5e5b04b9cfec42152be3c9
2023-04-02 23:02:57,False,2.702e-10,8.629e-13,18273881039.0,0.1576,0x19...5d1c,https://bscscan.com/tx/0x6bf77436a590babc96855e8c48872ffddcec1b5242cc1f245542ccad8706c1f5
2023-04-02 23:00:45,True,2.715e-10,8.672e-13,8500000000.0,0.0737,0x7d...aef2,https://bscscan.com/tx/0x4cfd450824613c2d2eda876756b0fca498f25a87dbca6ae471bfe6c1699c21e8
2023-04-02 22:59:39,True,2.715e-10,8.672e-13,50000000000.0,0.4336,0xc7...abbf,https://bscscan.com/tx/0x958b54c99f2653425e0299b35b426b1b2d510486586604b2d4a62fed120b6d5d
2023-04-02 22:58:18,False,2.703e-10,8.629e-13,71806287034.0,0.6196,0x02...423a,https://bscscan.com/tx/0xc4437b25ed55a43511edf0522f4ed438c9fb055559a73d0168b627ba654b3e77
2023-04-02 22:57:12,False,2.701e-10,8.629e-13,8673726520.0,0.0748,0xb6...2e54,https://bscscan.com/tx/0x6ddc77f25b27e67766b62c14d3e94889e3711869c30dc4f5de67d0c38784fd57
2023-04-02 22:56:24,False,2.685e-10,8.629e-13,32889663788.0,0.2838,0x6f...7e3e,https://bscscan.com/tx/0x1086dbe4bb253974ff62bc94c6b9461d8eead1738b267ae57d7ac683ac6094d5
2023-04-02 22:56:24,False,2.685e-10,8.629e-13,4734000000.0,0.0408,0x3f...5225,https://bscscan.com/tx/0xcfdc1f362f8e72e1f6cb133b3a929186382e8b92ac4e1a5f74e763b5cbc3aeef
2023-04-02 22:56:18,True,2.714e-10,8.673e-13,1622220001.0,0.014,0x27...0a51,https://bscscan.com/tx/0xe4d738eaec4d1e6929e2cae2803a4df4800d843c62fe7b25ee5636b867e02110
2023-04-02 22:55:22,True,2.712e-10,8.673e-13,8326320000.0,0.0722,0x6a...c39b,https://bscscan.com/tx/0x13d09c65dd726714190aa77c74964a1d0f856d3c15126ef1848167817ac15d9d
2023-04-02 22:54:49,True,2.699e-10,8.673e-13,8514805178.0,0.0738,0x4b...3f1d,https://bscscan.com/tx/0xaab72911f24650db56935a396f4423da27945d84ceb5b37e94aa7e3c23e99855
2023-04-02 22:52:52,False,2.685e-10,8.629e-13,4500693133.0,0.0388,0xef...4039,https://bscscan.com/tx/0x2b8ae5db0ef97918421b997ef197c18d26cd245b575cf6392f8ea10987e0d738
2023-04-02 22:51:23,True,2.711e-10,8.673e-13,5900000000.0,0.0511,0x48...885a,https://bscscan.com/tx/0x7cd4dc790219fa791ee450b3153b3943e42250fd7d72029f189fd343fef5fcc0
2023-04-02 22:49:51,True,2.697e-10,8.673e-13,2882504221.0,0.025,0x68...f14f,https://bscscan.com/tx/0xedc940fa945cbf325aac66c85105821a302e5c6bdce7155007c06a105c138f34
2023-04-02 22:49:26,True,2.697e-10,8.673e-13,1844804931.0,0.016,0xe4...c7c1,https://bscscan.com/tx/0x7eee346eec11cbd12eb76106cf3daa794b2f55d475a40889d399228b3e1e4edb
2023-04-02 22:49:23,True,2.711e-10,8.672e-13,5323691448.0,0.0461,0x4e...a98f,https://bscscan.com/tx/0x548ccf18622dc07415ad7be22f9b3d7225ecea231cea336337bd01f2e51b579c
2023-04-02 22:49:14,False,2.697e-10,8.629e-13,4501321359.0,0.0388,0x41...4cd9,https://bscscan.com/tx/0x1ca5ff0be648cd21b61a4fff3a4bcd93bdf7f06709e4af462f696416f6069973
2023-04-02 22:48:45,True,2.711e-10,8.672e-13,25195500000.0,0.2185,0x2b...40e0,https://bscscan.com/tx/0xa9dcb54f07a5ceec8c3f4724a8982290f2478e8c5b1fbf3c2ebb05f5a712d582
2023-04-02 22:48:04,False,2.697e-10,8.629e-13,4163512483.0,0.0359,0x68...a859,https://bscscan.com/tx/0x7f6080d3aa5b89b724e79684fc6ee8377f4d384a05d8c432cfd18f479a87bd74
2023-04-02 22:46:40,True,2.711e-10,8.672e-13,2882543449.0,0.025,0x2b...35fd,https://bscscan.com/tx/0xf66b8ba8a7879bf48ca589037edcb0a3f666e39b139015cfff4362700237073d
2023-04-02 22:46:37,True,2.711e-10,8.672e-13,2795178095.0,0.0242,0xfa...f3f8,https://bscscan.com/tx/0xd6affee8efbeec8a7fa2106bbd64dcd95fbb345212342b08a55a1070dfe39bce
2023-04-02 22:46:28,True,2.697e-10,8.672e-13,6064499320.0,0.0526,0x77...cde8,https://bscscan.com/tx/0xbfb4db62ab84d5b99e2464b36c4eabb75c5f0ea231a6e9f0b007be9f8cba3c61
2023-04-02 22:44:25,False,2.698e-10,8.63e-13,297794183505.0,2.57002,0x81...ce62,https://bscscan.com/tx/0xd253cc60333f32282b28ce010f308bce14db6351272485d96a04a5c02fc23ac7
2023-04-02 22:43:34,False,2.684e-10,8.63e-13,1137128541.0,0.0098,0xcc...17f7,https://bscscan.com/tx/0x0f62df8a6dd37806722628b4d42c509a75ce339ce76dd87f10763bc39b1de344
2023-04-02 22:43:34,True,2.698e-10,8.674e-13,1300000000.0,0.0112,0xa0...f46f,https://bscscan.com/tx/0xda7480f1ceed4954db73d53357dd0b11ee0cdac446d82ce7e803ded48ddd3448
2023-04-02 22:43:16,True,2.698e-10,8.674e-13,3458539000.0,0.03,0xb5...5d46,https://bscscan.com/tx/0x96b3699d1c63f9bbc0f46018b82c3df15101e22afdc198869c2996db3517efc7
2023-04-02 22:42:13,False,2.698e-10,8.63e-13,42541691125.0,0.3671,0x01...74b8,https://bscscan.com/tx/0x97d2328d0de764dc5bc05b798df1967a4844d298ded5a523a007515bfff963bd
2023-04-02 22:41:45,True,2.712e-10,8.674e-13,40349390000.0,0.35,0xb5...5d46,https://bscscan.com/tx/0xe392fd9c10247a67bfc039541c11163564d96f1ef627dc4d763554ff94701bce
2023-04-02 22:41:38,True,2.711e-10,8.674e-13,6534000000.0,0.0566,0x29...e2e7,https://bscscan.com/tx/0x48d80e02a5e1c1fb2546cb30b280aad2245e43bde7033107198a7ad135df592d
2023-04-02 22:40:22,True,2.711e-10,8.672e-13,523988000001.0,4.54453,0xd1...1116,https://bscscan.com/tx/0xbadef6268b37eead4dc10a92366cbc35dbd68b1bb56d7ad2374739c2dcad0912
2023-04-02 22:38:15,False,2.684e-10,8.628e-13,16079076795.0,0.1387,0xcd...9583,https://bscscan.com/tx/0x5e60adcb5fd7138900f52c18bc0824e4c539c67e6071991b83b6504ba7fbc0a4
2023-04-02 22:37:41,True,2.697e-10,8.671e-13,243945511.0,0.0021,0x15...6ce0,https://bscscan.com/tx/0x106befa0c1204a79951034a76cdac2b34cf2b4a6f9bdb4315731f265469a5a41
2023-04-02 22:37:15,False,2.697e-10,8.628e-13,100666557064.0,0.8686,0xe4...e3fa,https://bscscan.com/tx/0x94d95fab7dce774d713e256cfb296d292c236cda72dcc7f72c559f589ba32883
2023-04-02 22:36:51,True,2.711e-10,8.672e-13,17717121495.0,0.1536,0xa5...ffe2,https://bscscan.com/tx/0x5833732f63c4f1ece5d28a3b0dc07557164af3e9c7da4d9d71fab85da594057b
2023-04-02 22:35:51,True,2.697e-10,8.672e-13,1129925774.0,0.0098,0xa1...d753,https://bscscan.com/tx/0x83bee50f1334e675b352f56b54c6b62e68407131a5aed351191e2d2e29678cf6
2023-04-02 22:35:12,False,2.697e-10,8.629e-13,48513919910.0,0.4186,0x2a...e581,https://bscscan.com/tx/0xdc86afde2b9fa1b64a56915e839f7322102d85808d788b0e0e9fd2e581c6dfe0
2023-04-02 22:34:00,True,2.697e-10,8.672e-13,1153076442.0,0.01,0x33...cd2b,https://bscscan.com/tx/0xfd80013300fe6503911ece007c33d1d59b9f3cbe2ed9418db229889d6db8b573
2023-04-02 22:33:24,False,2.684e-10,8.629e-13,3349797308.0,0.0289,0x85...0193,https://bscscan.com/tx/0x36366a0183a1ce80705635006547abe3854788f9b01b1d8ad8c225548d1f8ae1
2023-04-02 22:31:51,False,2.684e-10,8.629e-13,26356919167.0,0.2274,0x72...9f2e,https://bscscan.com/tx/0x29ece78630952dadcfc94972800a422cd40e6b66be87f6aec5a6edd8b90ca4db
2023-04-02 22:30:21,True,2.711e-10,8.672e-13,3431693228.0,0.0297,0x1c...f916,https://bscscan.com/tx/0x1995073ee1419a53c662e6ef4f44c79a7e29aed3a6581b6cf3083517d131a9b0
2023-04-02 22:30:18,False,2.697e-10,8.629e-13,168043208032.0,1.45015,0x83...6caf,https://bscscan.com/tx/0xda2d54fd1a23b95f005c35d9227e273ed119d5dea325910beff0260dc93ebc18
2023-04-02 22:28:21,True,2.695e-10,8.673e-13,800374100.0,0.0069,0xf3...ad30,https://bscscan.com/tx/0xbd0005825073dbf7b9ac3fc5e7669219897302680e4aeab4412611d3dca972b3
2023-04-02 22:27:51,True,2.71e-10,8.673e-13,44569732799.0,0.3865,0x87...a575,https://bscscan.com/tx/0x801562fa3ab4790bb7dce51cb10f44035579c08a66e0ca215ce5e3fe2c4e7c96
2023-04-02 22:26:05,False,2.683e-10,8.629e-13,34407000000.0,0.2969,0x4b...b153,https://bscscan.com/tx/0xd5e78d0bd5381b64df74f37e5ea19fb3853d9ae7246619eb6167e2e427c30ee0
2023-04-02 22:24:20,True,2.696e-10,8.673e-13,54423500009.0,0.472,0xf6...38f7,https://bscscan.com/tx/0xe8bad49596872f1f9cfeb8cf1550ceffa1485ccf6179490137a8940fa3ca1436
2023-04-02 22:23:38,True,2.709e-10,8.673e-13,1153000000.0,0.01,0x7a...69dd,https://bscscan.com/tx/0x366e5987ce8defdf06a5b93aca0198312b92828e5f108afd82b7f8e1d23805fd
2023-04-02 22:23:17,True,2.696e-10,8.672e-13,13143911428.0,0.114,0x1e...b07d,https://bscscan.com/tx/0x4d8aabc8808f02165323fea5f4afec048ff977ed00541809c8383b515e6cde81
2023-04-02 22:18:41,True,2.708e-10,8.672e-13,4700000000.0,0.0407,0x6f...0806,https://bscscan.com/tx/0x9b1d860a8ce35c6cd239474538f11ffcfd96fd718c716ff7c2d8185c715ef6e7
2023-04-02 22:18:35,True,2.708e-10,8.672e-13,85622561391.0,0.7425,0x95...ccba,https://bscscan.com/tx/0x871f3489aacde7062c09a073a8dab3ec0a5349e3189147fce9b73267b94f6fdf
2023-04-02 22:16:20,True,2.695e-10,8.672e-13,2197175108.0,0.019,0xb8...62ef,https://bscscan.com/tx/0xab81e742fa90d32147f5ff1a0f21e55a4582d94bb146287d09fb535f53a4c36d
2023-04-02 22:16:05,False,2.695e-10,8.629e-13,63599609036.0,0.5488,0xc8...21a0,https://bscscan.com/tx/0x7ee7544a7d77df9138f9be6536edcfc7a811eba015fcbf3c0014e1d52a37262c
2023-04-02 22:15:14,False,2.681e-10,8.629e-13,4907565041.0,0.0423,0x38...9569,https://bscscan.com/tx/0x24d6780571610dff6fbecabeda8eed7084e5657799231772ad7d09819aea6901
2023-04-02 22:15:11,False,2.681e-10,8.629e-13,27000155771.0,0.233,0x49...6e4f,https://bscscan.com/tx/0x37736f5ff0f880598d0277306f225442f527a86fb6d70f85acc6ca874df64c68
2023-04-02 22:14:29,False,2.695e-10,8.629e-13,2093629750.0,0.018,0x52...5964,https://bscscan.com/tx/0xf740d400390a9c175cfe6223f44b46845e289d19a60ff25fc8bf6c31366c2eef
2023-04-02 22:14:02,True,2.693e-10,8.672e-13,3407749163.0,0.0295,0x4f...c1da,https://bscscan.com/tx/0xefc2548239901113fe4e13231829db79f2931556d92d24d4c4c15e6a5fdaed32
2023-04-02 22:13:20,False,2.694e-10,8.629e-13,11752091396.0,0.1014,0x3d...1505,https://bscscan.com/tx/0xf3b3d6a4618800b5c77e2f42cc7e3265c818597037fe67c227ef19ee9d2fde94
2023-04-02 22:13:05,True,2.694e-10,8.672e-13,39000000000.0,0.3382,0x65...57bc,https://bscscan.com/tx/0x9ec7f8be99fb9ad92a9a2ad6fefd0b43bf00c90fa067e8c7118844c08bde8cea
2023-04-02 22:12:20,False,2.694e-10,8.629e-13,7385022000.0,0.0637,0x93...86e4,https://bscscan.com/tx/0x0540c65ec30a76b85d94dea11c98f02aca1ca30854033e00806f1a9ec3b8391b
2023-04-02 22:10:59,False,2.68e-10,8.629e-13,2317430292.0,0.02,0x49...22ea,https://bscscan.com/tx/0x40b7898d0add8642c99a3ae3ca8e61846d2e01afb71dcff62b6af01b45c7d740
2023-04-02 22:10:59,False,2.681e-10,8.631e-13,796373596463.0,6.87376,0xd3...5619,https://bscscan.com/tx/0x70c3db09c619bfdaa2216444cb8c480bf3f24526f27aab7fc746cc0bded85406
2023-04-02 22:10:50,False,2.682e-10,8.633e-13,18000000000.0,0.1554,0x2f...a67a,https://bscscan.com/tx/0x609a03fd75ce3379355e175d11386b2422b4ab450c43f9d3b14d5dca16ea94a0
2023-04-02 22:10:50,True,2.695e-10,8.676e-13,62987653671.0,0.5465,0x65...1594,https://bscscan.com/tx/0x89dc0c3276a73844579d13da61589b3f87328eaf37e82bc83b90a7f7d7bb729a
2023-04-02 22:09:50,False,2.682e-10,8.633e-13,78189625599.0,0.675,0x75...5cb3,https://bscscan.com/tx/0xf7088ca9f22354217fe72cce6ba331b79d3ad77e86ffb19000e55e5202cf94e5
2023-04-02 22:08:08,True,2.709e-10,8.676e-13,3904103881.0,0.0338,0x84...e27e,https://bscscan.com/tx/0x8f3c21956dc93971f21d3bdd9a6e45314b57f0df63da50d9bd7eed7b24d85677
2023-04-02 22:06:23,False,2.695e-10,8.633e-13,4338900000.0,0.0374,0x0d...8ba8,https://bscscan.com/tx/0x91a49f797432421680b03fdd8b2a2093a6b6b3cb8255dbdeac2dbe9674259d9e
2023-04-02 22:05:12,False,2.695e-10,8.633e-13,47878586459.0,0.4133,0x58...aad8,https://bscscan.com/tx/0xe851eada9cba607400e16572ddae1f2b874fb6183a934b4b60c8e669a1bef3b8
2023-04-02 22:03:06,True,2.708e-10,8.676e-13,17877830283.0,0.1551,0xa2...0bb0,https://bscscan.com/tx/0x78b5662eb9903f427d3e1dc2f4ce5680cfba5c2cf466254e45d308f1452dfbf0
2023-04-02 22:02:36,True,2.695e-10,8.676e-13,3500000000.0,0.0303,0x35...e53f,https://bscscan.com/tx/0x84c549096c332d8f09516ce8c2e04e627617291e480425f80dd3f0e88e902c6f
2023-04-02 22:01:57,True,2.695e-10,8.676e-13,36916820550.0,0.3203,0xc0...96dc,https://bscscan.com/tx/0xc7d0eb02e550bb5c1af5b63b009cb7a59c3f9f417705c8bbda3f4bdebba601b7
2023-04-02 22:00:39,True,2.695e-10,8.676e-13,1833733427.0,0.0159,0x3c...fe37,https://bscscan.com/tx/0x98303b3de6b3e89a131f3833af3e885b9359998fafabf17276b53a3499b319d0
2023-04-02 22:00:15,False,2.682e-10,8.633e-13,16282098895.0,0.1405,0x61...3f8f,https://bscscan.com/tx/0x4ea8c2e7236fd6b7402465b5af072d2b65fc9d52a3559dd9a76ad03095e235c8
2023-04-02 21:59:51,True,2.708e-10,8.676e-13,101425148693.0,0.88,0x2e...5207,https://bscscan.com/tx/0x9511e454ee98137bfba82ead385388b722914ef07d863d8545774cd87aff1f66
2023-04-02 21:59:39,True,2.695e-10,8.676e-13,6915542512.0,0.06,0xa4...3db9,https://bscscan.com/tx/0x84b19d90816886bbb8015edbc29ab3b8637a41661487f312fa267f5c91d10d8d
2023-04-02 21:59:24,False,2.681e-10,8.632e-13,1068631115.0,0.0092,0x85...a489,https://bscscan.com/tx/0xc56c6372fd865fa7c1601c7fbed578dc256dab240f3e3d9669aa5257dc1fccc8
2023-04-02 21:58:30,True,2.708e-10,8.676e-13,13254851009.0,0.115,0x73...8b19,https://bscscan.com/tx/0x4b52637a5825917afd61b3168392165ca70e30b8c20dac688192f07ce7b179a8
2023-04-02 21:58:12,True,2.695e-10,8.675e-13,34519585133.0,0.2994,0x82...b063,https://bscscan.com/tx/0x47de95803df37fcab1c038d64e3c3a57f9214c77ef8be155b7e3d4da4e6f02b6
2023-04-02 21:55:34,False,2.681e-10,8.633e-13,199330930928.0,1.72082,0x72...805f,https://bscscan.com/tx/0x9edffc75c34ea6a14e94b95a52f4c01bdf76f129cf65f8b0bcdad3beef3574c7
2023-04-02 21:54:22,True,2.695e-10,8.676e-13,3803262764.0,0.033,0xc8...6435,https://bscscan.com/tx/0x50dd1c83c575b4c22e320cdb7265f81f1422858be34951fd5d488375d0ca727c
2023-04-02 21:53:25,True,2.708e-10,8.676e-13,38555555555.0,0.3345,0xbc...0837,https://bscscan.com/tx/0x16561c0fa229a5e86c3bddd8e7472cc7d986731a0a628c4c805256f34b6f94cf
2023-04-02 21:50:31,True,2.706e-10,8.671e-13,2306420000000.0,20.0,0xb4...754a,https://bscscan.com/tx/0xb9404555f31d2bb274625e94594d94cc3efe1f8fe1f75d1e5ca640093c28dfeb
2023-04-02 21:50:13,True,2.691e-10,8.666e-13,3800000000.0,0.0329,0xa3...7a31,https://bscscan.com/tx/0xd89d6135f43406facc2bd43ee4b3408d40201d5a0bef7e11ccd8753aecadc632
2023-04-02 21:49:28,False,2.691e-10,8.623e-13,4862450328.0,0.0419,0x39...afaf,https://bscscan.com/tx/0xf27d2cada157f27055c80b13d0c23d595c651d241dd9eec8f1ec068e9830425d
2023-04-02 21:48:55,False,2.678e-10,8.623e-13,33729448857.0,0.2908,0x1d...3f98,https://bscscan.com/tx/0xf5750f4d35de55639ce61078f5c8f05e5e34b08e23a6e3671203a05e971665f5
2023-04-02 21:48:46,False,2.678e-10,8.623e-13,30780003454.0,0.2654,0xa2...7a10,https://bscscan.com/tx/0x70d2ef4179b0be4ec75fc3cfbf66548c7992d3fee738c940b5aedf64cd858d0e
2023-04-02 21:42:51,True,2.708e-10,8.666e-13,20302090284.0,0.1759,0x3c...fe37,https://bscscan.com/tx/0x0be21b05763a172c136718df7b497e9d4becda6baa4f65f0b5d0a18856aa5cbf
2023-04-02 21:42:36,True,2.696e-10,8.666e-13,20294730496.0,0.1758,0x5d...8b65,https://bscscan.com/tx/0xaac7451c3318a7dc57ef9994057462ef122b53ad4f794bf4c6382ae7e747b37e
2023-04-02 21:41:48,False,2.687e-10,8.623e-13,13766845912.0,0.1187,0xbb...1f02,https://bscscan.com/tx/0xe589125fac1982337e5f031a49ad5bb65aea82d31e378436335996486320e1a5
2023-04-02 21:41:18,False,2.701e-10,8.623e-13,3600000000.0,0.031,0x87...1600,https://bscscan.com/tx/0x4092633511cd2bdb6fc37dd3515aadb77238d2a2d30b6d69de058166b65d9c30
2023-04-02 21:39:33,False,2.703e-10,8.623e-13,29943764134.0,0.2582,0x61...7645,https://bscscan.com/tx/0x69033833e1df6d7f51b33c2979df1ea574c50af5285f1af6cca63c78722e77c2
2023-04-02 21:38:03,True,2.704e-10,8.666e-13,32921649156.0,0.2853,0x2e...5207,https://bscscan.com/tx/0x1c3fd868bc7c35c52385d0b55a5fa5dc98cd27857fbcb7e8ab8521279984b968
2023-04-02 21:37:27,False,2.704e-10,8.623e-13,15221194460.0,0.1312,0x3f...dbc1,https://bscscan.com/tx/0x4b6ee4206e9a737c4646d95d4a68f1cc29be940073ecee70f3409df3c465d66a
2023-04-02 21:37:18,False,2.691e-10,8.623e-13,115200000000.0,0.9934,0x41...1ab2,https://bscscan.com/tx/0x11d739112fcd21c92201906f2fb1c93c42d7e3c71e3225debc81da9d6b4bc581
2023-04-02 21:35:48,True,2.719e-10,8.667e-13,15199831018.0,0.1317,0x04...dddb,https://bscscan.com/tx/0x0a06afce5f1a3bd1a5329f0d29bfb5d2d5ba286b54884e9c3990bf8e334ba383
2023-04-02 21:35:39,False,2.705e-10,8.623e-13,12578271974.0,0.1084,0xb5...03ab,https://bscscan.com/tx/0x8386da7e9de8c6e5c2b2d3356d6fb634d8e8cfb3d1f8c34c76a8668857771dd3
2023-04-02 21:35:27,True,2.705e-10,8.667e-13,1000000000.0,0.0086,0x89...3008,https://bscscan.com/tx/0x56a8ae8ddf2de62f80ddb84f19549de51d21adb6a78dec193042b2160d137ee2
2023-04-02 21:35:09,False,2.705e-10,8.623e-13,1970752747.0,0.017,0x69...7161,https://bscscan.com/tx/0x8ee4380b23307c3ace8600cfa6298971bbaedf026af026778103a4a9b94396c3
2023-04-02 21:33:54,True,2.72e-10,8.667e-13,628757589.0,0.0054,0xe1...3529,https://bscscan.com/tx/0x4bc6581b9c2504171fca4f87fbc7ea627c74d27e2b228af0adc2cef5ac9f3f8b
2023-04-02 21:33:48,False,2.707e-10,8.623e-13,46197300523.0,0.3984,0xc3...6ddd,https://bscscan.com/tx/0xb62efd0fdedb1c8c87e7a73318838a0bb285a59c6aca09f649ee2b0acf368dd8
2023-04-02 21:33:39,True,2.72e-10,8.667e-13,15000000000.0,0.13,0x89...3008,https://bscscan.com/tx/0x2f0be64236ee268a188aa3b705b39756c12fdfcadf3aae95ec5616d9b922755c
2023-04-02 21:32:06,True,2.707e-10,8.667e-13,1820000000.0,0.0157,0x99...058d,https://bscscan.com/tx/0x4e27a775c07df97bf0770c8fa30833bfc2cda679a0140e14530e4d63dcc33576
2023-04-02 21:32:03,True,2.707e-10,8.667e-13,6272470896.0,0.0543,0x15...4042,https://bscscan.com/tx/0xc821deb386e4296c5435b460b4d1443f2c417c66e5a7826d513057f290967a6b
2023-04-02 21:30:06,True,2.721e-10,8.667e-13,415359488.0,0.0036,0xe6...a95b,https://bscscan.com/tx/0x589a8849f82cf9787e7a8a460922f52241f037ae91f91cccef9c2470e56814c5
2023-04-02 21:28:24,False,2.694e-10,8.623e-13,39723067046.0,0.3425,0x4b...8f61,https://bscscan.com/tx/0xfe2de6aa91cfd335b5cc32114239df4dae8441e8a741822946d71253b3f66fc9
2023-04-02 21:26:09,True,2.721e-10,8.667e-13,10268323436.0,0.089,0x2e...5207,https://bscscan.com/tx/0xdd067d295defad9e75ddebad2356a48d3f604414ebe4b9fd89d7309ea3b3ec16
2023-04-02 21:24:39,False,2.708e-10,8.624e-13,3466293545.0,0.0298,0x1d...3f98,https://bscscan.com/tx/0x127dc1537f5b4be923ad362455f5f292ad9f8670c04dd0492f5759b757633733
2023-04-02 21:23:54,True,2.721e-10,8.667e-13,13347500000.0,0.1156,0xe4...d3bc,https://bscscan.com/tx/0x3d5476c8979c25bba5e234fa5d52caf8cbe88bba98fc26c1f1f32efb94fa4329
2023-04-02 21:19:30,False,2.695e-10,8.624e-13,24300003257.0,0.2095,0x20...0554,https://bscscan.com/tx/0x06b656ff2f65c5bfdf268071f3cf1be4b86a6ae820d7d214568194994ab8621b
2023-04-02 21:18:39,False,2.695e-10,8.624e-13,24300003164.0,0.2095,0x20...0554,https://bscscan.com/tx/0x582b3c5b66dea25474ea3f0ff7b76934dd0795bd2c63fbfa5953b1d51c4a5e26
2023-04-02 21:11:53,True,2.722e-10,8.667e-13,555507981.0,0.0048,0x47...48cb,https://bscscan.com/tx/0xa780e35f88e765d94a17768f4ce8ee9fc2b4fc4e748c9f6f3d055863f2e8223f
2023-04-02 21:09:14,False,2.695e-10,8.624e-13,984040154.0,0.0084,0xe4...1adb,https://bscscan.com/tx/0x30b6224019a4d119ca1c209202ad781f43fff39e56c05b2523134cf6c35cca52
2023-04-02 21:09:08,True,2.709e-10,8.667e-13,6700000000.0,0.058,0x97...4ec8,https://bscscan.com/tx/0x1478b4d30b645bab6c8239247334078a3d0c9fcdfec2331309ca951882f549ff
2023-04-02 21:08:38,False,2.695e-10,8.624e-13,17603208693.0,0.1518,0x81...0588,https://bscscan.com/tx/0xace9b3411e00e3b458f72fa5611021c2e5367881a10b0600c71b96eed7c5c8bd
2023-04-02 21:08:14,True,2.722e-10,8.667e-13,2752856574.0,0.0238,0x7c...ade1,https://bscscan.com/tx/0x8d57bd075f6647ebe2e018c6ed2a5b98b3dffba8f3a17275bcc0b89c74d08cd7
2023-04-02 21:06:02,False,2.695e-10,8.624e-13,41276128482.0,0.3559,0x25...3d67,https://bscscan.com/tx/0xa799cdc16f12620e6d440c48909ac072655ad79064fa6763d59961db6164b99e
2023-04-02 21:05:59,True,2.709e-10,8.667e-13,10998756929.0,0.0953,0x9c...a4a1,https://bscscan.com/tx/0x778767691f4e6e7a8d766263e6fdcdc682916abcdd0d473d12d51c403a746921
2023-04-02 21:03:17,True,2.723e-10,8.667e-13,64875028.0,5.623e-05,0x81...df96,https://bscscan.com/tx/0x1688f08ab1974f2f1c66f369ded17603b28285f6c593aa8ed737ee5d2e062b82
2023-04-02 21:02:47,True,2.723e-10,8.667e-13,11500000000.0,0.0996,0xa0...0012,https://bscscan.com/tx/0x52312178a254c883b4ffb93e1a3b37f60a1e9ca25dbfbdd15f55c9f0c6f1bbbe
2023-04-02 21:01:14,True,2.723e-10,8.667e-13,3461164195.0,0.03,0xf0...33c5,https://bscscan.com/tx/0x9a6442f771781621f67cfccea0999220272d0969397f6ef9b191f919c240d0d2
2023-04-02 21:01:08,True,2.723e-10,8.667e-13,301014121.0,0.0026,0xe8...a24a,https://bscscan.com/tx/0x2e60a4af813b7aaaafd976550ec881d6033697a006c5e81ea4507cd14409d300
2023-04-02 21:00:50,False,2.71e-10,8.624e-13,1391516408.0,0.012,0xf8...794b,https://bscscan.com/tx/0xc470e2f12af5cad83aa8f5a81a5f639afe2ceef3ac5f8be8751ae152043a1d40
2023-04-02 21:00:38,True,2.723e-10,8.667e-13,57424442173.0,0.4977,0xfa...306c,https://bscscan.com/tx/0xd9f34b754d2dc3a1439faf995c0a186c2e77ec06ca7eb9e802dd87aa6e8ae8f3
2023-04-02 20:59:59,True,2.724e-10,8.667e-13,2795675413.0,0.0242,0x88...b14c,https://bscscan.com/tx/0xbfad446018e1dfb8deae93545c3545b7761e4beb44f2128dd9a87401a930bb7f
2023-04-02 20:58:59,False,2.71e-10,8.624e-13,6320129767.0,0.0545,0xec...91aa,https://bscscan.com/tx/0x87f4d9a42165b7b19324dcabd5f4a55fba99ecd5becb77bb1b06d2bff3258ef9
2023-04-02 20:58:41,False,2.71e-10,8.624e-13,19800000000.0,0.1707,0xb1...80b8,https://bscscan.com/tx/0x766c73d07b0aeebd992128121b039fd8cc245f686338e2431d5e8dd66501b462
2023-04-02 20:56:17,True,2.711e-10,8.667e-13,3546275727.0,0.0307,0xe7...6a30,https://bscscan.com/tx/0x197a1fb3b49ab5618bdb0dc1bad5046ff04420de46752a22ccfce0ab8decb872
2023-04-02 20:54:32,True,2.724e-10,8.667e-13,2567509656.0,0.0222,0x24...fadb,https://bscscan.com/tx/0xb6e7c4e016294ac5ffa03b2f0964c548f20335cf82307e0c146c90ab793057f5
2023-04-02 20:54:20,True,2.724e-10,8.667e-13,10222212256.0,0.0886,0xde...efd6,https://bscscan.com/tx/0xea8e92721f378f837746234bd0f74e132dbeaf85000b0535e681bd6adf3ecaca
2023-04-02 20:50:32,True,2.725e-10,8.667e-13,3667181422.0,0.0317,0x2d...4783,https://bscscan.com/tx/0xf8c059d7b60e113c67adeabc835e83daad5a7b08413637e9db3aaf2fc5bcd92a
2023-04-02 20:49:11,False,2.711e-10,8.624e-13,90000000000.0,0.7761,0x66...ec2d,https://bscscan.com/tx/0x4fec879c23e4090a64d4bebd8d2a1e1e01ce2b5ed002933ae413bd34507e7e2c
2023-04-02 20:47:41,True,2.725e-10,8.667e-13,4845549238.0,0.042,0x97...a2d9,https://bscscan.com/tx/0xdb27d8dcdf17a45726f6ab5a6c1d0efb85458ab34f43673081ee25abed2e3752
2023-04-02 20:46:23,True,2.726e-10,8.667e-13,3265353180.0,0.0283,0x98...6813,https://bscscan.com/tx/0x31d166a27c519eaf0dc11d38e7fba9a901bd7b9de786eb4959f901af248d68b5
2023-04-02 20:45:23,True,2.713e-10,8.667e-13,11671930042.0,0.1011,0xc6...2903,https://bscscan.com/tx/0x2206d328cbdbd833478267e69ae000d2193e18bf77e4999e304fc106c8e3fe82
2023-04-02 20:44:50,True,2.712e-10,8.667e-13,2442564784.0,0.0211,0x01...6f8d,https://bscscan.com/tx/0xd3daaba299fa7db3f06345bea32c976c01d6ad5add3d5d08e172f79dc6f3249f
2023-04-02 20:43:47,False,2.713e-10,8.624e-13,5812079511.0,0.0501,0x56...d719,https://bscscan.com/tx/0xe3a6a7cf1d9b537c4002844c6d3674a4d38a89319ff74c9f15b5c02d3dd83ffb
2023-04-02 20:43:29,True,2.727e-10,8.667e-13,625786755.0,0.0054,0x40...5286,https://bscscan.com/tx/0xe7082477e55d0581bd28eed71cc9df837418672cf0e593b008695e9b1c2e30a8
2023-04-02 20:42:47,True,2.713e-10,8.667e-13,9346000000.0,0.081,0x56...ecba,https://bscscan.com/tx/0x5cee5d2a195e7e9c725d105779beaa497f6ca797afe41e50ee536c137849e52b
2023-04-02 20:41:59,False,2.7e-10,8.624e-13,7749439267.0,0.0668,0x56...d719,https://bscscan.com/tx/0x910874d3791a97debd310472e0e5d17ec4ca50d3af7f6cd02c6a552b81ac3fcc
2023-04-02 20:41:26,True,2.727e-10,8.667e-13,2654251479.0,0.023,0xf1...5145,https://bscscan.com/tx/0x447286967936b5f352ba1b882083fb9db2b65e2cf1742f2714b408d251841f69
2023-04-02 20:41:17,False,2.713e-10,8.624e-13,2814281283.0,0.0242,0x30...0bf8,https://bscscan.com/tx/0xa0067dd9fc15cb8162d28e49b7ab956fd8c5affd3bf7094f6e9e85fb5a3203b6
2023-04-02 20:36:56,True,2.713e-10,8.667e-13,4614852226.0,0.04,0x4d...7194,https://bscscan.com/tx/0x1fff524f66b02fdc661ac4ad25a63ad984ae1a290d81febdee6d63866a197f20
2023-04-02 20:36:50,False,2.699e-10,8.624e-13,21837648488.0,0.1883,0x6b...f437,https://bscscan.com/tx/0x524479c2551b11e2f73c767d4cd49444a5d729af0a6756b7bc9ce26e5af071a4
2023-04-02 20:36:17,False,2.713e-10,8.624e-13,33816441354.0,0.2916,0xfb...cc3f,https://bscscan.com/tx/0x45f695ad0d9a0fe627f5dd6f99ba331b056c1fbf29017754a41f8a3aef40aff1
2023-04-02 20:36:11,True,2.727e-10,8.667e-13,3300065466.0,0.0286,0xab...3c75,https://bscscan.com/tx/0x0e9f4067fbed809642b8d5b5f074427c33b38ad60ba4333e098e4987c3ad4011
2023-04-02 20:35:47,True,2.727e-10,8.667e-13,207086219.0,0.0018,0x9b...ac4e,https://bscscan.com/tx/0x836ddb1f624ffabdb6f50d7904d72cc4d83b90bfe0b297e59dd5dc62f98a38ac
2023-04-02 20:35:32,False,2.7e-10,8.625e-13,207934278594.0,1.79345,0xe9...d993,https://bscscan.com/tx/0xee7b45d504b760e8b7b45638ff5330d4578444ce1a2b792f8d8d7dd608e82e92
2023-04-02 20:34:02,False,2.713e-10,8.625e-13,6181424672.0,0.0533,0x5e...2c87,https://bscscan.com/tx/0xebac652acf6a4e3d5f5772b80025a88ed49984510f20395c707dc5e35fe339cd
2023-04-02 20:32:53,False,2.7e-10,8.625e-13,4500117924.0,0.0388,0x97...b796,https://bscscan.com/tx/0xd0bcbe736f0d1067d0e54b8c997fc77ac294bd99e16107c21ac07aea3b5ef2eb
2023-04-02 20:32:41,False,2.7e-10,8.625e-13,27000000000.0,0.2328,0xaa...1db5,https://bscscan.com/tx/0x0af11215c9971f2f5b872b1c71516662df3c0d9d3b8968904a2635c797e983e7
2023-04-02 20:32:11,True,2.728e-10,8.668e-13,7327831031.0,0.0635,0x91...12b4,https://bscscan.com/tx/0xb09d12336ffc8f808ae6629997e5a5f79a1ac422687a29528e7c4a764d4bf8c4
2023-04-02 20:29:00,False,2.701e-10,8.625e-13,27180000000.0,0.2344,0xa5...3840,https://bscscan.com/tx/0xed4fd688a4c98f885927983476b983a8e40707b765b2159d9b86d877377bc369
2023-04-02 20:27:45,False,2.715e-10,8.626e-13,377624843496.0,3.25762,0x57...7fca,https://bscscan.com/tx/0xc7cb26dd5277db689c5d59c0c3ad355185b4e58854a3bb6329d50a574e6e0a62
2023-04-02 20:27:12,True,2.715e-10,8.67e-13,864979160.0,0.0075,0x8a...19c0,https://bscscan.com/tx/0x85ddaeff142169f73d2a35952432789f059e3f8589150bede5ac73b102c8358e
2023-04-02 20:26:48,True,2.714e-10,8.67e-13,22416040140.0,0.1943,0x88...0ca6,https://bscscan.com/tx/0xb2136e290c7c5086359b33c4ff0361cba117e7d864421e779ac9a89b8584dd03
2023-04-02 20:24:42,True,2.716e-10,8.67e-13,4499920000.0,0.039,0x7b...1cc4,https://bscscan.com/tx/0x112618afc0a27b1a2c2c7f853cb791e3050dca3bb2697649d23a1d50fa5c1aaf
2023-04-02 20:23:45,True,2.716e-10,8.67e-13,2091648019.0,0.0181,0x2b...9ee1,https://bscscan.com/tx/0x7f677b07d62ed2e1f4c9d290f92dd11ae15fb3d0de9408528d05386f3ce231c8
2023-04-02 20:22:18,True,2.728e-10,8.67e-13,3000000000.0,0.026,0x6d...7227,https://bscscan.com/tx/0xb2b0582d24b56a31b2bcef0a8f3484f1f523fc6b084907ecebdfb6fc5d87f33a
2023-04-02 20:22:06,False,2.701e-10,8.627e-13,7990243320.0,0.0689,0x1f...08b4,https://bscscan.com/tx/0xad5e9fb34aa6e088b22c7c16456cab46af15210ebe8dc56c3ccd64bad9e6f443
2023-04-02 20:21:39,False,2.715e-10,8.627e-13,4500000000.0,0.0388,0xcb...deae,https://bscscan.com/tx/0x9965434ce7849fbaa186bedc8323801470972636781ee94629409675f5985576
2023-04-02 20:20:42,False,2.701e-10,8.627e-13,1624489311.0,0.014,0xe7...9d8a,https://bscscan.com/tx/0x4f3849ee2cfc4f69a9ba10e7a54db429212a70e29166fbda692aafdc1c624776
2023-04-02 20:19:09,False,2.701e-10,8.627e-13,30735898003.0,0.2651,0x18...b405,https://bscscan.com/tx/0xb9623a5c05f4cc0d445cec7988c47463b356eae7d2c39411321077a9a6f48abe
2023-04-02 20:17:06,False,2.714e-10,8.628e-13,242261452934.0,2.09024,0x06...2c2f,https://bscscan.com/tx/0xd99c222921080d72ccf6393dd23defbad229f0a1a52c136ffcd68c95ea92c7c3
2023-04-02 20:15:33,True,2.713e-10,8.671e-13,5934258313.0,0.0514,0x1b...f0ca,https://bscscan.com/tx/0x0cb39bb5c73708ace9463b20ff26032a72bb84797cc803c7aa85d05148d31a7e
2023-04-02 20:15:30,False,2.7e-10,8.628e-13,9610257673.0,0.0829,0x55...5150,https://bscscan.com/tx/0x4e5c80101af207b8125ffad0cb6edf65848082a181ce2b508b2efef62117c256
2023-04-02 20:15:27,True,2.713e-10,8.671e-13,6254659984.0,0.0542,0x15...4042,https://bscscan.com/tx/0xd98ef6cd2901fc1014b7cca6d3a989bcc23776356f377a8ed03c5309d6edf248
2023-04-02 20:14:48,False,2.7e-10,8.628e-13,5793320823.0,0.0499,0x8e...e71c,https://bscscan.com/tx/0xaa9ee8a99679c20bc85eb01509d8ae936d1258904c981455329fc24d36e6ede1
2023-04-02 20:11:18,False,2.712e-10,8.628e-13,148745964657.0,1.28351,0x7a...3498,https://bscscan.com/tx/0x908773798a36830032c53fc04e206620d284fea50bbe4d8124b04fcab7ed8ea8
2023-04-02 20:08:18,False,2.711e-10,8.629e-13,37646291264.0,0.3248,0x66...83d6,https://bscscan.com/tx/0x1c83a74275a945863be19f5b698a5e5dfc3a294e5c66f7c29e85910afe82f923
2023-04-02 20:08:18,False,2.711e-10,8.629e-13,5837569410.0,0.0503,0x3f...117f,https://bscscan.com/tx/0x3cf5510d85032240d29e051b03249ae202af14924b97e9cc4aa1b09f21c61919
2023-04-02 20:08:03,False,2.711e-10,8.629e-13,4500116438.0,0.0388,0x97...b796,https://bscscan.com/tx/0x5b4bd884dc287da90cae870fa42dd7b3091f2f2802e9b14b3fdba7e988bd8076
2023-04-02 20:06:03,False,2.711e-10,8.629e-13,90984835593.0,0.7851,0x0e...5e80,https://bscscan.com/tx/0x080a04e1cee57982d2903d678c66fa748a9f23aa2ce6208bde9cf16badf1785b
2023-04-02 20:03:36,False,2.698e-10,8.629e-13,13579590529.0,0.1171,0x55...2ce8,https://bscscan.com/tx/0xfa3abbeaddcab8dd6d00d6a4f09dc0474cf07ca6576e7a5e765feac9d0baa0fe
2023-04-02 20:02:21,True,2.725e-10,8.673e-13,15565246056.0,0.135,0xd2...e82b,https://bscscan.com/tx/0x10e25bb8344c8909ac86e8f3c564f0bef24bd8b8ba66afb7bcee25696d0c53fe
2023-04-02 20:02:15,False,2.698e-10,8.629e-13,30376080146.0,0.2621,0x34...730f,https://bscscan.com/tx/0x11a3fe7859ab5f378884e8bd10b1ee9d681540447b83020a7e9c5dce7891ccf9
2023-04-02 20:01:36,True,2.712e-10,8.673e-13,2000000000.0,0.0173,0x5e...6baa,https://bscscan.com/tx/0x7a048966fb80db26c3c3befc519d72478e670748dd4375fd1e127c4e86884e09
2023-04-02 19:59:57,True,2.711e-10,8.673e-13,4927280735.0,0.0427,0x34...06d7,https://bscscan.com/tx/0x798333d75382a9fbb9295a48065e01af6594464b0aa2938735eb7f6fa60cf16a
2023-04-02 19:59:27,False,2.698e-10,8.63e-13,122490379727.0,1.05712,0x11...d2ab,https://bscscan.com/tx/0x9cda85175a2f38800a27b1e6dfb9aecb3e7abcfb227de343a843a8e09015a9dc
2023-04-02 19:58:57,True,2.711e-10,8.673e-13,8587135416.0,0.0744,0xa0...8254,https://bscscan.com/tx/0xea09056d0500d0a5c3d4c997357a9f89ccfb7d6fa0cd8b231963bb528703a3f1
2023-04-02 19:57:24,False,2.698e-10,8.63e-13,8648650042.0,0.0746,0x0a...8fb4,https://bscscan.com/tx/0x48e5531199c5c74ec5e6a4359117c967dc5d4d82c43f8e275dbf08982c84d2d4
2023-04-02 19:56:42,True,2.711e-10,8.673e-13,1100000000.0,0.0095,0xc1...c55a,https://bscscan.com/tx/0xf3596ae584dd63abc1d52f4c5072f0c7b3abf6e667e9347c3593717a9657599f
2023-04-02 19:55:09,True,2.71e-10,8.673e-13,2227259862.0,0.0193,0x08...b1aa,https://bscscan.com/tx/0x425e2cb2066ed38af43de98b857a653438ebf74c2bc0708cc1c84b317594db5d
2023-04-02 19:54:57,True,2.725e-10,8.673e-13,3458708646.0,0.03,0x70...8a94,https://bscscan.com/tx/0x2130309794418fd51a2e2de726e12cf3b8f6e1936deee6a28c82088d35ad091d
2023-04-02 19:54:30,False,2.711e-10,8.63e-13,9000000001.0,0.0776,0xaa...591b,https://bscscan.com/tx/0x9a36818b115382ad46a42338ccf02c9e326b2706a51b45b10ca689c1a37c1c95
2023-04-02 19:54:27,True,2.725e-10,8.673e-13,463713000.0,0.004,0x6a...c39b,https://bscscan.com/tx/0x38a9d9f9d274372958e123aecf2d944e8d48a868fa957db2b3c7897c2642b169
2023-04-02 19:51:33,True,2.71e-10,8.673e-13,1112222222.0,0.0096,0xfc...e63b,https://bscscan.com/tx/0x436134e6515576a466703f03354a4c1687f61f397f3246572561b188019b6411
2023-04-02 19:51:30,False,2.697e-10,8.63e-13,197856832564.0,1.70768,0x7c...83c2,https://bscscan.com/tx/0x3f470663a5e9b27b4328061a763b560dfedee9368ffa83d1f7deabb50632d97a
2023-04-02 19:50:15,True,2.711e-10,8.674e-13,13000000000.0,0.1127,0x6d...ece5,https://bscscan.com/tx/0x6f5bb3a376efc12082849b41771430e41d8db62854e007bda464e3295e77a2b7
2023-04-02 19:49:36,True,2.724e-10,8.674e-13,14986200000.0,0.13,0xb4...c8e5,https://bscscan.com/tx/0xe56543e4354311e6c031228de6ca7b05d6801804743da7e8d736a8676ac6553f
2023-04-02 19:48:34,False,2.697e-10,8.631e-13,900055873.0,0.0077,0xc6...ac96,https://bscscan.com/tx/0x42a995313f68f022c80723177f1eb75ed2d3c10915edc8671a037160ca0766d5
2023-04-02 19:48:24,False,2.697e-10,8.631e-13,18000000000.0,0.1553,0xb6...ee9b,https://bscscan.com/tx/0x52c5e15ec1a13018a17b5cd4171c478f9fd688ec2216ef33a2d7890f8c07aa14
2023-04-02 19:46:21,False,2.711e-10,8.631e-13,223456375852.0,1.92883,0xd4...1f5e,https://bscscan.com/tx/0x43f33142e0a058a6b3830d16b9f26f31a3c54a9471ec1dbb60484c26902a2233
2023-04-02 19:45:36,True,2.724e-10,8.675e-13,3102144997.0,0.0269,0x1b...73ce,https://bscscan.com/tx/0x6c86a7d2734d7fbee11074fc601dcee75f624a6936b9bf33612bbfa80fc60085
2023-04-02 19:45:12,True,2.724e-10,8.675e-13,7865850000.0,0.0682,0x82...bc94,https://bscscan.com/tx/0x64ae6d7045bea3bc275a4b6a34312782727fc072cdc3988c5de39d5f1ce8c8e0
2023-04-02 19:45:06,True,2.724e-10,8.675e-13,4751173428.0,0.0412,0x10...2f40,https://bscscan.com/tx/0x59bafcc89ed2fddfb33744c927b841ece8e68e1d6e94409bc7dc0c43304eef61
2023-04-02 19:45:00,False,2.697e-10,8.632e-13,1521940106.0,0.0131,0x47...ebc1,https://bscscan.com/tx/0x3eb6638dd96af70c3509d5efd69d9c772e4470774b8eeda4972fd5856e945a0c
