datetime,buy_order,price_USD,price_native,amount_token,total_native,maker,etherscan_url
2023-04-02 16:54:35,True,1.099e-05,6.058e-10,19321720.0,0.117,0xd9...bda9,https://etherscan.io/tx/0x61e9594350f2d5d7d2d653d4910c06a37d7da142f3d9051f7cd670303a3eb9c3
2023-04-02 16:47:35,True,1.099e-05,6.054e-10,23504951.0,0.1423,0x30...65ce,https://etherscan.io/tx/0xddca8404e2e09668d3b212354d2f97e7c6e8043fc5c430591edce63c4afd0707
2023-04-02 16:41:47,True,1.098e-05,6.052e-10,4502893.0,0.0272,0x9a...de79,https://etherscan.io/tx/0x3b4b1c9761622dd3882048a5d3c2d39071478ff66fc9806713dae7920c71b4ed
2023-04-02 16:36:59,False,1.092e-05,6.015e-10,3642081.0,0.0219,0x28...fbd1,https://etherscan.io/tx/0x5cca8ee5ae26d490e79baf1387ee63a3fa7f63ee4c2a353fffe658e090683a81
2023-04-02 16:22:23,False,1.091e-05,6.018e-10,4428179.0,0.0266,0x44...8b4e,https://etherscan.io/tx/0xd18a11770233e1ea7df6b36b68a383ef736460535afa615e4491645f01478dce
2023-04-02 16:04:59,True,1.098e-05,6.054e-10,3274235.0,0.0198,0xf8...5ec0,https://etherscan.io/tx/0xa910600736ae0811150997de45d175244add96c948b9fbbd93ae85effae61824
2023-04-02 16:01:47,False,1.091e-05,6.021e-10,34433396.0,0.2073,0xae...9393,https://etherscan.io/tx/0xd8912c4c6866817d3ad934f880365a6f8bd378a5879b4d0cf8e5150bb013eeac
2023-04-02 15:55:59,False,1.092e-05,6.027e-10,28327336.0,0.1707,0x64...ebf4,https://etherscan.io/tx/0x0c5f2c8f3c3484b057055071ce5ba339fabac008133b46b3c267fe6acfd9dc26
2023-04-02 15:52:11,True,1.101e-05,6.066e-10,4231943.0,0.0256,0xc4...cbed,https://etherscan.io/tx/0xed03d6253c011ca99d09a0b1be7e422f17d61a4a13fdb91c5fd749b7b0c94221
2023-04-02 15:52:11,True,1.101e-05,6.064e-10,12900824.0,0.0782,0xd6...6cd0,https://etherscan.io/tx/0x733a3f55989c28351b349cc9a399700800d5596dc3cbe4b8fcc942ecd711e256
2023-04-02 15:51:11,True,1.101e-05,6.062e-10,3404836.0,0.0206,0xc4...cbed,https://etherscan.io/tx/0x88aceab753d07f800453729d0504dfbce66e2bf1adcf1ab6da76e346194b38b3
2023-04-02 15:49:11,False,1.094e-05,6.026e-10,5812866.0,0.035,0x09...1ef4,https://etherscan.io/tx/0x50aa79af4a721e2885706e67f9aa57af403f7f578ef5fcf266156fb6ae3f5b8c
2023-04-02 15:32:47,False,1.095e-05,6.037e-10,104573184.0,0.6313,0xa6...752c,https://etherscan.io/tx/0x4479fc612f75da17f9bc071f4c7432f9d44e7810e317dfd79aaed8d711bff4b9
2023-04-02 15:32:47,True,1.102e-05,6.073e-10,101751636.0,0.618,0xa6...752c,https://etherscan.io/tx/0xdaf0019461be674665f080ec8f2df75074f1d0695715d0eb4f7adde42cca22b1
2023-04-02 15:28:47,False,1.091e-05,6.029e-10,16122379.0,0.0972,0x02...e738,https://etherscan.io/tx/0xc649b792bc7d41d4e73ea0b4c13e4555a2be9bbca4e5714dcf97f5dd422ddb34
2023-04-02 15:18:23,False,1.091e-05,6.033e-10,30775019.0,0.1856,0xe8...50db,https://etherscan.io/tx/0x0b715af40417d230da16c01bf4c8a8f656aef2897de803595a3976c9ed0f90f1
2023-04-02 15:10:11,False,1.096e-05,6.049e-10,132250108.0,0.8,0xbd...ff3d,https://etherscan.io/tx/0x8fc43b14bab56cfc88909449cd37d0f65a4756aa25ec5466e695df94d08a483a
2023-04-02 15:04:11,False,1.099e-05,6.063e-10,23719913.0,0.1438,0xe1...395b,https://etherscan.io/tx/0x3d3256fcd78acb8363caaa93e2dbfae0ff97a6047732f0cd3076f59fe182ce73
2023-04-02 15:02:23,False,1.099e-05,6.067e-10,16116466.0,0.0977,0xa1...e168,https://etherscan.io/tx/0x8725ba36117bd54f712b54c619924ebe1e5e975ce0455eb4cd17bf12d9969526
2023-04-02 14:56:59,False,1.103e-05,6.083e-10,148641976.0,0.9042,0x5c...d3e8,https://etherscan.io/tx/0xfcdd72524590fc5eafe8e4adf25afeb8d206860d4aed045999621097ff19d1e7
2023-04-02 14:45:23,True,1.113e-05,6.134e-10,1793222.0,0.011,0x1f...41f3,https://etherscan.io/tx/0xe6371ec4b0edf61bede56a3e9a03d28f3d028c454abbd2c47f29a6a0d853e9a2
2023-04-02 14:23:11,False,1.107e-05,6.099e-10,23719913.0,0.1446,0xe1...395b,https://etherscan.io/tx/0xdfbdcb0989de155184515d86766ff975b66f1d3c90ede5c59a39c5e90a03dc90
2023-04-02 14:14:59,False,1.109e-05,6.106e-10,48484557.0,0.296,0xa7...3952,https://etherscan.io/tx/0xce80970d6501859f0aeb2df2d518ea40630db5dad1ad5f4e94f03e2c3a9b5714
2023-04-02 14:13:23,True,1.116e-05,6.147e-10,886787.0,0.0054,0x6c...9490,https://etherscan.io/tx/0x78669d857e566a20be283c2e8651e828a88914baf399092249f90e6654fd8ea0
2023-04-02 13:53:11,True,1.117e-05,6.147e-10,1612403.0,0.0099,0x69...a8fc,https://etherscan.io/tx/0x3268f8b4d8cdfe0b8c7e847cfe6428bc9116a66571fa5ca7c41c94d85402e2e6
2023-04-02 13:51:59,False,1.111e-05,6.111e-10,6636081.0,0.0405,0x85...4ca9,https://etherscan.io/tx/0xf13ec6a50ba24ed4c79316d51cc8d345320578df043150d643d2a4e28f37c796
2023-04-02 13:48:47,True,1.117e-05,6.148e-10,161211.0,9.912e-05,0x06...8f10,https://etherscan.io/tx/0x66db080a3f2a7912dbb1bb9a1ac7b13dce623c52d7bd3f277f050fdd4a141243
2023-04-02 13:48:35,False,1.111e-05,6.112e-10,5684343.0,0.0347,0x94...a80f,https://etherscan.io/tx/0x40af71bdfd6441a146b4df27c920843ca5a0086a4eadc94c8ac59da9b11643cc
2023-04-02 13:42:23,True,1.117e-05,6.148e-10,16122379.0,0.0991,0x02...e738,https://etherscan.io/tx/0xb6b070031cb0c55a3fbb04f106163067b5c581477050747f56319115cdfacb96
2023-04-02 13:30:47,False,1.11e-05,6.11e-10,6510951.0,0.0397,0x7e...a282,https://etherscan.io/tx/0x7da9c6ddc23d1326c6cced957c933246b057f41c6fbcd31b470b230871e09a36
2023-04-02 13:30:23,False,1.111e-05,6.112e-10,12900000.0,0.0788,0x44...996c,https://etherscan.io/tx/0xbdca8711e2041a97f3d9566714a27466f015ef6dcdcf6a0910349d7a440412a7
2023-04-02 13:24:59,True,1.118e-05,6.15e-10,4835358.0,0.0297,0xf6...6733,https://etherscan.io/tx/0xb8f723b18a491d499bc53cf61b77e58ab153422c4ab46941a998aa242e10097e
2023-04-02 13:13:11,False,1.111e-05,6.116e-10,37897839.0,0.2318,0xc6...bc06,https://etherscan.io/tx/0x0b112fd9f5a51334f8e6744017ebb4e616f02e4e9ebbcedbeceed8ebdc33e224
2023-04-02 13:12:59,False,1.112e-05,6.12e-10,9206755.0,0.0563,0xd3...7dad,https://etherscan.io/tx/0x711e049c6680f73458a796b1412384ccbb9550fe93cf8d074823b3a23cd78b90
2023-04-02 12:56:59,True,1.119e-05,6.157e-10,10183383.0,0.0627,0x9e...2ce9,https://etherscan.io/tx/0x8d70510cc27d3eea54c1b70f2d686412bc6cce828d00eb2dc22c6954076112d0
2023-04-02 12:49:59,False,1.113e-05,6.121e-10,20000000.0,0.1224,0x59...8b48,https://etherscan.io/tx/0x89440fb193ce35edc1ca1b7998011547fdf79398ccce3b7e8dad18438d3dd019
2023-04-02 12:35:35,False,1.114e-05,6.127e-10,39927606.0,0.2446,0x12...b857,https://etherscan.io/tx/0xf69b859714c93963921072ac38df89126bf1d3480c657279295fe1d5d11d4d4d
2023-04-02 12:33:11,False,1.115e-05,6.132e-10,9459241.0,0.058,0xc6...bc06,https://etherscan.io/tx/0xd7564da0353c5e1375004be7c78b626d3bc9102fcb9b2c27065c7cf03f4a5d31
2023-04-02 12:23:47,False,1.116e-05,6.133e-10,2533598.0,0.0155,0x5e...86f1,https://etherscan.io/tx/0xf3b7acf67dcf338afde8a1e558aab378a5f9974322166614ff5bba1cafd86e03
2023-04-02 12:11:47,True,1.12e-05,6.156e-10,148641976.0,0.915,0x5c...d3e8,https://etherscan.io/tx/0x27d5c8017a10ff3a5cd626752b41e08c38d3948667e3700de212f6712f1c1aee
2023-04-02 11:42:11,False,1.112e-05,6.109e-10,44315130.0,0.2707,0x6c...cf67,https://etherscan.io/tx/0x33910fb2b81b5e5b288757fe311b4b111ee0c3acdd5b727bd09062a99f2c7aed
2023-04-02 11:25:23,True,1.119e-05,6.15e-10,339146.0,0.002,0x4f...6383,https://etherscan.io/tx/0xb5048a9bd2c6c2bcf2f10308bc79ae71f18a6459a736e6130f9fecad2f203346
2023-04-02 11:20:23,False,1.112e-05,6.114e-10,7979809.0,0.0487,0x65...0477,https://etherscan.io/tx/0xe183ae81ee091e0471b8f17de8d36fdd8eab2223ce8a380659c1e09a38b1f758
2023-04-02 11:12:59,True,1.118e-05,6.151e-10,1089563.0,0.0067,0x6c...1a47,https://etherscan.io/tx/0x04614336079b94c0fde50e3e5f1f44b877c8cd01710dc30b24146fd940cda5d5
2023-04-02 10:53:47,False,1.111e-05,6.115e-10,7058136.0,0.0431,0xff...a7b1,https://etherscan.io/tx/0x3ef6d12ec1263f78cd2da1d272393515a25df025ce366862dd58e3b31daf7550
2023-04-02 10:52:47,False,1.112e-05,6.117e-10,14620420.0,0.0894,0xc6...bc06,https://etherscan.io/tx/0x20579ab44e2166eaf7fa409feefb276e9b07c26a68238218929a472b0862c6e2
2023-04-02 10:49:23,False,1.116e-05,6.136e-10,185955274.0,1.14119,0x2c...e913,https://etherscan.io/tx/0xe53e4b4991b303e3f55a3c71570e35bbdc3c44b2c0316df763410095f557091e
2023-04-02 10:46:59,False,1.119e-05,6.155e-10,6123216.0,0.0376,0x98...b36c,https://etherscan.io/tx/0x62c0dd9b716c839d46e19fedb34cdbd371e24dce7ed7c882bac11c91548a0355
2023-04-02 10:44:23,False,1.122e-05,6.172e-10,170935035.0,1.05515,0x60...ab2f,https://etherscan.io/tx/0x4b867378bf7aaabf38fdb2ce412462541b2eedbc947ebf310fd1ceb9b75fa2cb
2023-04-02 10:44:11,False,1.125e-05,6.19e-10,9052946.0,0.056,0x1e...8f1a,https://etherscan.io/tx/0xc7968eb06a4d7d03970dd8faba17932b8b1ff27e90ab2a2888e81d5a7c23df8c
2023-04-02 10:29:59,False,1.125e-05,6.191e-10,2117203.0,0.0131,0x17...8573,https://etherscan.io/tx/0xd5bb1885d6bacc7a35948c74fe39df3b778d7a910b80b434fad82d6ae825c597
2023-04-02 10:26:59,True,1.131e-05,6.221e-10,80304123.0,0.4995,0xa0...0e97,https://etherscan.io/tx/0xe44eb301a22f72b8d8a154a776d05cff883e5c8123035cddc933163ab2585093
2023-04-02 10:21:11,False,1.122e-05,6.176e-10,3855104.0,0.0238,0x8a...a800,https://etherscan.io/tx/0x79d6764e85b18b9f2ade60e4ec637695fcca070c5c9c057344131eb2874b6be8
2023-04-02 10:20:11,False,1.122e-05,6.177e-10,5000000.0,0.0308,0x88...2ee4,https://etherscan.io/tx/0x58f59bdc85aed463984b1054a6db4869a39d41aeb7389c5775e16fc62fd27278
2023-04-02 10:17:11,True,1.129e-05,6.213e-10,10934917.0,0.0679,0x41...06c1,https://etherscan.io/tx/0x3626b5945e540eae5b2ad06b67158038ec25cc81d058e29ddecaf2f4c1a4a7ab
2023-04-02 10:17:11,False,1.122e-05,6.176e-10,13331991.0,0.0823,0xdc...e773,https://etherscan.io/tx/0x8c3c1ac52f6b87d7d7a98828d8991253389a6cba25295682e9a0026caf30fb77
2023-04-02 10:04:47,False,1.124e-05,6.178e-10,4500000.0,0.0278,0x03...237d,https://etherscan.io/tx/0x31bbef6a531329f75b8cd86fdb30c85173897ec2c01719e1857c1ae2586c7712
2023-04-02 10:01:23,False,1.126e-05,6.182e-10,31333142.0,0.1937,0x8e...00e8,https://etherscan.io/tx/0x172e2fd590be8cab9c40ecebca96405e885e4cf6bdcc8911abda95f853b55c2f
2023-04-02 09:58:59,False,1.126e-05,6.185e-10,1824936.0,0.0112,0x64...6327,https://etherscan.io/tx/0x75abbf548706011078569747d9bf4eb3be6ca3b4832340e526ebe76fe0cf2ca1
2023-04-02 09:58:35,True,1.133e-05,6.222e-10,796485.0,0.0049,0x4f...3a14,https://etherscan.io/tx/0x6177681c8f631506f5d6e013bade96a735ea58396c673dc4ddc11a6e8a05c8b2
2023-04-02 09:33:47,False,1.127e-05,6.187e-10,17522124.0,0.1084,0xeb...c7f9,https://etherscan.io/tx/0x1528260a4df0f5882615c089e39d8d32a51f2bbbe72871b65c636af819186c18
2023-04-02 09:26:11,False,1.128e-05,6.188e-10,1739417.0,0.0107,0xef...8289,https://etherscan.io/tx/0x876b9dd445c6fa6c63d7f3a202f2161aa5a52ad155de2d7c72f380f0fd77ba02
2023-04-02 09:14:11,False,1.128e-05,6.189e-10,3792516.0,0.0234,0x79...46a6,https://etherscan.io/tx/0x87543ce5d0d401decc60c9da2d56d454c623ebdc87d2514ddad6057435e4a573
2023-04-02 08:53:23,True,1.135e-05,6.226e-10,5253468.0,0.0327,0x93...9899,https://etherscan.io/tx/0xcb5ef0d38d96b8ccab8514e6e2586eaf33d6e24e26add5688f226e616e74e789
2023-04-02 08:51:35,True,1.135e-05,6.224e-10,17672577.0,0.11,0xf4...fe59,https://etherscan.io/tx/0x7ee301810b12fa86b1dc78141390856080fdd78e2910236486b1501a1008173c
2023-04-02 08:42:35,True,1.132e-05,6.222e-10,1042968.0,0.0064,0xda...9587,https://etherscan.io/tx/0xb685d373961f68b83e9a804adc71410742749ba9516719bd80809c84722ddf08
2023-04-02 08:30:47,False,1.129e-05,6.203e-10,190190687.0,1.17991,0x76...f623,https://etherscan.io/tx/0xf203cb7c5b09a0891780f90a5920644b251a171b0b7ee95fad343e2081a8ce19
2023-04-02 08:25:23,True,1.139e-05,6.259e-10,1719136.0,0.0107,0x81...ce0b,https://etherscan.io/tx/0x40bb4720f3f88521cd484ecad73cd3cacf138af918f1ea60cda3e70001783a9b
2023-04-02 08:21:47,False,1.133e-05,6.224e-10,26583719.0,0.1654,0x8c...3fa8,https://etherscan.io/tx/0x7b3cf45464718b7b9ee6d8d1edac29ed46b815e8ee10c76f3d6889068aba7974
2023-04-02 08:09:59,True,1.14e-05,6.264e-10,4746991.0,0.0297,0x93...9899,https://etherscan.io/tx/0xfadef6abecbc61f0291ee1f70b8f2e50c03876f606a90948e94d308afb2282fe
2023-04-02 08:03:11,False,1.135e-05,6.238e-10,122865095.0,0.7665,0x5c...d3e8,https://etherscan.io/tx/0x66f23e5e4658deaed530706f7e3b29883932874078338656ec47e3b8215d76e7
2023-04-02 07:58:23,False,1.137e-05,6.251e-10,8659592.0,0.0541,0xf8...06c2,https://etherscan.io/tx/0x072a0f8319a2ee02a55318536569abee2555d1c1ab47eae56f109c5c5d1111aa
2023-04-02 07:52:35,False,1.14e-05,6.269e-10,170842029.0,1.07112,0x5c...d3e8,https://etherscan.io/tx/0x2d1dd5794d7caf7c129b48b12b6b710d9564ad6332e6da403860c69ed6ac7276
2023-04-02 07:52:23,False,1.241e-05,6.82e-10,4897452832.0,33.4041,0xae...ae13,https://etherscan.io/tx/0xb7584c1e6bacc909aabade6b5ae46227475e07ec05c3658d96c5109b93c02686
2023-04-02 07:52:23,True,1.349e-05,7.418e-10,188898219.0,1.40135,0xb1...d1f2,https://etherscan.io/tx/0x6211a160e238e91cd8de9d0ab21e476432c6d3b7747f218f169bce1958bb346a
2023-04-02 07:52:23,True,1.24e-05,6.815e-10,4897452832.0,33.3789,0xae...ae13,https://etherscan.io/tx/0x1863982e31e60f131bba0a0a35b17aff5b2abf15a741a5a8cb51df0f45178e96
2023-04-02 07:47:47,True,1.144e-05,6.283e-10,38575.1,2.423e-05,0x69...434c,https://etherscan.io/tx/0x56c9c309e3c789a0eb62473d29c47317be0600e757844d65aae18b11a39480bd
2023-04-02 07:31:23,True,1.139e-05,6.276e-10,71015351.0,0.4457,0x53...c1b6,https://etherscan.io/tx/0x0696275b769524b6e7c185486f0069da744879820363f5f472858c258bcd7074
2023-04-02 07:30:35,True,1.138e-05,6.269e-10,3509324.0,0.022,0x35...58d8,https://etherscan.io/tx/0xfbc34353fe4d5e27628e2e81b0da95dfa43b64e788e1a9ada5c58b0b3fd630b9
2023-04-02 07:28:11,True,1.133e-05,6.241e-10,274639815.0,1.71411,0x0c...b993,https://etherscan.io/tx/0xa2d6d8d46cf4c66386c5d97352615d46d6574df8354d030fde1133c4ab12250a
2023-04-02 07:28:11,False,1.125e-05,6.199e-10,232557483.0,1.4418,0xb1...d1f2,https://etherscan.io/tx/0x8df45ebb485f9b96f52fab0824042dba9e9c87f8ee5b8cd9b6082949790cd3ba
2023-04-02 07:25:47,True,1.136e-05,6.259e-10,8959256.0,0.056,0x8a...9339,https://etherscan.io/tx/0x3bdeee29fd53f5eb054a287df0be11570db45c3a2c33a48955f4e899c963817f
2023-04-02 07:22:59,True,1.136e-05,6.257e-10,6655041.0,0.0416,0xf9...a154,https://etherscan.io/tx/0xc165b02bf4829eff88bfc4b8b97ddd094df0423247679bbb44b8b2a51f6d3c73
2023-04-02 06:56:35,True,1.136e-05,6.256e-10,170678.0,0.001,0x55...b81b,https://etherscan.io/tx/0x8a1b761dad6f77a3538c77180936ec06f5cd8bd0915879de212ad403e300102f
2023-04-02 06:51:59,True,1.136e-05,6.256e-10,792126.0,0.0049,0x33...7c24,https://etherscan.io/tx/0x18ffa8ec30d51deacd003639c51f8669c57ac074519d15fa9979c1d917cb58b7
2023-04-02 06:49:47,True,1.135e-05,6.255e-10,10299461.0,0.0644,0x96...0123,https://etherscan.io/tx/0xfbab1b5a1e4583f9e2ec3de4ed708a67818c37eb6c334edb6e2dbafebe7cab88
2023-04-02 06:47:59,False,1.129e-05,6.218e-10,16711819.0,0.1039,0xbc...c867,https://etherscan.io/tx/0x1735c72e4cccd4f6686f5a41307346260b0515c48d155727dbc67b6408c8ad4c
2023-04-02 06:46:35,True,1.136e-05,6.256e-10,13363423.0,0.0836,0xc5...314a,https://etherscan.io/tx/0xf97d6d563b905f765b167287f3973d50fa2263735b280ed3e8766fcbf10526ee
2023-04-02 06:21:59,True,1.136e-05,6.255e-10,1061294.0,0.0066,0x86...ed9c,https://etherscan.io/tx/0xa1fbb640f23f049df39b8b2894a6c65919af4275dd532fee55f211aca355e6c0
2023-04-02 06:20:47,False,1.13e-05,6.218e-10,5215125.0,0.0324,0x02...db50,https://etherscan.io/tx/0x67738d18fe85ba59d52cbcaead9fda6f8bc72afe87e01400755848412125b122
2023-04-02 06:16:35,True,1.136e-05,6.254e-10,13632716.0,0.0852,0x29...2c76,https://etherscan.io/tx/0xc970745d7182b47a60361c280b16a0366aa9bd4de7705c7bb20be1ae0605dc26
2023-04-02 05:58:35,False,1.129e-05,6.216e-10,1659047.0,0.0103,0x27...e0aa,https://etherscan.io/tx/0x60b46dfaa3980e0f4db76aa85c8503e323259507238022ad651e3104dcbc1796
2023-04-02 05:54:23,False,1.129e-05,6.216e-10,2632034.0,0.0163,0x90...50da,https://etherscan.io/tx/0x458a82de3276ad1af033dc61cb4658da700def229e5dab369ae29e10ad9db16f
2023-04-02 05:47:23,True,1.136e-05,6.254e-10,382377.0,0.0023,0x00...8c4b,https://etherscan.io/tx/0x98012c3ac50c47d1c7497023c5c3a44fd16ff3fab3b4a5c60d41fd940e8463d6
2023-04-02 05:40:59,False,1.13e-05,6.217e-10,8830022.0,0.0549,0x2c...0d79,https://etherscan.io/tx/0xed5d9bbbc6c5c542b61fa79f704e3b824c749ed97711139c28682d0eccf74386
2023-04-02 05:34:23,True,1.136e-05,6.255e-10,1568152.0,0.0098,0x08...1d78,https://etherscan.io/tx/0xbb16e10b6c9b0290688a5f4d82728b10e60d75db1ccfefccedd12a12f5fef402
2023-04-02 05:16:35,True,1.134e-05,6.253e-10,19059650.0,0.1192,0x49...1b16,https://etherscan.io/tx/0x299a1dcd2ae73a870a4c06075025727d391a993ec1db513a13b36b667612e6e0
2023-04-02 05:15:23,True,1.134e-05,6.251e-10,1077143.0,0.0067,0x6d...814c,https://etherscan.io/tx/0xac6b35069c5602d875a0e232cdd37a8157200e1c353593bbf86bb53766029e4a
2023-04-02 05:15:11,False,1.127e-05,6.215e-10,10000000.0,0.0621,0x9f...40bd,https://etherscan.io/tx/0xbe4f25a9f6c4df1c7efe9aa8d7f859b13bf13606663e4906f0c22e7306c2e895
2023-04-02 05:13:23,True,1.134e-05,6.253e-10,4755529.0,0.0297,0xc9...ed88,https://etherscan.io/tx/0xe6b8298b53b81f6035c41a7ecd5b1015087d3417fbad6d40ab3dd7543643e023
2023-04-02 05:00:23,False,1.13e-05,6.23e-10,157109197.0,0.9789,0x5c...d3e8,https://etherscan.io/tx/0xc7ba772d0659d44c4603188743175bd7ff2cc01f3a6556d37beca35fcb9604f4
2023-04-02 04:56:47,False,1.133e-05,6.248e-10,25455520.0,0.159,0x05...b971,https://etherscan.io/tx/0x56482a8ce1e7fe5322cdeef8878ae0275266768b5d8310db05b24f9500292d58
2023-04-02 04:51:35,False,1.134e-05,6.254e-10,25238052.0,0.1578,0xb1...d1f2,https://etherscan.io/tx/0x3ef0da9b099e65e247d8bf75a10419835e849f334ade66b457aa42a64d98dcc1
2023-04-02 04:50:23,True,1.141e-05,6.294e-10,1574894.0,0.0099,0xed...35e0,https://etherscan.io/tx/0xff7d8c2acb5cb146ca265199630457592f902079a8d94c8bed020d0b9f85eff3
2023-04-02 04:22:47,False,1.133e-05,6.258e-10,22042641.0,0.1379,0xb0...0d0e,https://etherscan.io/tx/0xa3385b80d03c9af0ff436a4a1ad23996858c52f2568e541b878190cdfeb68450
2023-04-02 04:10:11,False,1.135e-05,6.263e-10,30830607.0,0.1931,0x8f...a7c9,https://etherscan.io/tx/0x4c156c71706541d50ae8197411cb052db7e5889a419c0cb99f696a396411e559
2023-04-02 04:07:47,True,1.142e-05,6.304e-10,5076128.0,0.032,0x27...5d3e,https://etherscan.io/tx/0x86303e42861ac8c0c70d6ea959354edf024bdd74bbf807bf6256709a5caa7cf1
2023-04-02 04:01:11,False,1.136e-05,6.266e-10,11352781.0,0.0711,0x54...0fee,https://etherscan.io/tx/0xcf58067a86097149cf3db5aa5e578b67ecc1f24c5e5281ae8ef491ca78148e05
2023-04-02 03:52:59,True,1.144e-05,6.304e-10,9433235.0,0.0594,0x3a...5d88,https://etherscan.io/tx/0x09001bbefc02183b551a429458b282cf3a5ac8c399942e79a50fd36e3cbf8563
2023-04-02 03:44:35,True,1.141e-05,6.286e-10,171227248.0,1.07645,0x0c...b993,https://etherscan.io/tx/0xc41a03f7776c3e9f691ffaabdad31bb48d230817bd66674f2b12534d768ffd2a
2023-04-02 03:41:11,True,1.138e-05,6.268e-10,8773838.0,0.055,0xc4...054a,https://etherscan.io/tx/0x6953ee931da8cad4b317afedd0b243c973977a844c5d27727a78216bab5167ee
2023-04-02 03:33:59,True,1.137e-05,6.264e-10,29150727.0,0.1826,0xe5...9c15,https://etherscan.io/tx/0xb52585eca8654d58bf583892675c08a3097a7d47d708df2dbb87bf28a6bc4a3b
2023-04-02 03:30:23,False,1.13e-05,6.226e-10,19225516.0,0.1197,0xd4...a1cc,https://etherscan.io/tx/0x066f04cb46a57b803fa96eff28e29c25f59357f070a4c73c9a09d67def193ba7
2023-04-02 03:17:11,True,1.136e-05,6.265e-10,4746387.0,0.0297,0xaa...097d,https://etherscan.io/tx/0xecc7770e39b00acae1bdd39666910efb1d116a9c82b3d80e6b4ecabcbabde08c
2023-04-02 03:12:47,False,1.13e-05,6.232e-10,55868869.0,0.3482,0xed...1812,https://etherscan.io/tx/0x1030fe731f4a15de72fe5f80e8b77ba309617947310f6c6d7f06b24e2ca55128
2023-04-02 02:50:23,True,1.135e-05,6.257e-10,187393529.0,1.17256,0xa5...63c0,https://etherscan.io/tx/0x0397c3c92325af9ec7cec2a0f369bed0ccbeada2be07b4c1e8f28d29e13a8e2a
2023-04-02 02:47:47,True,1.133e-05,6.236e-10,21704696.0,0.1353,0x79...2751,https://etherscan.io/tx/0x320396d34089957583caa9a1eff0004d35fee62d097638169fb4e1b83558515b
2023-04-02 02:40:11,True,1.132e-05,6.231e-10,30197963.0,0.1881,0xc6...ed69,https://etherscan.io/tx/0x144a144a17c4bedfb6c7ca8c73b168e35fd4d48e1984347398411f224fc8c8e0
2023-04-02 02:34:35,True,1.131e-05,6.213e-10,150668229.0,0.9361,0x5c...d3e8,https://etherscan.io/tx/0x2423c63af55c8260b8ad9d6668cd6090e28f379cc66a417abeaee7f6b253fc29
2023-04-02 02:25:47,False,1.122e-05,6.162e-10,7609695.0,0.0468,0xf6...2bbc,https://etherscan.io/tx/0xdfc9f8cb47294aa2c0c75ab5e038c05f43f253b5aff344f92c98d12b3454a105
2023-04-02 02:25:47,True,1.129e-05,6.196e-10,32984616.0,0.2044,0xbd...e9ac,https://etherscan.io/tx/0x7a90f894349c1c08785ebbbaf4234569574af39435babd71738f54a6406e59b4
2023-04-02 02:24:59,True,1.128e-05,6.193e-10,2762577.0,0.0171,0x5a...bbd7,https://etherscan.io/tx/0xf8f0b0adcdd506d1c13408401f32a62fc15af2640cd6fab4276d8b0a246b864b
2023-04-02 02:20:11,True,1.126e-05,6.179e-10,138242536.0,0.8542,0x5c...d3e8,https://etherscan.io/tx/0xf2063dda8510509ffd115c97493595222e20c1589b731abfee51a34d67dbda0a
2023-04-02 02:15:11,True,1.122e-05,6.165e-10,9647077.0,0.0594,0x95...c49f,https://etherscan.io/tx/0x600d959714896590ad173dd83fbd131ee0c4c92589db8ce24b91d998c4c82576
2023-04-02 02:14:23,True,1.122e-05,6.163e-10,8041479.0,0.0495,0x32...2dac,https://etherscan.io/tx/0xcd7e4373ba4a0e2e06ecf24d271b9b930319b54a4a86366c4acbeb11b81ae07a
2023-04-02 02:12:59,True,1.122e-05,6.162e-10,3217164.0,0.0198,0x74...2f5c,https://etherscan.io/tx/0xd4b6aa46943edd4c1b2b49ce3d72d33c62b075e6209ab6af818348862cc24555
2023-04-02 02:09:59,True,1.119e-05,6.148e-10,140609033.0,0.8645,0x5c...d3e8,https://etherscan.io/tx/0xa223c340db72740dbd2e5d688156d95cc5466cede8ad33bd1311e17aff40688a
2023-04-02 01:59:11,False,1.11e-05,6.098e-10,4941770.0,0.0301,0x7f...3cdf,https://etherscan.io/tx/0x8ab87f4b85856705add99eee49153b0ef3e3c1f6ed9df0d5f50869c996acca01
2023-04-02 01:56:59,False,1.111e-05,6.103e-10,45816841.0,0.2796,0x49...1b16,https://etherscan.io/tx/0x588f6a1bbdd2c1489e31bddb833a0397fa1b2de5fde1386d0046f7a2e7af95b9
2023-04-02 01:39:11,False,1.117e-05,6.133e-10,263510871.0,1.61614,0x04...f8b3,https://etherscan.io/tx/0xb8060b86d2022d1ca789b86fa80e9720e1ceafca30b6b8020099688fa70a209e
2023-04-02 01:34:35,False,1.121e-05,6.158e-10,1876186.0,0.0115,0x1e...bc21,https://etherscan.io/tx/0xfad27f2e1c69f33d58bc6681172bed8fd77ad7cc7a30dead6001640eacaf7157
2023-04-02 01:30:47,False,1.122e-05,6.16e-10,15747353.0,0.097,0x4a...7c74,https://etherscan.io/tx/0x4dab5527ee040aad8a1dbb2f6e7970b606d5f65461b0c7542c8ee70e82f8fde4
2023-04-02 01:29:47,True,1.129e-05,6.198e-10,3198164.0,0.0198,0x9f...40bd,https://etherscan.io/tx/0x6d9f62e6beb37c40b13a6e28a39d0e6ea1ee539b1bea3676857031273596c031
2023-04-02 01:28:11,True,1.129e-05,6.197e-10,12906357.0,0.0799,0x49...1b16,https://etherscan.io/tx/0x71443282ee0f224a617138a9468b4ee2661d9f53bbcad0f8a72fdba8e498e9b1
2023-04-02 01:12:59,False,1.123e-05,6.159e-10,9692829.0,0.0597,0xaf...2719,https://etherscan.io/tx/0x7847e50eb7c4f7b350ca8711277f679b7c2669636beeda0d02a1fedd1f4f56ac
2023-04-02 01:09:35,False,1.123e-05,6.161e-10,11548674.0,0.0711,0x22...e43c,https://etherscan.io/tx/0x6394606fc3bc6a1c2696dca523aaec74aaf6ffec1fc498965d2a4fb084bbb5cd
2023-04-02 00:54:35,True,1.13e-05,6.197e-10,26647487.0,0.1651,0x9a...8ff2,https://etherscan.io/tx/0x381effb951e770d729965b6241ad704631b830db2a5a293f1885ac00f2f3803c
2023-04-02 00:46:47,False,1.123e-05,6.16e-10,24517225.0,0.151,0xfc...9c92,https://etherscan.io/tx/0xd672b087eef98d44234818b3d535db4a503c2aabff95cd6ebaa015330d7c7fe5
2023-04-02 00:46:11,False,1.124e-05,6.163e-10,7935354.0,0.0489,0x4c...ebff,https://etherscan.io/tx/0xf4ee75cb387c769f148e8851f9296097331023ea62adaeecbaac4daa83eff6de
2023-04-02 00:18:11,True,1.129e-05,6.201e-10,479540.0,0.0029,0x0f...8bde,https://etherscan.io/tx/0x6945d17e162844af3444dbf151b273fe535aca82f38e5003adcda0f71bda7cc1
2023-04-02 00:04:23,True,1.129e-05,6.2e-10,5600947.0,0.0347,0xcf...8298,https://etherscan.io/tx/0x5a1e5d0ef3b0b7ffb82460df9b201574356c778fe5da64d647b8f4537e9d8149
2023-04-02 00:01:35,False,1.122e-05,6.168e-10,58931564.0,0.3635,0x49...1b16,https://etherscan.io/tx/0x17fcede837f05708a3c22d02f435271770715111574dc09905f6992e08008c0a
2023-04-01 23:59:59,False,1.124e-05,6.175e-10,9303931.0,0.0574,0xb6...e8d0,https://etherscan.io/tx/0x3e5da1f9bae8af1aa8aa433564790755b18800c1d0714f534d4e3f2b26b5630d
2023-04-01 23:54:59,False,1.124e-05,6.177e-10,7438624.0,0.0459,0x83...238c,https://etherscan.io/tx/0xad8934ae6eca6ca6c6ab7329b5b2fecd594d44a05b279119c9628f2780a0150f
2023-04-01 23:54:47,True,1.13e-05,6.211e-10,32196845.0,0.2,0xac...2df8,https://etherscan.io/tx/0x43aed06b73dba4aeda93f6bf1f7f50d8ab58aaf362029a2a967356627260afbf
2023-04-01 23:47:23,True,1.129e-05,6.2e-10,80636382.0,0.5,0x9e...eac3,https://etherscan.io/tx/0x126b9f3b5b203e1e8456a524b55e3ea13fd8bd917b2cc24b2220716458e67e1c
2023-04-01 23:44:59,False,1.124e-05,6.176e-10,217161855.0,1.34138,0x0c...b993,https://etherscan.io/tx/0x3edd37644ea77f620fa8f7750cf060b13905c35b72dd94b9e758f0d0179a9be6
2023-04-01 23:40:23,True,1.135e-05,6.235e-10,4410558.0,0.0275,0x0a...4842,https://etherscan.io/tx/0x49f0e0cb2b68f6011a17a530755f5438a4146755051e84d5910d23dfe9a7e4cf
2023-04-01 23:36:11,False,1.128e-05,6.197e-10,2438111.0,0.0151,0x74...c79f,https://etherscan.io/tx/0xc34e345022bf025687866d6dcd5a21ec2370296c1bb5f9d050c5ae9e44766567
2023-04-01 23:17:35,False,1.128e-05,6.199e-10,15499898.0,0.096,0x55...60a0,https://etherscan.io/tx/0xd9c04352a002007fa215c7055f6adb7bfd59beac93815507b1736c7d0a876e1d
2023-04-01 23:16:47,False,1.129e-05,6.201e-10,9975890.0,0.0618,0xe6...e534,https://etherscan.io/tx/0x7fa121dd6a11d2fa7ea1b96ed4a9420dd822ede10ef8056efe953febcc83fb56
2023-04-01 23:16:11,True,1.135e-05,6.238e-10,12822877.0,0.08,0xfe...0624,https://etherscan.io/tx/0x3c43d9c631eba23cccbad2309eb48c7a0f933c1dbea5b4022968bb525776b2a4
2023-04-01 23:08:47,False,1.127e-05,6.203e-10,30000000.0,0.186,0x9f...40bd,https://etherscan.io/tx/0xf6d2e21e5ce86dacde232dc654603eaa471afea1e0a20dafbc3eabc523fa5b25
2023-04-01 23:02:23,True,1.134e-05,6.242e-10,9527326.0,0.0594,0x91...0c0a,https://etherscan.io/tx/0x528875d81e96e9c5ef089df7eccf4cf1276a3b6f7f65b96f56c46df65d2df0f9
2023-04-01 23:00:59,False,1.127e-05,6.204e-10,4910439.0,0.0304,0xc8...e65f,https://etherscan.io/tx/0xcd84396bcb8503b6ecbf3328161521e6d6edd6011f0f18ea01d7b0f395eafb7a
2023-04-01 22:57:59,False,1.128e-05,6.207e-10,23440000.0,0.1455,0x68...04c4,https://etherscan.io/tx/0xd4cc84f6c87de2c5218add32b53e0da48f69b50b5e7ebe4a90b416b48cdb727b
2023-04-01 22:52:23,False,1.132e-05,6.227e-10,175578597.0,1.09336,0x43...74f3,https://etherscan.io/tx/0xcce48877dac7c29b1a06e54fba7b6093ef38963a3a14f5719f818a2a99c62926
2023-04-01 22:50:59,False,1.137e-05,6.251e-10,72828860.0,0.4553,0x2c...1455,https://etherscan.io/tx/0x987b1095d526472fd0235129bd9570ca43a7ba698490f5ecce40500208030022
2023-04-01 22:44:59,False,1.138e-05,6.26e-10,17311270.0,0.1083,0xa5...793f,https://etherscan.io/tx/0x3fac55740a42c438fb40dea9e9a52844671f89e4c23f8a8a4fc66aaae9710e2d
2023-04-01 22:41:59,True,1.146e-05,6.301e-10,40044.9,2.523e-05,0x0c...c936,https://etherscan.io/tx/0xa979e4e61a099604441da8f76de53d6f276eece95e411e297f0b77dba9063e22
2023-04-01 22:39:11,True,1.146e-05,6.292e-10,94342532.0,0.5936,0x18...a919,https://etherscan.io/tx/0x03d66e816f4864ed587105e7b5635b839faf2e65884b5e02c27499348165c75f
2023-04-01 22:37:59,False,1.14e-05,6.259e-10,144830334.0,0.9065,0x5c...d3e8,https://etherscan.io/tx/0xe41da105ef66e65121a670ae6a2868c5ba7f8aed9fb97ff0a40c533f0a0da5ab
2023-04-01 22:24:59,True,1.145e-05,6.303e-10,83754003.0,0.5279,0x76...7d5e,https://etherscan.io/tx/0x7d36a89ac04d43d6bec93ed3668aacb1fad5a1b966ee6e2ef4bbbcec86ada5e7
2023-04-01 22:22:35,False,1.137e-05,6.257e-10,4886891.0,0.0305,0x72...e6c1,https://etherscan.io/tx/0xefcc0e02b0de6e5b012a7d97a7f00a4505c151c7f3c1acc4af57741d403468cf
2023-04-01 22:20:59,True,1.142e-05,6.288e-10,74204818.0,0.4666,0xb1...d1f2,https://etherscan.io/tx/0x6cfcc62f799a9f433ddf74db988f29b54b69e9e12d2ed81145d65c8a1cb095fb
2023-04-01 22:19:35,False,1.134e-05,6.244e-10,12071451.0,0.0753,0x91...c518,https://etherscan.io/tx/0xed41f017b1f544718e5b2883513125cc51b579cccbcd18b90b60e908ad9d003b
2023-04-01 22:18:23,True,1.141e-05,6.282e-10,4733083.0,0.0297,0x4c...1ae8,https://etherscan.io/tx/0xa81370197204f19634d63fe46e7343afea46f7d9ce6902e4bf154bfb594ef461
2023-04-01 22:17:23,True,1.14e-05,6.277e-10,44698552.0,0.2806,0x49...3941,https://etherscan.io/tx/0x5f10bca449a1a16ec3847eefb3d1aa61f65219b554e438aa59316ec81b3c129f
2023-04-01 22:14:23,True,1.14e-05,6.273e-10,948054.0,0.0059,0x97...2ef0,https://etherscan.io/tx/0xfb5091c74fa33a9554b36c8ec1048793d818ee260f38a2528ca0622d7b766a43
2023-04-01 22:05:59,True,1.137e-05,6.259e-10,136840809.0,0.8565,0x7f...18eb,https://etherscan.io/tx/0xa30c3fcefd7be3cc995eda04b1ad14608faffd78c00f2c34f6e6d0e707729443
2023-04-01 22:04:11,False,1.132e-05,6.234e-10,265249799.0,1.65379,0xe8...d55d,https://etherscan.io/tx/0x4b5027505859bdb2bc4b451d2ff7cf978f678704eed5917bcb5ec174bdd7e616
2023-04-01 22:02:35,False,1.135e-05,6.261e-10,2507730.0,0.0157,0x17...90ca,https://etherscan.io/tx/0x207d64e16f53e1d48e61ff0d667d87b223b566ea7bcf81a33f48fb2145026108
2023-04-01 21:51:59,True,1.141e-05,6.297e-10,15058033.0,0.0948,0xbc...f0ff,https://etherscan.io/tx/0x926f4772cea7988358b0fe06831d4c367b1fc32be71615574691b4475d430ca8
2023-04-01 21:48:35,True,1.138e-05,6.279e-10,166126858.0,1.04322,0x5c...d3e8,https://etherscan.io/tx/0x1c7736960369807196c9e12f36bbe21836927435343010e65f4c58b5378294a4
2023-04-01 21:39:23,True,1.135e-05,6.262e-10,3845216.0,0.024,0xe7...a455,https://etherscan.io/tx/0xf307671701e6dae2418aa4082c99b6d112d5ee393f4818155675365e43eb6789
2023-04-01 21:26:47,False,1.128e-05,6.225e-10,12000000.0,0.0747,0x9f...40bd,https://etherscan.io/tx/0x92b517af11ca1df2ee5ca61adbbbe9587c3df8b08515461af4e75bfe3b79f488
2023-04-01 21:26:23,True,1.133e-05,6.254e-10,103148965.0,0.6451,0x76...7d5e,https://etherscan.io/tx/0x53f8f3f4af7fd69d6dd62a972d2946033ad8b3bb18df0ec2c5f570442bea81b9
2023-04-01 21:26:11,False,1.125e-05,6.211e-10,43743283.0,0.2716,0x6c...cf67,https://etherscan.io/tx/0x42255ab5faf05552dc45391cc5ed991af2d940f11cc9dded5af684c7cc19e241
2023-04-01 21:25:11,False,1.126e-05,6.215e-10,919.0,5.711e-07,0x50...2f46,https://etherscan.io/tx/0x9e4ea8f85b85406a1a8724d7dd3f6abf8a7eda20c7f81079b131f27f85760891
2023-04-01 21:16:59,False,1.13e-05,6.23e-10,147910903.0,0.9214,0x5c...d3e8,https://etherscan.io/tx/0x6d0887cff4bdf149f4c78e8a8bbc4ff2b15ebbfd9cfbc1e0ee2d9080cd966eaf
2023-04-01 21:16:23,False,1.133e-05,6.244e-10,3296980.0,0.0205,0xf5...c240,https://etherscan.io/tx/0x3989159eb5dea7b9fa57d495d1ee191135a4530dc48f9e74f1b2b841dc41bdbd
2023-04-01 21:03:59,True,1.14e-05,6.282e-10,2136481.0,0.0134,0x46...d669,https://etherscan.io/tx/0xb554dab82f5181a262b649abd8f319873605bb6a23a56972518b50c9fc0afb53
2023-04-01 21:02:11,True,1.139e-05,6.279e-10,25477836.0,0.16,0x36...ac93,https://etherscan.io/tx/0x2945f226aaf2b76efecc2dcad1c4d9ade4320b97247432d63e0d1d85f51130bb
2023-04-01 21:01:23,True,1.138e-05,6.276e-10,4737576.0,0.0297,0x35...dfc3,https://etherscan.io/tx/0x71cfc66ccd03fc6b6b747616071d6846217df6064e3687f6845a0fd749b0d13b
2023-04-01 20:56:35,True,1.135e-05,6.261e-10,147910903.0,0.9261,0x5c...d3e8,https://etherscan.io/tx/0x01d6a637976638c47b2c0e694e3f4232ed9a88b025a26d9ff1eba1056f36cc10
2023-04-01 20:51:35,False,1.127e-05,6.214e-10,50000000.0,0.3107,0x69...2f63,https://etherscan.io/tx/0xb52aa6f9aecd0c28b8753c5b80b280528d56dea6504de3529f9dafbb7c9317dd
2023-04-01 20:43:23,True,1.132e-05,6.243e-10,138042602.0,0.8618,0x55...35b8,https://etherscan.io/tx/0x732b4896fc9edf13539dbdcbed896b22a020d4c9712dbddf291cdb11b0506af3
2023-04-01 20:32:23,True,1.129e-05,6.225e-10,41401117.0,0.2577,0xc9...3f79,https://etherscan.io/tx/0xcf24043f6407fc209f32762efc38f39de06de7fe5f69f2d65aa9121381f4d89f
2023-04-01 20:32:23,True,1.128e-05,6.218e-10,29717739.0,0.1847,0x75...06e0,https://etherscan.io/tx/0x71ef2d7fd2267c7d627d322310c6cb8e7e47ec7dd039ff141916d953e9553627
2023-04-01 20:25:59,False,1.122e-05,6.183e-10,49500000.0,0.306,0xbb...a495,https://etherscan.io/tx/0xb6961152d839b7c770020ecf7f1888c40adcbd61b45a84de2740d813b644659e
2023-04-01 20:03:35,True,1.13e-05,6.225e-10,955414.0,0.0059,0xf2...5aab,https://etherscan.io/tx/0x4b62b7fde7446f94f6784de67a550d5d949ecb9c71d39158580dc74138de8ccd
2023-04-01 19:57:35,False,1.123e-05,6.188e-10,9939925.0,0.0615,0xa2...c508,https://etherscan.io/tx/0xc7127b342a384ffe1fd2a84b4c0d29987e6d7bfa8ab9b6dad8ba4d4798a583e0
2023-04-01 19:53:11,True,1.13e-05,6.225e-10,16063420.0,0.1,0x3f...4589,https://etherscan.io/tx/0x5c727d751cd148d9865cc6a6b481fd210a5acd0db23d7400f3594f2834fcebf8
2023-04-01 19:49:11,False,1.127e-05,6.203e-10,169194239.0,1.04953,0x00...4808,https://etherscan.io/tx/0x5cfec47ffb478fb64256d592543a252897e9a2137831c87a46c1ed7e46d7771d
2023-04-01 19:47:11,False,1.132e-05,6.229e-10,94388672.0,0.5879,0x5c...d3e8,https://etherscan.io/tx/0x45f5dabb7703aa3141f823e3e5aece7bfe743a2df649a9acabbe70203b71f3aa
2023-04-01 19:42:47,False,1.133e-05,6.238e-10,5092367.0,0.0317,0xda...14fd,https://etherscan.io/tx/0xe42faf77fd64d9aa1e512be82e0cdf4c10697f166bfef46534d1ab2971652f02
2023-04-01 19:40:47,True,1.136e-05,6.253e-10,236671208.0,1.48,0xa1...496a,https://etherscan.io/tx/0x5bdf31750288654a166b308f1de92d238a1f715c8efeb7c779aa0b4c89dfb427
2023-04-01 19:37:11,False,1.126e-05,6.196e-10,43561034.0,0.2699,0x6c...cf67,https://etherscan.io/tx/0xf7339d06f565363d811524412894a5bdf7a247693d3dfd6a05f01fec8f39e8a1
2023-04-01 19:34:59,False,1.129e-05,6.212e-10,116476269.0,0.7236,0x00...3b8e,https://etherscan.io/tx/0xda33a5bf137c0d18d724bca9249affe37daf47fdcc032803d87933e700fcd7b8
2023-04-01 19:34:47,True,1.137e-05,6.26e-10,13649001.0,0.0854,0x15...faa7,https://etherscan.io/tx/0x4de8738296eb279c9c45d7b8bf9570f96a1d8b657dec8a5d36cd85851282751a
2023-04-01 19:34:47,False,1.13e-05,6.222e-10,10131455.0,0.063,0x54...53d1,https://etherscan.io/tx/0xb10ace7a18cbee85dd94c8c6d48ed60371a37c7d7b5a546819edae65b8f8c50a
2023-04-01 19:20:47,True,1.137e-05,6.257e-10,30775019.0,0.1925,0xe8...50db,https://etherscan.io/tx/0x55a17adcfb1361d54b4f45708fbdfc4090c24d7287be3a8dafe74c7b035496ce
2023-04-01 19:17:59,False,1.132e-05,6.233e-10,166677817.0,1.03904,0x5c...d3e8,https://etherscan.io/tx/0x641b80593d945933534e17b94abd244884d258b73c668b660186b50712df934b
2023-04-01 19:12:35,True,1.14e-05,6.284e-10,39171678.0,0.2461,0x71...38ca,https://etherscan.io/tx/0xc5bfdce29ae99c923e7520000099448fe8ff701e7c6dbe4c163eb9cc39bea779
2023-04-01 19:10:23,False,1.137e-05,6.261e-10,191440977.0,1.19874,0x5c...d3e8,https://etherscan.io/tx/0x901d58c74779baf00145191e0fdab6cb78e2efc2cc41a71cb6857e3391c00389
2023-04-01 19:07:47,False,1.14e-05,6.281e-10,8711967.0,0.0547,0x0f...33a1,https://etherscan.io/tx/0x52fa7505b23a742d978028dcc563fcc6eabf7c7224830d4f0717ba46e5080082
2023-04-01 19:07:11,True,1.147e-05,6.319e-10,12143671.0,0.0767,0xc8...336f,https://etherscan.io/tx/0x4241f4c6d807ffefd2058e45f3dd92b4c6c06300d5eb0c95d99eca7af7a841e7
2023-04-01 19:02:23,True,1.142e-05,6.293e-10,244009616.0,1.53562,0x76...fdef,https://etherscan.io/tx/0x2983a9f7a5156a8b9bdd109f4b7ab35a25493c13faca7784ea0e558ed7d5db64
2023-04-01 18:59:35,True,1.136e-05,6.267e-10,17361890.0,0.1088,0xd3...cda8,https://etherscan.io/tx/0x404c0620ed862acbb31d3b08fcefa713d3cdc19cef86fcb648baa4a8eac631d6
2023-04-01 18:54:47,True,1.132e-05,6.243e-10,222000194.0,1.386,0x91...8081,https://etherscan.io/tx/0xad40966043a3667feeb53291df52058ecce2fda4643764c22b31a71798f1e119
2023-04-01 18:52:47,False,1.129e-05,6.209e-10,260659378.0,1.61861,0x60...ab2f,https://etherscan.io/tx/0xd95279e7674ef452ace49bdafdba4bfa174ec0ef815cfc8f08129ab0bfebe36a
2023-04-01 18:49:35,True,1.137e-05,6.244e-10,282174064.0,1.76212,0xff...e331,https://etherscan.io/tx/0x186eb7b01934b0ed12012117afc5413cb6cae2334d29fdeb2d738940a4548c6b
2023-04-01 18:48:35,False,1.125e-05,6.179e-10,3356853.0,0.0207,0x63...f8ce,https://etherscan.io/tx/0xb50c02e7f143c60f40779581d2430483880b7c9472b49fdd50516ca638e58bd3
2023-04-01 18:47:35,True,1.128e-05,6.196e-10,210546946.0,1.30471,0x43...74f3,https://etherscan.io/tx/0xb00f76c4dfc93064460659888323b30c1d7ab153470240f45241931be82d08e4
2023-04-01 18:46:11,False,1.118e-05,6.144e-10,53006667.0,0.3256,0x1d...2af5,https://etherscan.io/tx/0xabab8229020dfe6d29f90f8b943257450c9c9e0f1c8711d003a7f6951a922290
2023-04-01 18:45:11,True,1.126e-05,6.183e-10,32061915.0,0.1982,0x74...c795,https://etherscan.io/tx/0xe9d87af3fb05b86ad5f888cdeabb581ac0f0b19f5b4fa2acf030e4d367aa0fae
2023-04-01 18:45:11,False,1.12e-05,6.152e-10,98191367.0,0.6041,0x76...7d5e,https://etherscan.io/tx/0xf70a4897fade4aabfd355a928b0ec5424892ee4caf9c1a6f37dbb674f297299d
2023-04-01 18:44:47,True,1.127e-05,6.194e-10,47332482.0,0.2932,0x5b...82c2,https://etherscan.io/tx/0xae513e386b23717c1a7e127cf71263da767e59630fbf68d69a58aba8e312e2dd
2023-04-01 18:44:47,True,1.118e-05,6.143e-10,479496146.0,2.94573,0xa5...63c0,https://etherscan.io/tx/0x14572920136ce78ad23514267c9fbe8a01ebaef9a93bb10c0350beb2bc12e500
2023-04-01 18:44:47,False,1.107e-05,6.084e-10,250000000.0,1.52112,0xec...fa53,https://etherscan.io/tx/0xa125d718c1737e0b44f2a84d007f0c07eb184a717e0002d9eb09892e92dbe6d1
2023-04-01 18:44:23,False,1.113e-05,6.115e-10,70074164.0,0.4285,0x7f...18eb,https://etherscan.io/tx/0x1ab412909318125619965d83b78a4c836873017051edf9a63a3dd211bb166710
2023-04-01 18:44:11,False,1.115e-05,6.126e-10,46606431.0,0.2855,0xd7...a3b2,https://etherscan.io/tx/0x7d6f86ba7f45e57568ca15a728a4a9b755dcdfccb5d47b7ee9959779a02cc957
2023-04-01 18:43:59,True,1.119e-05,6.147e-10,212990936.0,1.30928,0x60...ab2f,https://etherscan.io/tx/0x83df6f477d8498810746fa5e76bddb7517c443be99a3470219f1f5e9b53da3d2
2023-04-01 18:43:11,False,1.11e-05,6.097e-10,84872147.0,0.5175,0x15...cd03,https://etherscan.io/tx/0xdd330b4bce5ef6ac9bf7accf72e36e1c00d0434d73b4352e9715f8a3f2a37987
2023-04-01 18:41:47,True,1.117e-05,6.135e-10,80396796.0,0.4932,0xfb...f700,https://etherscan.io/tx/0xb5408608cf4d4772a10b7bd8c19176a875868392e77e0f72a3adcc1dc6b525a4
2023-04-01 18:41:47,True,1.112e-05,6.109e-10,179764221.0,1.09835,0x00...0f3d,https://etherscan.io/tx/0xf99d347a442e48086e4456274598d2b85635add11e836436acfcbb4c09d84797
2023-04-01 18:32:47,True,1.106e-05,6.071e-10,219189863.0,1.33087,0x1c...775a,https://etherscan.io/tx/0xe58d840f5c2c1ed33bc987a55d4c42cd5d223d76b8bbe9097faf2b7b4c06247f
2023-04-01 18:18:11,True,1.102e-05,6.05e-10,8191913.0,0.0495,0xdc...b716,https://etherscan.io/tx/0x340bb0327dced41164cde85b65c3834130b6a4cadf89a7c2e7623122bc124e07
2023-04-01 17:54:47,False,1.093e-05,6.013e-10,4050740.0,0.0243,0x1d...6073,https://etherscan.io/tx/0x8e67e5be298186674335de187e9ab9a90628238875ea379bd722f527b0bae9c3
2023-04-01 17:52:59,True,1.098e-05,6.034e-10,164738054.0,0.9941,0x5c...d3e8,https://etherscan.io/tx/0xbd996bac784cb5c3212ecdb3902a5e04840b5f1e5b9e49aa1f0d9fd77f6021f4
2023-04-01 17:51:11,False,1.089e-05,5.985e-10,23282648.0,0.1393,0xec...c791,https://etherscan.io/tx/0xae217c949fbe690af3de6497fde1b5fb472f0629c3afacbf738dbe95e04f5edf
2023-04-01 17:48:47,True,1.096e-05,6.023e-10,2006247.0,0.012,0x45...2015,https://etherscan.io/tx/0x53a1bd0ac3ad676bfc33e60c1d4dcc0c2d6dcf681fe62ad0dc39a028959068ed
2023-04-01 17:47:11,False,1.09e-05,5.989e-10,30000000.0,0.1796,0xc6...df27,https://etherscan.io/tx/0xa9c9bde88dea313ceb644cc449ff150f9283d53e3fd04485dbeaee7064e182dc
2023-04-01 17:35:47,False,1.091e-05,5.994e-10,19294423.0,0.1156,0xc9...2616,https://etherscan.io/tx/0x708d47b7a458289e5fad0d730c35ee0922f51fe3f31ff041d3a26dbb19f04cae
2023-04-01 17:17:11,False,1.091e-05,5.997e-10,18570925.0,0.1113,0x60...1533,https://etherscan.io/tx/0x9881c579eb7ce546e56a0719ebcfef0bda208459f4b25ed941ddc28585140903
2023-04-01 17:06:23,False,1.09e-05,6.001e-10,20000000.0,0.12,0x69...2f63,https://etherscan.io/tx/0xe8d772dc30b740eaec095a9d862c7c0d5be41d0dff0e4ed9999415af5fe12752
2023-04-01 17:04:59,False,1.091e-05,6.004e-10,11500000.0,0.069,0x25...6ae9,https://etherscan.io/tx/0xe1f2ef89bb01d2bee8f7c67e5e4b9927c7ed8c8be18272f6293f26cf93528def
2023-04-01 17:03:47,False,1.092e-05,6.007e-10,20000000.0,0.1201,0x69...2f63,https://etherscan.io/tx/0x51418bd11942b9cd6c3703cdd8ab374441814d41b3f435cb6fb4cd355ab64a45
2023-04-01 16:53:11,False,1.093e-05,6.01e-10,8541123.0,0.0513,0x40...c851,https://etherscan.io/tx/0x6128fab78fac3e48d1c0766afe6eb5a87b3e3b280e2a2dc728ee517deb380a63
2023-04-01 16:50:47,True,1.098e-05,6.039e-10,77711938.0,0.4693,0x7f...febc,https://etherscan.io/tx/0xc1a74ac021b8073a67217b54bf25254fbc9d4e2348975ec684b37cc13f9a8d92
2023-04-01 16:45:35,True,1.097e-05,6.031e-10,5094326.0,0.0307,0xd5...1714,https://etherscan.io/tx/0x18fa88c22e55c49286a213c1c1624054a9236768ba7a40516c1ebd102725b8a0
2023-04-01 16:42:35,False,1.089e-05,5.995e-10,3544582.0,0.0212,0xd6...7ee1,https://etherscan.io/tx/0x43d3615edc83cf3d36cba31d07fb7682492e13ef7af379b0d3ac73ce2524c522
2023-04-01 16:32:23,False,1.092e-05,5.998e-10,25517040.0,0.153,0xfc...a48d,https://etherscan.io/tx/0xddc78d7ad852e6af47cff003cbcf6d112203169bf8ed59455d8f283fb6e59c19
2023-04-01 16:30:35,False,1.092e-05,6.002e-10,20000000.0,0.12,0x86...0721,https://etherscan.io/tx/0xba9959c3a935c47244146f63cb0a4c5daa306d8569133fad8793618ca3f960eb
2023-04-01 16:26:47,True,1.098e-05,6.033e-10,72434539.0,0.437,0x9f...40bd,https://etherscan.io/tx/0xd6e5dec868de6e91e8947fef7d094458486ad25e8db91d01389fa13a8f54579f
2023-04-01 16:23:59,False,1.091e-05,5.993e-10,29238201.0,0.1752,0x68...5b80,https://etherscan.io/tx/0x8e8712eb06b2cad0b4cf3c6631ef7ef2b41b64244c8e64bb83cc7d61ae038bf1
2023-04-01 16:20:11,False,1.091e-05,5.996e-10,3862159.0,0.0231,0xc3...ec08,https://etherscan.io/tx/0x95365a7e1df62a097e3890c50d16a72fc8e35463ae76ccd40878dd30404e2630
2023-04-01 16:09:23,True,1.1e-05,6.032e-10,7065571.0,0.0426,0x93...9899,https://etherscan.io/tx/0xc93b8769ef64bd67945e664ddba56d2a29b65dde2bc9d6b6923ba31d867de7e9
2023-04-01 16:08:47,False,1.093e-05,5.995e-10,2172424.0,0.013,0xdf...f953,https://etherscan.io/tx/0xbff2aaaa651133fa71d0e2c13950a7e99f9e3faa21fdaf04eb945691ab49bf83
2023-04-01 16:06:59,False,1.095e-05,6.001e-10,60000000.0,0.3601,0x4f...d65c,https://etherscan.io/tx/0xf740fb57af81e407e31dca90ca28c686afb12cd8681659032bee675923fbc719
2023-04-01 15:55:35,False,1.096e-05,6.009e-10,21730374.0,0.1305,0xb3...5c0c,https://etherscan.io/tx/0x1df5c130bd195b3871431ae23ea78d0c9116fe16c8a91b6f8507da0fb426f04f
2023-04-01 15:50:11,False,1.097e-05,6.012e-10,8346242.0,0.0501,0xb3...016b,https://etherscan.io/tx/0x57737847b61ed61d63375384d60387fd2146692c3af0918019767df3704523b8
2023-04-01 15:48:11,True,1.103e-05,6.048e-10,7401251.0,0.0447,0xce...34a8,https://etherscan.io/tx/0x991461214d3fb7be58cc71026327b051482f345c6fdcbe0c600908b213613f40
2023-04-01 15:46:23,False,1.096e-05,6.011e-10,1000000.0,0.006,0x34...229c,https://etherscan.io/tx/0xefc28bebfb0610911152b09bb632976db979a4b21606ee7b17202cd1beddcb23
2023-04-01 15:39:11,False,1.098e-05,6.016e-10,46600000.0,0.2803,0x49...3941,https://etherscan.io/tx/0xdeaedd0670c63f6f3eb6eba6cda1c15ef1fb198bf0c6defbf8c9837906145fe4
2023-04-01 15:34:47,True,1.105e-05,6.055e-10,18166213.0,0.11,0x94...482f,https://etherscan.io/tx/0x9b2523357f7da58c637b5298ccde72b9b1daa1b350be83630c1d23669c3228de
2023-04-01 15:21:59,True,1.103e-05,6.046e-10,68960103.0,0.417,0x12...801d,https://etherscan.io/tx/0xc46b3ecd5049b790921f5f25d51ab3b6aab88c82b29b7e4257dbe52ede049a13
2023-04-01 15:20:11,False,1.099e-05,6.02e-10,177977340.0,1.0716,0x5c...d3e8,https://etherscan.io/tx/0xc4742bc50a7abb229e529f8aad9dbf38f0aee9bb66efa7b1151d419187c8e808
2023-04-01 15:04:11,False,1.103e-05,6.044e-10,68351466.0,0.4131,0x00...3d00,https://etherscan.io/tx/0x470c3984e79f343fa488ff88ddd1dbefffe808e6641413ba33dc1a3074ef43f8
2023-04-01 15:00:35,True,1.108e-05,6.072e-10,154344323.0,0.9372,0x5c...d3e8,https://etherscan.io/tx/0x73e3feeaffaef4398c41fc30b55f13c275dfbd3012f048984273f41fb277cca0
2023-04-01 14:57:23,False,1.101e-05,6.036e-10,155272312.0,0.9372,0x5c...d3e8,https://etherscan.io/tx/0x012dc281692390db29cbd38f6c4d4fdbd8bed0661f9509f29cfb7f1b7c6b2a40
2023-04-01 14:51:59,True,1.106e-05,6.062e-10,256843221.0,1.55717,0x43...9672,https://etherscan.io/tx/0x2e19ab28036ca6ea4d052e76382d1448d0f01fae37a99ea3c4ab38bb375eb2a9
2023-04-01 14:51:11,False,1.095e-05,6.003e-10,15997511.0,0.096,0x76...7d5e,https://etherscan.io/tx/0x380bb3caba004ca29890b010d0d0c87b21a381e3bbd8f9381dd8dc634518751d
2023-04-01 14:51:11,False,1.097e-05,6.012e-10,79840420.0,0.48,0x76...7d5e,https://etherscan.io/tx/0x380bb3caba004ca29890b010d0d0c87b21a381e3bbd8f9381dd8dc634518751d
2023-04-01 14:50:59,True,1.101e-05,6.037e-10,202947216.0,1.22524,0x43...74f3,https://etherscan.io/tx/0xfaf1e07cde81ec970ebf82c5b92038424e91880d9cbc3a40535a07ee5367800b
2023-04-01 14:50:11,True,1.094e-05,5.998e-10,204603741.0,1.2274,0x60...ab2f,https://etherscan.io/tx/0x35a285a28ae943f19981aed7fc6b8073f4808010e15e2b93abaf0d30a805f907
2023-04-01 14:47:59,True,1.088e-05,5.963e-10,177853554.0,1.06059,0x00...5196,https://etherscan.io/tx/0xb6f0c0e30c3cf58f68181e6617463455c5309e11ac3c947932b654a187a9aa18
2023-04-01 14:45:47,True,1.085e-05,5.946e-10,3647908.0,0.0216,0x04...aced,https://etherscan.io/tx/0x91cd4d4651a45e93a167d1dd7ad23f73045b55ba8b725927bf8c44f5227336e1
2023-04-01 14:37:11,True,1.085e-05,5.945e-10,4718023.0,0.028,0xf6...006f,https://etherscan.io/tx/0x0183f8ef74d8deda09e94e22f22dea9d9def56018c88734f2ea8bea18f2b1a91
2023-04-01 14:35:35,True,1.085e-05,5.944e-10,8337505.0,0.0495,0xba...127b,https://etherscan.io/tx/0x17b4b4c55ca81dfe26da29eb8379802940a956af5df730995010809d81296298
2023-04-01 14:26:23,False,1.078e-05,5.91e-10,24500000.0,0.1448,0xeb...13eb,https://etherscan.io/tx/0x2dd98bd52c99e3b4f2dd600cfc0770893e9a8cea8c2e9fab48b2d003c6290f5c
2023-04-01 13:50:59,True,1.085e-05,5.947e-10,7382847.0,0.0439,0xe4...36ed,https://etherscan.io/tx/0xa13e97b45e9f2c193c91e5ad8e48dde11e296cb97a593d875fa6774fb43a6cb9
2023-04-01 13:43:59,False,1.079e-05,5.912e-10,13285577.0,0.0785,0x03...acf0,https://etherscan.io/tx/0x7b84b503e3bb11468bd04f8f3e8779dcacdda5a164714aeab51f06f46bcf5afa
2023-04-01 13:42:11,False,1.08e-05,5.914e-10,5443601.0,0.0321,0x9a...8eb1,https://etherscan.io/tx/0x38652273f1f2bcb322433e493f7256c24ac30f3d7db3bb28fd6bb37d354d6ee8
2023-04-01 13:40:11,True,1.086e-05,5.95e-10,3361320.0,0.02,0x1e...3bd0,https://etherscan.io/tx/0x85537d33cea2aad45f2e28c405eb20c0ee3380c509f749b48ed58843a1e37cf2
2023-04-01 13:21:59,True,1.086e-05,5.946e-10,36002043.0,0.214,0x22...cb18,https://etherscan.io/tx/0xe58672fb9d55a1ac444682177006789246870ae993cbc491c2635eb737dcc286
2023-04-01 13:07:59,True,1.085e-05,5.943e-10,500376.0,0.0029,0x63...af8a,https://etherscan.io/tx/0x4d8dac844976911bd85e529d076e921f36c5e6fa789138f5755c338278ad3119
2023-04-01 12:48:35,False,1.077e-05,5.907e-10,5277609.0,0.0311,0x62...4182,https://etherscan.io/tx/0x70f559fb3ff3f2f82069c197a8fb6f3c6ddf9613f00866a3cacf990b45f5fcc2
2023-04-01 12:40:35,False,1.077e-05,5.908e-10,2000000.0,0.0118,0x91...dc25,https://etherscan.io/tx/0xf07f457151f956cdcde2086371309b60f6152b1e16fb2728c6bf7f4aad9910da
2023-04-01 12:33:11,False,1.079e-05,5.922e-10,144759056.0,0.8572,0x50...81c9,https://etherscan.io/tx/0x33ce078dbe4f22eb6e2f2224c2d81cc53d021c41782050bd81285ea9e43c2981
2023-04-01 12:33:11,True,1.086e-05,5.958e-10,140039933.0,0.8343,0x50...81c9,https://etherscan.io/tx/0xbc32a19f993b456137b515339497794c3e040b9b859d4263e9bc5dc1bafe4d3c
2023-04-01 12:30:47,True,1.083e-05,5.943e-10,21682647.0,0.1288,0x63...0b15,https://etherscan.io/tx/0xc3718d61eeb6965eeba3a47f5bdf4914a518199ccf374afa80b40353d244e90d
2023-04-01 12:07:47,False,1.077e-05,5.907e-10,19682484.0,0.1162,0x91...dc25,https://etherscan.io/tx/0x5d8ea7ec6e3d355717c163143ae6154c590e36dfab9053d7f80b723e1c57fec6
2023-04-01 12:05:11,True,1.085e-05,5.944e-10,1972210.0,0.0117,0x9c...0c5e,https://etherscan.io/tx/0xfc296cb4b8e584ed9dab5918a3cb96f824fb1b9b32c3c79b3844cbe79bdfc234
2023-04-01 11:58:35,True,1.082e-05,5.93e-10,154785087.0,0.9178,0x5c...d3e8,https://etherscan.io/tx/0xc5c0559d97ecc9edd06815a2fba8532c9a3499ac0cadd4ee71caf23e4049fdbf
2023-04-01 11:36:35,True,1.079e-05,5.912e-10,36667068.0,0.2168,0x45...e57c,https://etherscan.io/tx/0x4943766318a763b786287fc476dafc7153680a7943d93a022ea91e3b4483dd3d
2023-04-01 11:33:23,False,1.072e-05,5.873e-10,1500000.0,0.0088,0x98...5b95,https://etherscan.io/tx/0x07ac8e976cf770c7297f1bb920dd1487e78584178fb4bbab8d9a62720251bd70
2023-04-01 11:25:47,True,1.079e-05,5.909e-10,1692246.0,0.01,0xdf...e536,https://etherscan.io/tx/0x0ded158f741184495229c2b06eef9d5f6fa5cff3de2163f489d6f1614d827270
2023-04-01 11:23:47,False,1.073e-05,5.875e-10,20000000.0,0.1175,0x6b...e061,https://etherscan.io/tx/0x9b1bfa282865326d82506a7836651d9d2119343b86b99741a5f9ce20ce0357a3
2023-04-01 11:00:59,True,1.079e-05,5.911e-10,8795676.0,0.052,0xc9...2616,https://etherscan.io/tx/0xe967aedbdbc78fef3956186ea1fa326d66ab92928b880ca57e5a29af63cc44ca
2023-04-01 10:57:59,True,1.078e-05,5.91e-10,10498747.0,0.062,0xc9...2616,https://etherscan.io/tx/0xc69af975f6d2e5c4d98b448e45f9552d22c7dcfd261a0574aeb466854dbfd452
2023-04-01 10:25:47,True,1.076e-05,5.909e-10,838735.0,0.0049,0x24...6073,https://etherscan.io/tx/0x7458b4ec23a851303de307a1eb111ac970df1b6c5d9b6273fa04da876094459f
2023-04-01 10:17:11,False,1.071e-05,5.873e-10,1605393.0,0.0094,0xd1...7258,https://etherscan.io/tx/0x515c1649b8ad6328cd24afb2f4d0f11c8e1f526881d3f5321906ed019b1c342e
2023-04-01 10:12:35,False,1.071e-05,5.875e-10,12904896.0,0.0758,0x1f...d18b,https://etherscan.io/tx/0x61a233424d54fb7acd98be31d90a991e5bfc3ecf211e19f2c3014e2f142ea36c
2023-04-01 10:00:23,True,1.078e-05,5.911e-10,167675.0,9.912e-05,0x0a...2b62,https://etherscan.io/tx/0x57747a537c6864a65430eaa805d8e8ee29b30cf892cda4f0b9294dbfc19d8e08
2023-04-01 09:50:47,False,1.073e-05,5.88e-10,45884335.0,0.2698,0x6c...cf67,https://etherscan.io/tx/0xecb035ad001be0def7c340e2f949ad1693aba5ce92793dad508024bb9807e988
2023-04-01 09:03:35,False,1.072e-05,5.886e-10,22318228.0,0.1313,0x3a...9484,https://etherscan.io/tx/0x8ec5b6a4a7fcca66acbcf8dedcf8a735e6995af8c63329fe0750ec95850b4615
2023-04-01 09:03:35,True,1.079e-05,5.924e-10,323294.0,0.0019,0x4f...7eca,https://etherscan.io/tx/0x0da01d4339ff13a7cbe3d6d7162b3e7a4cfad51a5c74fa5fbc282418c348dc6d
2023-04-01 08:54:59,False,1.072e-05,5.891e-10,33341840.0,0.1964,0xd9...6a80,https://etherscan.io/tx/0x11c1d0795a735f7ff942376c5396beea9871fbda78a96a71298cf89a88f66508
2023-04-01 08:41:23,False,1.071e-05,5.895e-10,6263652.0,0.0369,0x2f...2411,https://etherscan.io/tx/0x2dc0d8d5683b8e4137f7f7b365c3a5f45c9a1e516ebcb905d4b8052776c27ad9
2023-04-01 08:37:59,True,1.077e-05,5.931e-10,3372060.0,0.02,0x56...f4c0,https://etherscan.io/tx/0xf494c55b3d5e85116fc9b19b923a8e7fa3cd8d304d44703ae9df6b6a26876926
2023-04-01 08:34:59,True,1.077e-05,5.93e-10,163533.0,9.698e-05,0x14...fc34,https://etherscan.io/tx/0x36c3b08835599a8266967354780b86de5ec3865c4b1bf5d22c8a105e1cc4de7d
2023-04-01 08:31:11,False,1.072e-05,5.896e-10,9533427.0,0.0562,0xeb...ccaf,https://etherscan.io/tx/0x384f205b030010b89347d7f7bd835184573cbf2b9daa98cc5a31068b3a733e20
2023-04-01 08:29:47,False,1.075e-05,5.913e-10,184619450.0,1.09182,0x91...8081,https://etherscan.io/tx/0x522ddd82646408f5c7c1fdbc1a4b2789d67e61fc0b4eb83434adf8beb11fa3b7
2023-04-01 08:20:11,True,1.087e-05,5.966e-10,631320.0,0.0037,0x78...d993,https://etherscan.io/tx/0xe40787781621af99bb5e089475077c7348e65f914ad35d6e7c81ce99d57b828d
2023-04-01 08:19:35,False,1.083e-05,5.944e-10,154399108.0,0.9178,0x5c...d3e8,https://etherscan.io/tx/0xf38cb164f2ca4efd6d0ead21c8bc3dba3b7c26a2598b93ea5208ef0822205e47
2023-04-01 08:17:11,True,1.093e-05,5.993e-10,18215468.0,0.1091,0x96...78fe,https://etherscan.io/tx/0x88f04ae5c488e0c6014323575e73635f6627e423dfac6c2b2a693d2c77eaacf4
2023-04-01 08:15:11,True,1.092e-05,5.99e-10,8272944.0,0.0495,0x94...2db2,https://etherscan.io/tx/0x4dfc639aa02ec69407333236af861f343c0bf746d24f6284b28dae4226184216
2023-04-01 08:07:59,False,1.086e-05,5.955e-10,14602329.0,0.0869,0x4f...a0cf,https://etherscan.io/tx/0xc0777de46d7054fe73709e1bce07cdd4c5b63a193d2f962cc10593577a1d4e69
2023-04-01 08:04:59,True,1.093e-05,5.991e-10,16607390.0,0.0995,0xe0...4709,https://etherscan.io/tx/0xc7cee2604aea169c7ebdc8ebc1a784d295d4ddae40358a87ef7b071f39076bf7
2023-04-01 08:01:35,True,1.092e-05,5.987e-10,27415378.0,0.1641,0x56...da45,https://etherscan.io/tx/0xee57d9af65d63004d6603d9f4f1169321cbf0dbd8c333f3e4473e05ba89d7c40
2023-04-01 07:54:47,False,1.084e-05,5.949e-10,11567112.0,0.0688,0x9d...4fb1,https://etherscan.io/tx/0x61ed74f2c2da7e10b27490dc417029fee56d9ed698c2dbbd8c92c5e7bfbc9305
2023-04-01 07:38:11,False,1.084e-05,5.951e-10,3000000.0,0.0178,0xec...7645,https://etherscan.io/tx/0x9155bc2a2e91e852f2833e986a387aad1bd09cd54df73183eebc3cae63d66490
2023-04-01 07:30:35,False,1.084e-05,5.952e-10,12000000.0,0.0714,0x66...a3b4,https://etherscan.io/tx/0x860e2dcf218a17bdc2a36dd86266737f111b9b6e02f659e22f71230a2a0887d0
2023-04-01 07:24:35,True,1.092e-05,5.989e-10,4965252.0,0.0297,0x1d...7e3e,https://etherscan.io/tx/0xe0f79542e15536715a5f9073cc52907a7c7911861d324883bdc40992b43feb82
2023-04-01 07:00:35,False,1.087e-05,5.953e-10,8379278.0,0.0498,0xf2...a0bb,https://etherscan.io/tx/0xde382032cd9a08ee0883fff12803073c2cc9b564fcbef21408a06ed3dc8f8dfb
2023-04-01 07:00:23,False,1.088e-05,5.957e-10,31496050.0,0.1876,0x22...d3b3,https://etherscan.io/tx/0xc538bcec5750dec84745c879f4a62938599bb79e2f8c1648d764cc5c9ea2c1cc
2023-04-01 06:52:23,True,1.094e-05,5.983e-10,133698942.0,0.8,0xf2...2f20,https://etherscan.io/tx/0x7ec36765a5b849c3cce98dd6230adac6e40b4d5148b1c19e22764405b2e884d5
2023-04-01 06:50:35,False,1.086e-05,5.942e-10,80000000.0,0.4754,0xe1...b768,https://etherscan.io/tx/0x8a8bd1f1a5c8658cf162d83c87acad51d6e199199a1e812ce0a24f5bc1c05885
2023-04-01 06:50:35,False,1.087e-05,5.951e-10,11358873.0,0.0676,0x97...20df,https://etherscan.io/tx/0x0e154ea5afe2025833ca0e9905217be30c085cec4ec43d961cf30a50e9f28a9c
2023-04-01 06:40:35,True,1.093e-05,5.987e-10,8317538.0,0.0498,0xff...b915,https://etherscan.io/tx/0x9f9f8724f4af29db3ecca9bb44457ff56816fb03faf32fcd87dd5757b3b0b2ae
2023-04-01 06:33:35,False,1.086e-05,5.952e-10,21007173.0,0.125,0xa7...fbc0,https://etherscan.io/tx/0x77f9a1a042e0c52ca828538368f4e719653ba872a6bad5d8f352a21b07599bdb
2023-04-01 06:30:11,True,1.093e-05,5.99e-10,4139049.0,0.0247,0xf8...06c2,https://etherscan.io/tx/0xc01c929adee01b3029db8e52a4d0fe33bd7ec75f33767f8607bf6d7aa63416df
2023-04-01 06:26:11,True,1.092e-05,5.985e-10,46671748.0,0.2793,0x49...3941,https://etherscan.io/tx/0xdf1659a4d24137158dfca4f5c47fefded7bf6e8bd4e9f012cb372ddd976a4128
2023-04-01 06:17:23,True,1.091e-05,5.974e-10,74666732.0,0.446,0x26...560c,https://etherscan.io/tx/0x90f03ed50352e7fc594d90ccd61b2e4e733712653a802cb5bf5aa799ee4371b7
2023-04-01 06:12:59,True,1.089e-05,5.965e-10,13642081.0,0.0813,0x28...fbd1,https://etherscan.io/tx/0xe557332f4752a12ec7206e0a4e128b913ee80bab3edada9460651da7e5e9c5ec
2023-04-01 06:11:11,True,1.089e-05,5.963e-10,9972907.0,0.0594,0xa5...9ab2,https://etherscan.io/tx/0xd0ffad4cbc9479eba0ad59e8df0dcab2155dee372d3e3acdf09ad33daf42f5b6
2023-04-01 05:55:59,True,1.088e-05,5.957e-10,58031247.0,0.3457,0xe5...9c15,https://etherscan.io/tx/0x18536dbc517b208193202aa2c53fda8a8865f9d9a73e0cf5406d0cf588e4921f
2023-04-01 05:55:11,False,1.08e-05,5.917e-10,12962025.0,0.0767,0x7a...e308,https://etherscan.io/tx/0x0c6a0608d912a0e7e37df6135f2464124da2e5db42b42d2de53a48b9f1edaab0
2023-04-01 05:48:11,True,1.087e-05,5.954e-10,1604959.0,0.0095,0xf6...25b3,https://etherscan.io/tx/0x70aeef68cc5668dc47f525423ee6aea0fe3bd62905a4ee2357d854b848e78738
2023-04-01 05:43:35,True,1.086e-05,5.952e-10,13930724.0,0.0829,0x9d...33ed,https://etherscan.io/tx/0x3cb59e5d0d8cc1522ab77801f35093a02cd634c3f163ebc5a20940aa84ea2320
2023-04-01 05:34:59,True,1.087e-05,5.95e-10,15288011.0,0.0909,0x6a...a2b0,https://etherscan.io/tx/0x092fecfbfaf7247f656ca07cc37aff0487ab142029f735698a50e288b4bd2954
2023-04-01 05:23:35,False,1.08e-05,5.913e-10,2032597.0,0.012,0xbe...6c45,https://etherscan.io/tx/0x3ef6768244153dadb19cba2eb7f150968b7b683d4b6922fe0b24c05db9f9e7f5
2023-04-01 05:15:35,False,1.081e-05,5.914e-10,9776200.0,0.0578,0x85...d445,https://etherscan.io/tx/0x63a4bfb163229b3c6b5b5e241a41a3abc53768ad77f370f96a20e44ce15543e9
2023-04-01 05:02:23,True,1.088e-05,5.95e-10,911219.0,0.0054,0x08...0082,https://etherscan.io/tx/0x2e0594d3bd806286ff6f94f5b6f0c47c87af614e01594ef903310f83d1d5a03a
2023-04-01 04:46:23,False,1.08e-05,5.917e-10,25781394.0,0.1525,0x5e...85c2,https://etherscan.io/tx/0xa53eb19d3cef478dde8fbe4ff08b7fc4541b8fbe3057a6d7ca66186ceb73daed
2023-04-01 04:41:23,False,1.081e-05,5.92e-10,8170316.0,0.0483,0x40...ab23,https://etherscan.io/tx/0xab4d676879d6b87669f2e2874c1d66909e1971ec6eaba37dbe83309a80d19da4
2023-04-01 04:38:47,False,1.084e-05,5.932e-10,123853211.0,0.7347,0xcd...2af2,https://etherscan.io/tx/0xa325d5526839b302f09ddea930ac0603c7933203c66f51d3f2775608636ba37b
2023-04-01 04:38:47,False,1.086e-05,5.944e-10,5213351.0,0.0309,0x2a...86d6,https://etherscan.io/tx/0x6b05354baafb1c3c39c84d23a9c89f75d3b59feca7594880b98b960d84732e4a
2023-04-01 04:35:23,False,1.087e-05,5.948e-10,32572318.0,0.1937,0xa6...a79c,https://etherscan.io/tx/0x3d5228879941a98e136b5c90720f1c739ad8fbe3712d921f527527b85e6ba59b
2023-04-01 04:24:59,False,1.089e-05,5.951e-10,8078487.0,0.048,0xc9...01c8,https://etherscan.io/tx/0x29a6aadad3d89b460475b7369efb2b65e3a4714372393de1a31f099979708bd8
2023-04-01 04:13:59,True,1.096e-05,5.973e-10,160711823.0,0.96,0xd6...c4a5,https://etherscan.io/tx/0x0cdf6ea0fad4b80d13e177fa269ff87da8d7081919b0a7f8e9264315a775c62a
2023-04-01 04:12:23,True,1.093e-05,5.957e-10,9623386.0,0.0573,0x1f...92d3,https://etherscan.io/tx/0x58d665b22f702569a5f7531b4841b431b30f2d6945f141982269063eac4e2ce2
2023-04-01 04:05:47,False,1.089e-05,5.925e-10,45578142.0,0.27,0x6c...cf67,https://etherscan.io/tx/0xb84fe2764720ce5223717004dd56205209880f37f8aa556cf7a12b39d01f7833
2023-04-01 03:45:23,True,1.089e-05,5.963e-10,18282327.0,0.109,0xc5...db7f,https://etherscan.io/tx/0x668bf455ee188be29bcfb8b474510583f24d3549538c99bcddb0229a6f05bcf2
2023-04-01 03:36:47,False,1.083e-05,5.927e-10,15000000.0,0.0889,0x7f...96ce,https://etherscan.io/tx/0x4315d20053e3430f0c085f5576454d80f85fb47b6b4874d2dd1f8a415ee471db
2023-04-01 03:36:47,False,1.083e-05,5.929e-10,12693405.0,0.0752,0x98...0c3b,https://etherscan.io/tx/0x2876640465e93fc2037f024adda0c6678be141f0f9577ea85471577e0c505b53
2023-04-01 03:27:47,True,1.088e-05,5.962e-10,43671555.0,0.2604,0x6e...fe87,https://etherscan.io/tx/0x42414663d79b70287f426b9a3a56391972343a3074935f74541f11ab71270d16
2023-04-01 03:17:59,False,1.08e-05,5.925e-10,21838366.0,0.1293,0xd1...cd8c,https://etherscan.io/tx/0x1c0286d4287582ccce2299dbab840bb4c42962402bb92a1d0c93ffb7b7fecd1e
2023-04-01 02:48:23,True,1.085e-05,5.96e-10,23404234.0,0.1395,0x5b...8b01,https://etherscan.io/tx/0x652b927fba52b3a880a17c61339bbd204d0b860f83f1caf7af6a088fb0c3a58f
2023-04-01 02:42:35,False,1.079e-05,5.927e-10,50000000.0,0.2963,0x69...2f63,https://etherscan.io/tx/0x68b33ca660b52e5acb91fcdc0561cf2639c6dfe253484626f793d9b9c29388d0
2023-04-01 02:34:47,True,1.087e-05,5.965e-10,27043404.0,0.1613,0x82...c2be,https://etherscan.io/tx/0xe9f6cbe6edf95693ffd1e95b4f2f48cadee84dc3803ac0b2d244233229ed3808
2023-04-01 02:14:35,False,1.08e-05,5.928e-10,15000000.0,0.0889,0xb5...9508,https://etherscan.io/tx/0x8b85a0ada21a5a0d34e5ee2f606a7e42e99e77f49d699f91691b7eedbb48602d
2023-04-01 02:03:35,False,1.081e-05,5.93e-10,12976499.0,0.0769,0xc1...e8e8,https://etherscan.io/tx/0x650bb3686d9d9b259979c9c5faf7fb391e2893eaba0491bb712285dfcbca0c2c
2023-04-01 02:01:35,False,1.081e-05,5.932e-10,3896709.0,0.0231,0x28...d2f4,https://etherscan.io/tx/0x453b07d31f6c0b66002e5f4fc2bdfb1c603e62acbd62ee2fdd3e0815f9ac32ed
2023-04-01 02:00:11,False,1.081e-05,5.937e-10,48920811.0,0.2904,0x49...3941,https://etherscan.io/tx/0x5686d05ccdee0e6aa50801f5c62298ff028c73ab151e7ae1bb7ce2de9545f10b
2023-04-01 01:58:47,False,1.082e-05,5.941e-10,945371.0,0.0056,0x12...7f9e,https://etherscan.io/tx/0x6bec81ef6f4fef12d386dc41888a37d4f0c315938057de4239eda5173ef9a0d9
2023-04-01 01:46:59,False,1.083e-05,5.942e-10,1344241.0,0.0079,0x3e...0122,https://etherscan.io/tx/0xe7d17196fb2f8b2023f0560f8ebeb23c5cab545ce203738016531e0062fa64a8
2023-04-01 01:45:35,False,1.083e-05,5.942e-10,1450461.0,0.0086,0x55...f38b,https://etherscan.io/tx/0x722a1836083a16a5386b31413c32f9d5638da18b6ee97f57e2fe0e0493c03dd9
2023-04-01 01:42:35,False,1.083e-05,5.942e-10,1001574.0,0.0059,0x7f...54c7,https://etherscan.io/tx/0xf7ff2c254dbd4da1ad46f2007978148822358ccea67153f1158a88d5b5538ab7
2023-04-01 01:37:11,True,1.09e-05,5.978e-10,5679682.0,0.0339,0x8f...e7e2,https://etherscan.io/tx/0x50b8a4355c271a3758d3aba0c1db4fcd5f676afd55746b6d473c57018ea20ecb
2023-04-01 01:35:23,True,1.09e-05,5.976e-10,10780754.0,0.0644,0xe6...1683,https://etherscan.io/tx/0xa9bb485286af247a71750442609ef8879555be473af996aa7b9a7b6dcf76397a
2023-04-01 01:16:11,False,1.084e-05,5.94e-10,11356933.0,0.0674,0x23...e56d,https://etherscan.io/tx/0xd71a0225a280ad16897b8118050176c8906b80e087f2b31619bd81d5059ca672
2023-04-01 01:12:35,True,1.09e-05,5.976e-10,9287661.0,0.0555,0x4e...c2b4,https://etherscan.io/tx/0x476761645200b4257b10a520e9f3c89447cb51407dd014f5fc2abe5f491969dc
2023-04-01 01:08:35,True,1.09e-05,5.975e-10,3317672.0,0.0198,0x94...2db2,https://etherscan.io/tx/0xdc6d99bf21f586461f6971f14dca124dfa38656c47ad5d004b52e3e0d94c78f5
2023-04-01 01:06:47,True,1.09e-05,5.972e-10,34856292.0,0.2081,0x94...2db2,https://etherscan.io/tx/0x5e4416b2bda119654162cd574e5db2b865cd7d3c2736389277fc189e8ced7978
2023-04-01 00:56:47,True,1.09e-05,5.968e-10,44474.8,2.654e-05,0xc5...08af,https://etherscan.io/tx/0xd7de4c6767f5913c03eb3993bd7919532bf1689edac10c8a7ef58a396c2846aa
2023-04-01 00:33:23,True,1.09e-05,5.968e-10,3988924.0,0.0238,0x9a...cd2b,https://etherscan.io/tx/0x6dfd51fdaf7c2d64a748e8f1355c0257b616c206e9b895b019d98bac2d09077f
2023-04-01 00:32:59,True,1.085e-05,5.944e-10,257949332.0,1.53329,0x60...1df7,https://etherscan.io/tx/0x668e789e556579f9e9282f37bace722f8da3cab942e4641daf2af35d8e85686a
2023-04-01 00:32:23,False,1.078e-05,5.907e-10,250000000.0,1.47695,0xec...fa53,https://etherscan.io/tx/0xfb67f88424ab9f5d1184d8413cc9ce66e7761eec3fe8619b626d433ed5fe15a4
2023-04-01 00:19:23,False,1.082e-05,5.931e-10,4877178.0,0.0289,0x67...f734,https://etherscan.io/tx/0xbbcc86d39e05ab18108266a0fe2b7a68138d40009aa6ed366a23e36df026a52b
2023-04-01 00:03:47,True,1.087e-05,5.966e-10,11630014.0,0.0693,0x11...0af5,https://etherscan.io/tx/0x0afd590e89b1b39d03cd4c6f4061bbd76a379f22f5c090429538775e3a194e3b
2023-04-01 00:01:59,False,1.085e-05,5.951e-10,238001485.0,1.41645,0x91...8081,https://etherscan.io/tx/0xe2aeb809bd3e0453ca12714cba8f111dca3cb9b4040ac043902a7f5641a50ad8
2023-03-31 23:55:23,False,1.09e-05,5.975e-10,24869194.0,0.1486,0xcd...2af2,https://etherscan.io/tx/0x9e9168c3700b79d4b64e33f5f014d22f30f983c3110344029674f0b1f18e875c
2023-03-31 23:46:35,True,1.095e-05,5.998e-10,162792437.0,0.9765,0x49...1b16,https://etherscan.io/tx/0x074fc3725ed1d557d68f5680612e867ada3754ba3e9ea193cc317483aac1989d
2023-03-31 23:42:35,False,1.085e-05,5.95e-10,29194985.0,0.1737,0xce...05ff,https://etherscan.io/tx/0x7a530c955aafbe4c26ff716eaaeadbd79da33957e334cbd9e35eb519693e3bd1
2023-03-31 23:34:47,False,1.085e-05,5.954e-10,15682657.0,0.0933,0xdc...9192,https://etherscan.io/tx/0xaddbb44669fab157cbad5f0e8d1a8afdfa003c6fe2eaa25531582733259ef207
2023-03-31 23:29:59,False,1.085e-05,5.957e-10,18264126.0,0.1088,0xe9...7986,https://etherscan.io/tx/0x568840fe4466e27628e57068f82cf21eb766b7ba224bd018e2f61c49fa948311
2023-03-31 23:29:11,True,1.091e-05,5.992e-10,33084147.0,0.1982,0x68...d8da,https://etherscan.io/tx/0x902351f0ebb4beecd6b2b5a4abb563694e1818045ae47c0979de0f7c08478ada
2023-03-31 23:23:47,True,1.085e-05,5.965e-10,256931563.0,1.53267,0x06...44a1,https://etherscan.io/tx/0x5adc7faf7ecc4ffcc398d48c7356934880f7da7aad611da5f7dc1bca55b6d0fb
2023-03-31 23:11:23,True,1.08e-05,5.94e-10,13278958.0,0.0788,0xe8...cba9,https://etherscan.io/tx/0xeb3e412e1d7193caf80332072d08ddcd6109f3192853109c2770c4d1e5f17dbf
2023-03-31 23:09:35,True,1.079e-05,5.938e-10,8346242.0,0.0495,0xb3...016b,https://etherscan.io/tx/0x839a0bbaed1abfeaddcc59ef469768d65679729a82bfd99ea62d4ff07822cbdb
2023-03-31 23:08:23,True,1.078e-05,5.932e-10,58224353.0,0.3454,0xe8...cba9,https://etherscan.io/tx/0x95e54edbad272084cccb9b9b76dabb7fa362a945eb65e38d0ef54c70a264d9ee
2023-03-31 23:02:11,True,1.077e-05,5.926e-10,4089653.0,0.0242,0xe6...f79b,https://etherscan.io/tx/0x094d296928f7d4afc448d08b221c21323254811740d3a39f30d013eb7161f09d
2023-03-31 22:56:59,True,1.08e-05,5.925e-10,1003633.0,0.0059,0x8e...bf6f,https://etherscan.io/tx/0x499138a995a579172f632789754ac23d209d814ff3e423d40afcfd4983ed9326
2023-03-31 22:54:35,True,1.076e-05,5.904e-10,229341822.0,1.35423,0xff...e331,https://etherscan.io/tx/0x4daf93f26eb257aab1ed28a9bb14750beaa9f92d79223bcc8a9e318651240123
2023-03-31 22:45:59,True,1.073e-05,5.882e-10,13530696.0,0.0796,0xfc...e958,https://etherscan.io/tx/0xc9c80ebfb503f1417fb2a7c544de7fdd0a9740eb65db45a90771db89b341ef2e
2023-03-31 22:44:23,True,1.072e-05,5.88e-10,6742183.0,0.0396,0x8e...bf6f,https://etherscan.io/tx/0x31031b673934a85d64e0d036018a9966f3210ac0e8cdb6cb3cea28f2259ef4bc
2023-03-31 22:35:59,True,1.071e-05,5.879e-10,4462563.0,0.0262,0x1d...37e0,https://etherscan.io/tx/0xc77a87e934d649fd01df9e00fdf30e72559e3a8db530073c0b96ff9230fd2ba8
2023-03-31 22:34:47,True,1.07e-05,5.877e-10,24204121.0,0.1422,0x4c...56ba,https://etherscan.io/tx/0xf57708c24e9b8c419d56aec35b53c3f40f6a7881f8c579c036c4c39d51b396f0
2023-03-31 22:15:23,False,1.066e-05,5.84e-10,12008120.0,0.0701,0xd7...f487,https://etherscan.io/tx/0xb9acbb2c3187d4c47d6a31e09ba047f23b80053ca876bcc18ca8299ad05d4e63
2023-03-31 21:55:11,False,1.069e-05,5.843e-10,19736897.0,0.1153,0x62...04d6,https://etherscan.io/tx/0x8fc72b36dd8f0d1b744ecb4ad5fd71616d4588157a7701d66cfce5b5a0dd8cf8
2023-03-31 21:54:23,True,1.074e-05,5.88e-10,47973.2,2.821e-05,0xb9...b662,https://etherscan.io/tx/0xb139c45f8c42076a1bbbc03bd24dfeca5451baa7158e42269865408aa08c3584
2023-03-31 21:47:47,True,1.074e-05,5.879e-10,18710332.0,0.11,0x00...0906,https://etherscan.io/tx/0xd133570421cfbcd9b520666f6f99b2af068f66f618e0d4ac95b912b8d11a90ef
2023-03-31 21:47:11,True,1.075e-05,5.876e-10,9169648.0,0.0538,0x82...c2be,https://etherscan.io/tx/0xa458f3a590bc89cb1d07944e999c2ef47456666ec932c736d09944e7e22b4c1f
2023-03-31 21:45:47,True,1.074e-05,5.875e-10,4520544.0,0.0265,0xf8...06c2,https://etherscan.io/tx/0xeada84ad49c33b620161f900ee25614e09889b59ce95a67532e9fae57325a7e8
2023-03-31 21:39:59,False,1.068e-05,5.84e-10,9219557.0,0.0538,0x9c...0669,https://etherscan.io/tx/0xceecfa043177d29caf114ef17d0e41f1335d49feca1d7043062630ef6ffde47f
2023-03-31 21:32:11,True,1.07e-05,5.868e-10,87200156.0,0.5117,0x04...0cf7,https://etherscan.io/tx/0xdada336f3720605ad1210a940cd5cf9e74c4e88e086f3a11041c61935911bd75
2023-03-31 20:58:11,False,1.062e-05,5.825e-10,951718.0,0.0055,0x5f...6d4c,https://etherscan.io/tx/0xa577d76d1e45c2f059f00305e90b45e4cedc1664895b827e08ea4864f22424a3
2023-03-31 20:52:35,True,1.069e-05,5.857e-10,38595696.0,0.226,0x77...e74b,https://etherscan.io/tx/0x481d05bb051efb00246e373c6bec6de6d5e8639e8085bb9f0acc86261e92dd92
2023-03-31 20:40:59,True,1.066e-05,5.853e-10,4247193.0,0.0248,0x92...b896,https://etherscan.io/tx/0xa32176a786d2cc0ed09bbf255fdba5e478aad86e90b85b1b9cfc8382fb1a9928
2023-03-31 20:40:23,False,1.06e-05,5.818e-10,4409367.0,0.0256,0x19...71e0,https://etherscan.io/tx/0xf97876d31c25f124b14391abb9ed876fbfee92b681c2a101ee4a20314c036069
2023-03-31 20:32:23,True,1.067e-05,5.852e-10,19970536.0,0.1168,0x86...efe4,https://etherscan.io/tx/0xc3da5856e4e2765d0523b55a907f478c210e86f7f8762b2c83b181f238d98d8a
2023-03-31 20:26:11,False,1.06e-05,5.816e-10,12434229.0,0.0723,0xc6...bc06,https://etherscan.io/tx/0xc8a22d21997d2a6262d4b89aec7f16d198ff65ca5a02e4d77f66c20c11adf9a4
2023-03-31 20:19:47,False,1.06e-05,5.817e-10,2328856.0,0.0135,0x2d...a5f5,https://etherscan.io/tx/0xcbd0e0baae940f397f5d5ca588f34be1a06e3064e4d5534afeb0d0ece249d605
2023-03-31 20:03:59,False,1.061e-05,5.818e-10,10000000.0,0.0581,0x2d...6f8e,https://etherscan.io/tx/0x295dee14b8c2788ee48e6a87e97f68a064b85a3376e9d7c5519c7cb570042ed6
2023-03-31 20:02:59,False,1.062e-05,5.824e-10,52952703.0,0.3084,0x8e...2480,https://etherscan.io/tx/0xa8779297cf8730eade59b2a4a9a2622688b4b03d06674e1f1213644365ff6bd7
2023-03-31 19:58:11,True,1.053e-05,5.774e-10,1006217091.0,5.81073,0x04...f8b3,https://etherscan.io/tx/0x4df6d0a8421788b5e63d9832b1eca86005f7959b56583a42d968d607af7d8b2a
2023-03-31 19:58:11,False,1.045e-05,5.735e-10,953963453.0,5.47157,0x2a...93bc,https://etherscan.io/tx/0x49e04116d3e03dbcc80909bffa284709d732ebe4ddbc7fabc8eb502d4c0f59ed
2023-03-31 19:37:23,True,1.07e-05,5.854e-10,2839245.0,0.0166,0xf0...f2ab,https://etherscan.io/tx/0xb96fab938ef7f51783cc5b6134536061d261c382af0b94b89b5a41f38121ff5a
2023-03-31 19:34:35,False,1.064e-05,5.819e-10,11068157.0,0.0644,0x3c...754d,https://etherscan.io/tx/0x8c36b4bc553198e3eb6082539f94984a985a373b5a6683397304f4aa929aa282
2023-03-31 19:30:59,False,1.064e-05,5.822e-10,18427278.0,0.1072,0x1b...ea67,https://etherscan.io/tx/0x0e2b3704dbd8b6727cafe55571d82c0fd7d0c086e32c2ab2ef5f8107a17f9bf7
2023-03-31 19:16:47,False,1.065e-05,5.824e-10,8919509.0,0.0519,0x9d...f6b9,https://etherscan.io/tx/0x50b6d33d97c10352dcb23ee0590ff44981dbb5d6df48d2161b39a281f0d5d3a8
2023-03-31 19:01:35,True,1.071e-05,5.859e-10,16917474.0,0.0991,0x52...f2ce,https://etherscan.io/tx/0xd62ab40229c6edf1e4d31f96ad33697d90de70c4242f528d7a7c3920236a4077
2023-03-31 18:45:23,False,1.064e-05,5.831e-10,100606254.0,0.5867,0x52...5d91,https://etherscan.io/tx/0x10d3ffb8a1f23b5d27deead19e284bff9347ccdcbf8872b1302da50e6682d3c2
2023-03-31 18:41:47,False,1.066e-05,5.84e-10,1670523.0,0.0097,0xf0...bfc1,https://etherscan.io/tx/0xb88288ae7b120684e1efb061815b557b268e9626d707accf813765a5a3ae83d5
2023-03-31 18:37:47,True,1.068e-05,5.859e-10,188227337.0,1.10286,0x5c...d3e8,https://etherscan.io/tx/0xd96f374be64fee81f54eaa30479052e7e086d46ce6e1b1619a6ac915dcc21a1d
2023-03-31 18:33:35,True,1.065e-05,5.842e-10,2054054.0,0.012,0x09...4d80,https://etherscan.io/tx/0xea66af27ee4084f541343e0e50ee7e5a095b0ddbdc53a0acf117273d0b059a7c
2023-03-31 18:30:35,True,1.066e-05,5.841e-10,67871.6,3.965e-05,0x49...024a,https://etherscan.io/tx/0x38e17e7d56daa547046fb7b70d4e24c252dc876831bcfbe7da385d4478167d62
2023-03-31 18:22:11,True,1.068e-05,5.84e-10,17122204.0,0.1,0xc6...004f,https://etherscan.io/tx/0x9006e8b08a4e6667283df6cd9656c644bcca63a5d2a980fd0341e81e073bdb45
2023-03-31 18:07:23,False,1.063e-05,5.805e-10,14127318.0,0.082,0xc6...bc06,https://etherscan.io/tx/0x7c702cefea87f6fc0bf7c791a6cae8d428119b81e5af5a50cef95662bf624a6e
2023-03-31 17:45:59,True,1.067e-05,5.84e-10,5087396.0,0.0297,0x53...5a0e,https://etherscan.io/tx/0x4b610cee9acbf4c259efef2e93b324f9a3e8a0374314ad60c9d1a2bfa5bd61ac
2023-03-31 17:41:59,False,1.063e-05,5.814e-10,98146730.0,0.5706,0xba...7b82,https://etherscan.io/tx/0x768c371ae23a955d78800c3d16bc513f0130d2ef46957b79c0812f845015af53
2023-03-31 17:20:47,True,1.071e-05,5.857e-10,8811202.0,0.0516,0xa5...15ed,https://etherscan.io/tx/0xa0416b629c8e6e620ee27e8cdeebc67442eeb75107579bd3df32fa09f7fa233c
2023-03-31 17:04:59,False,1.071e-05,5.823e-10,26668897.0,0.1553,0xed...e814,https://etherscan.io/tx/0xf93440bc10068ec8983c86664f8a9a3b5048fbca5990e9c4a69a28008183fc62
2023-03-31 16:58:35,True,1.077e-05,5.861e-10,405634.0,0.0023,0x37...6573,https://etherscan.io/tx/0x40d49e33f4c215fdd20649a35dafddb207305f19cc6a903be110fbd59a059968
2023-03-31 16:57:35,True,1.077e-05,5.86e-10,5026742.0,0.0294,0x37...6573,https://etherscan.io/tx/0x48d1ddc2c060b3129e6a8a2ff448523a0578a4ad1d0eb6fdc0c8ec8525e3cd79
2023-03-31 16:43:11,False,1.074e-05,5.831e-10,69502831.0,0.4053,0xa3...d1a2,https://etherscan.io/tx/0xcf11c561083ea59766bb5e5ce95f2088493b2105a71bccfab448dbb90d8b2f90
2023-03-31 16:23:59,False,1.075e-05,5.838e-10,11662577.0,0.068,0xa5...3f25,https://etherscan.io/tx/0x0cb688152d452b4c6d1776df22b13fbfc1e660c0eafc766d36f81ba8cce8602a
2023-03-31 16:17:35,False,1.069e-05,5.84e-10,8391543.0,0.049,0x5c...f6a0,https://etherscan.io/tx/0xbe48e65bbaa830dc686d6a40a3ebd486941ff62a99035f8507d86d46cc85e905
2023-03-31 15:57:23,True,1.074e-05,5.873e-10,27038481.0,0.1588,0x85...e83f,https://etherscan.io/tx/0x5d6dfc78f7541e8bb32b7b029702aff9cbf432402c49058378638f99450c87d2
2023-03-31 15:55:11,True,1.073e-05,5.87e-10,15195994.0,0.0892,0xf9...d127,https://etherscan.io/tx/0xf358e9abfc7edca1c62d3314d28e3ef2edcd33b38549d62a007162aea098e3f0
2023-03-31 15:51:47,False,1.066e-05,5.834e-10,4437869.0,0.0258,0xb4...4b84,https://etherscan.io/tx/0xd19d377e1864026d597562af17c1ac9fecdaf3b396ea59b6fd1d9843266ed2f6
2023-03-31 15:41:59,False,1.07e-05,5.843e-10,96363039.0,0.563,0xc3...5bb7,https://etherscan.io/tx/0x90f6ec8a51dc61826958dd57f628cf57072c472104fcea5e3cd4810ffce9af0c
2023-03-31 15:39:59,True,1.077e-05,5.886e-10,3738258.0,0.022,0xd2...1ef3,https://etherscan.io/tx/0x8e94bbbb737b5e70ab6d7bc0e279337c5ac2351d5c2848b6bd470f0d903faca7
2023-03-31 15:36:35,True,1.079e-05,5.883e-10,33995076.0,0.2,0xc6...f054,https://etherscan.io/tx/0x2e3ed0b236e507d96748bc9df516908e31b8bf148c452aaf9aca3025cdddaa6d
2023-03-31 15:34:11,False,1.067e-05,5.845e-10,5613024.0,0.0328,0xc9...5e29,https://etherscan.io/tx/0x6cb5cb0d9ff2caf759cb66c5bb0121e6c89d11293fe02fa9cd7d8b1359e39732
2023-03-31 15:31:23,False,1.068e-05,5.862e-10,188109355.0,1.10286,0x5c...d3e8,https://etherscan.io/tx/0x69bcbb1b5b9a1c9e5edd66da05867fe25ca840946da927ab3a2df07a8d2256e2
2023-03-31 15:29:59,True,1.076e-05,5.915e-10,393736.0,0.0023,0x77...63cc,https://etherscan.io/tx/0x5e83598c0ff931d1af880e2ecfa0591c4b79592419f17b86109734ff288d3b8a
2023-03-31 15:28:23,False,1.069e-05,5.88e-10,6307154.0,0.037,0x1b...ea67,https://etherscan.io/tx/0xc914e45672999cbaec5d9da4e3c6ebe7ef301e96a0ebc53624c2a2e27db8476c
2023-03-31 15:18:59,True,1.072e-05,5.915e-10,7994987.0,0.0473,0x74...132a,https://etherscan.io/tx/0x0a38dea1917c7bf6f43b58eceec40cbeb6eb4dd833ceaee861556bbea2f76b32
2023-03-31 15:15:35,False,1.063e-05,5.88e-10,13415811.0,0.0788,0xcf...116f,https://etherscan.io/tx/0x9ca5f7a6b52f6fc58af6681b65f95cb489e25148adad1e206ae2140f1132c0ea
2023-03-31 15:14:11,False,1.063e-05,5.882e-10,2764077.0,0.0162,0x07...efa7,https://etherscan.io/tx/0x44d04cdd80408b7d70ef5e9dc7704ed449111b42177cb9a239064950b05275b3
2023-03-31 15:10:59,True,1.068e-05,5.908e-10,105701485.0,0.6245,0x85...e83f,https://etherscan.io/tx/0x0b3ad7a6b432280c8b5b2030546a62a5c176c40ab122c08af93de5aafa8414bb
2023-03-31 15:06:35,False,1.058e-05,5.863e-10,551545.0,0.0032,0x65...18e9,https://etherscan.io/tx/0xa314040a34ec805d8ee9989aa674173e0b69f389ebed4d674a9e17ea1bc746f6
2023-03-31 14:49:59,False,1.058e-05,5.864e-10,10000000.0,0.0586,0x16...7073,https://etherscan.io/tx/0x26ad222cfb0aee06187ee63c8506c4a8d05aadf8f58082aeca23731f682c0a64
2023-03-31 14:42:59,True,1.068e-05,5.9e-10,2446097.0,0.0144,0x7d...9eb9,https://etherscan.io/tx/0x9a4a59f6a3ba80d1b47c3b3e05d95f7ba165aa04d7ea8ee92d30a2ad646dc5e7
2023-03-31 14:36:59,True,1.065e-05,5.898e-10,20958542.0,0.1236,0xb5...7cf5,https://etherscan.io/tx/0xaa3712735fdfe0cea6e7c10a1a229019dd70516db8f488d1eb01b09129961c48
2023-03-31 14:35:59,True,1.064e-05,5.894e-10,21530508.0,0.1269,0x37...6573,https://etherscan.io/tx/0x55e7a21da2b90427f776c07381eea7e3ccb42bc5a6241cbc21be28c979834385
2023-03-31 14:27:23,True,1.056e-05,5.892e-10,1356268.0,0.0079,0x1c...0385,https://etherscan.io/tx/0x807f135be9c84a702cc7f0448b02636f60ea4e12b7caaa457ef36873b9de4c0c
2023-03-31 14:25:23,False,1.05e-05,5.858e-10,18719198.0,0.1096,0x6c...cf67,https://etherscan.io/tx/0x449e9140534398e5ca002ff263177522abf18a485a73883783ed9aa5f4003877
2023-03-31 14:23:59,False,1.05e-05,5.86e-10,9359599.0,0.0548,0x6c...cf67,https://etherscan.io/tx/0xfcbcb13eb2a39c14ea542338d69ae8a6bb99a253831625e6b891ee331f23dd58
2023-03-31 14:16:35,False,1.051e-05,5.863e-10,21925005.0,0.1285,0xdd...783d,https://etherscan.io/tx/0xc14dee9513bb33238baa66ee35192629ddbb3500840bcd6876de1da4feff65bd
2023-03-31 14:15:47,False,1.052e-05,5.866e-10,9359156.0,0.0549,0x6c...cf67,https://etherscan.io/tx/0xbf77e93da03bddadc693df3a0d2aa26461cdd61ed1e7723b368606834a6f5069
2023-03-31 14:12:11,False,1.052e-05,5.868e-10,9358747.0,0.0549,0x6c...cf67,https://etherscan.io/tx/0x64cf271f2c8a3907aa3593083621a6a5592bb9044e0a83942c0f2dace3e3ca9d
2023-03-31 14:11:23,True,1.058e-05,5.903e-10,9689971.0,0.0572,0x92...f15d,https://etherscan.io/tx/0x3d336d8923824f5c88cc3f992443a7c6d819ca2baf932c37abd54caa14c41ad7
2023-03-31 14:04:47,False,1.052e-05,5.868e-10,15851092.0,0.093,0xc6...fed0,https://etherscan.io/tx/0x27fcc1f62be793d26f60c2779fdb6b1c2e5692ba485a3066271195309848d377
2023-03-31 14:01:23,False,1.052e-05,5.871e-10,8540606.0,0.0501,0x83...6d6b,https://etherscan.io/tx/0x1b9526a9142325976dafe1c8650ba6b1d0e70e7e331d5ff2e6a26af8160d68eb
2023-03-31 13:40:23,True,1.058e-05,5.907e-10,1258552.0,0.0074,0x06...a33b,https://etherscan.io/tx/0x08a16e081d4b0bb7b2c5f62cbe9277036d57c9387b7a9cd50937e20797eed5e1
2023-03-31 13:33:23,False,1.051e-05,5.871e-10,3265812.0,0.0191,0x34...341c,https://etherscan.io/tx/0xa2287e76de0ea5131d7cb98b9fe9452d2849c7e79c3cccfe0c888d6e56db7d1c
2023-03-31 13:05:59,True,1.058e-05,5.903e-10,49032748.0,0.2894,0x07...6542,https://etherscan.io/tx/0xddf0eb32be6a212aa198ea100f5aa776cfea1979144272ecbecf92ceebf70a49
2023-03-31 13:05:11,False,1.051e-05,5.863e-10,4115451.0,0.0241,0xc7...ebac,https://etherscan.io/tx/0xd4480771bc1f575b6985cf54c585b97528e8e7126bae2b3a98e3edae8675d193
2023-03-31 13:03:47,True,1.057e-05,5.898e-10,6272463.0,0.037,0x91...e8df,https://etherscan.io/tx/0x7ddd9e05f8f709bafee184eef7e17b33540018ac21b06851ccb12694b65efa30
2023-03-31 13:02:11,False,1.051e-05,5.863e-10,11137275.0,0.0653,0x3b...5a8a,https://etherscan.io/tx/0x74a40e8da67c9e55211be1b4ba9e06856ec0a83cfa1a05d1eb6bcb3a16ea94b2
2023-03-31 13:01:59,False,1.051e-05,5.865e-10,9000000.0,0.0527,0x52...9671,https://etherscan.io/tx/0x64dc7e519932c655a970a31eb7150ffb6c6b1ea78ad170e448febe5e3ecea03d
2023-03-31 12:59:11,False,1.052e-05,5.87e-10,49123746.0,0.2884,0x43...83e4,https://etherscan.io/tx/0xb2e38a75ed260322e8b00396d42bc69b3c60c67beed0531be8c73a663f146506
2023-03-31 12:50:35,True,1.06e-05,5.909e-10,9392612.0,0.0555,0x03...c411,https://etherscan.io/tx/0x1d0cead3dd55785ffa13ef4bff921b2f19e3ff5d1639d2dbfcba47cebc57b839
2023-03-31 12:49:23,False,1.052e-05,5.866e-10,47497692.0,0.2786,0xd0...7ebc,https://etherscan.io/tx/0x736e792c6dee5b84c1d6f27e3e94ad35da26ca1d6c37080fed02b154ee47953e
2023-03-31 12:45:35,True,1.062e-05,5.917e-10,1411013.0,0.0083,0xdd...3881,https://etherscan.io/tx/0x7561f395d6f837c6692e0595e79e618f0fa9ca5dca73e7bfa1e2d5a12178cf47
2023-03-31 12:35:23,True,1.064e-05,5.917e-10,2680298.0,0.0158,0x32...4a8d,https://etherscan.io/tx/0xdc1851d33f6676b37abdf0a7154afefa4b6158cd992cb7f1b7efa35733d1126b
2023-03-31 12:32:59,True,1.06e-05,5.905e-10,128699281.0,0.76,0x43...881c,https://etherscan.io/tx/0x2584a63fe02d70c8524afafca5c55b2901ac8315d7dd3f10aceb0ee2852463d2
2023-03-31 12:28:11,True,1.058e-05,5.893e-10,84096.6,4.956e-05,0xb4...d792,https://etherscan.io/tx/0x4ba84d8829bf106dc89d156093b99b294f9dd670c33e4bae117d123836ebf389
2023-03-31 12:27:11,False,1.051e-05,5.861e-10,33844076.0,0.1983,0x6a...55ed,https://etherscan.io/tx/0x4fee2212bac792c2a7df5c1194646abe98a3d3cbd67cbc45b169e43c5dcc8904
2023-03-31 12:25:47,True,1.058e-05,5.898e-10,16954584.0,0.1,0x43...881c,https://etherscan.io/tx/0xf65e2ab39de0be0bbc1095ffe3581431e27271c82c0abc8100b9b13aea15b763
2023-03-31 12:14:59,False,1.049e-05,5.864e-10,35936272.0,0.2107,0xb4...86f4,https://etherscan.io/tx/0xfcca94167ca1cbb7331bbeaa7cc230d32e772c8c4d883a703614049492e3f450
2023-03-31 12:13:23,True,1.056e-05,5.902e-10,2480225.0,0.0146,0x14...fc34,https://etherscan.io/tx/0x88414b2fe622b271004d3aea7a1d55ebfc0611f2a313bf6e29a7af299f58a569
2023-03-31 12:06:35,True,1.055e-05,5.899e-10,35285224.0,0.2081,0x94...2db2,https://etherscan.io/tx/0x554a911f78576b79ab6d539163c8c864f34b0d6faa49380cf53102304a031c08
2023-03-31 12:05:35,True,1.055e-05,5.895e-10,3362501.0,0.0198,0x94...2db2,https://etherscan.io/tx/0xdc09d8c6e794e2f8aa9b3c7d2e7317ad660f3d86f29ad44344a4ef7f4a6d9333
2023-03-31 12:03:59,False,1.048e-05,5.86e-10,6380157.0,0.0373,0x45...b118,https://etherscan.io/tx/0xe9c5809fa014e7d8f67d8de12f13a146288f51f66e37e9fda786e88011f9fb75
2023-03-31 12:01:35,False,1.048e-05,5.861e-10,2818729.0,0.0165,0x8c...fcd8,https://etherscan.io/tx/0xc638f55885ff30a5c4f545a9a05cb025b5061727b0f3e817f1248e529f63b868
2023-03-31 11:54:23,False,1.049e-05,5.865e-10,37899400.0,0.2222,0x27...2fa1,https://etherscan.io/tx/0x814d0c4e40e2659ad3da07d3ba92684c12bb0e5b6dc44fcd7681cbfa94fd7767
2023-03-31 11:33:11,True,1.057e-05,5.903e-10,9357849.0,0.0552,0x26...c8ea,https://etherscan.io/tx/0x6609773200dc7c65e515dba5a3bda9e762867f75f730c3635baa63507ae2deba
2023-03-31 11:32:59,True,1.056e-05,5.902e-10,47814.7,2.822e-05,0x8c...97ff,https://etherscan.io/tx/0xea171eb7c928212eaa0468bd85d719599850ed34d6cfdd8eb4fd8f4552c99788
2023-03-31 11:32:11,True,1.056e-05,5.899e-10,27835332.0,0.1642,0x64...24f3,https://etherscan.io/tx/0x8aa4b5965a99d58efd7b78bd2b8b2a195c11a6da4dcf54f2e576fb5c673cb1d7
2023-03-31 11:26:47,True,1.056e-05,5.896e-10,7021563.0,0.0414,0xa9...c3d9,https://etherscan.io/tx/0x281f9ad7c558f2305d1e8ddcd595e8af82c4c76553be3605dc4be70069be0af0
2023-03-31 11:25:35,True,1.056e-05,5.895e-10,5000000.0,0.0294,0xe5...9726,https://etherscan.io/tx/0x49d2cf4757ac00a0b41d2ee63a36a8c1adb2f4443625e7b64e0615b2d91ac05c
2023-03-31 11:24:59,False,1.049e-05,5.861e-10,13940465.0,0.0817,0xc6...bc06,https://etherscan.io/tx/0x1b76f89fcfbbcb661b4c06f5127ce820df9c5c311ebe5edcf18aa2a3d9189d0c
2023-03-31 11:21:35,False,1.052e-05,5.867e-10,58931564.0,0.3457,0x49...1b16,https://etherscan.io/tx/0x7317ff20bd64efdc9b25ffe5c7f6b07d2be69bd34b86213529a55db14ebdca97
2023-03-31 10:54:23,False,1.051e-05,5.873e-10,3750394.0,0.022,0xf3...494a,https://etherscan.io/tx/0x77ba2aa1f9c9e424bc402d4f31534d6d9a6eab48ba7c65d2fbc84a6d979bd699
2023-03-31 10:26:35,True,1.059e-05,5.908e-10,6710676.0,0.0396,0x9d...3cc1,https://etherscan.io/tx/0x9754d9b062b3a39e9b4fe388aeba0ca6c88be4e88fc627cb3e08ac72a9a8749c
2023-03-31 10:14:23,False,1.055e-05,5.874e-10,25740000.0,0.1512,0x36...b7d6,https://etherscan.io/tx/0x394ea1726bb9b8e820ef280c8e1ee7168a2d4995f0b702f7b8ece7a4571dae52
2023-03-31 10:01:35,True,1.06e-05,5.907e-10,55571596.0,0.3282,0x49...1b16,https://etherscan.io/tx/0x29a5a5192d68490b3ab8de417ceed3d4d3becba8939b45a4cfa5b31670b69f8b
2023-03-31 09:56:59,True,1.058e-05,5.901e-10,4819510.0,0.0284,0xe4...b6ed,https://etherscan.io/tx/0x5cd39d077b0171e689b5e673e9d02106275d4c9b72cdf9da1e05c050739fc26b
2023-03-31 09:06:23,True,1.06e-05,5.901e-10,3359462.0,0.0198,0x47...2744,https://etherscan.io/tx/0xefc46a0b04608a982b97fd1cb87cac09846e6c27dcdeb33e85e756919a4668e2
2023-03-31 09:02:59,True,1.06e-05,5.9e-10,3646554.0,0.0215,0x47...2744,https://etherscan.io/tx/0x86d13ba9cea9d1b243ad854763212e86e128cd83cef80f5d4f67c8c1e89c7714
2023-03-31 08:57:47,False,1.055e-05,5.869e-10,49419042.0,0.29,0xd8...6933,https://etherscan.io/tx/0x9d3ef3dec2a30fa586706921b2133746764b54141741aa654bd6a1b731eab97e
2023-03-31 08:57:23,True,1.062e-05,5.909e-10,2021975.0,0.0119,0x49...33cf,https://etherscan.io/tx/0xcfef81758b52687afe9f591bde26aadbec7b4c71b900f075b7e463233c9f22b2
2023-03-31 08:32:47,False,1.056e-05,5.875e-10,19830000.0,0.1165,0x25...f5c4,https://etherscan.io/tx/0xa01149ecde278b3f4a1de0b0c8f8e46d556a1e9f9008f7dd8c78fe93a2e2f93f
2023-03-31 08:25:23,False,1.056e-05,5.879e-10,25886463.0,0.1522,0xd9...991f,https://etherscan.io/tx/0x6fdaee6fc96cdd03504b462c02980f7bcdd232c07ecfd02e7e6191faf948d703
2023-03-31 08:15:11,True,1.062e-05,5.915e-10,16756295.0,0.0991,0xe5...10ef,https://etherscan.io/tx/0xc161d41278ed1e398dfb5998c3027a8fd94439c153736e2f6e0d6d6ac0ccb08b
2023-03-31 08:11:11,True,1.061e-05,5.905e-10,94013060.0,0.5552,0xa6...f4e6,https://etherscan.io/tx/0x28a6d044449e11de74c7ed830984134acad425053e244e02a3ccaf272204c7b6
2023-03-31 07:41:59,True,1.063e-05,5.896e-10,4641195.0,0.0273,0x59...0386,https://etherscan.io/tx/0xcd9c48205f984c38d70ac6ec25311d8672527d442cc1091d36b3c205f7bbde58
2023-03-31 07:32:47,False,1.057e-05,5.862e-10,22666074.0,0.1328,0x95...4f53,https://etherscan.io/tx/0x1c3e7cdf6562f650728c3e7af34f04e01a81888dee3e27f2eaa31f69cae878a6
2023-03-31 07:21:59,False,1.057e-05,5.865e-10,4847529.0,0.0284,0x3d...6c16,https://etherscan.io/tx/0x05cd7b54fe3a2be95871cd76bab0849a1dd6f0d14975a032b34c587a96eaaf60
2023-03-31 07:19:59,True,1.064e-05,5.9e-10,6988538.0,0.0412,0x32...3284,https://etherscan.io/tx/0x59a9b095acceb235b7bcfb3404f1c00239841e1565e96fe87e0c6f5be1156069
2023-03-31 07:19:11,False,1.057e-05,5.865e-10,10340858.0,0.0606,0xbb...3fc7,https://etherscan.io/tx/0x2d77b28fe4ae32770c0b9ea8f06dc086826ea85d270f41ec7019a550b60f38d7
2023-03-31 07:07:59,False,1.058e-05,5.867e-10,14869876.0,0.0872,0x24...21ad,https://etherscan.io/tx/0x8349d99bfb37636bef8c9f851c623574b9dfde91744145c6707dc293cdb01a81
2023-03-31 06:44:59,True,1.064e-05,5.902e-10,26317148.0,0.1553,0xe6...7d70,https://etherscan.io/tx/0xfee3bcd5d9e40709bebd17b4860b846accf9805b2b7c564b6d86f60caececba2
2023-03-31 06:36:23,True,1.062e-05,5.899e-10,132534.0,7.819e-05,0xd1...3658,https://etherscan.io/tx/0xd292d82d4dbf12010d9e434276aa05152c1031ad9af540f5e1b57479820adb2d
2023-03-31 06:21:23,False,1.056e-05,5.864e-10,4092764.0,0.024,0xc6...fed0,https://etherscan.io/tx/0xf86bec9ffc82b1d6fb08e1500c05cfec4d76a77bac787013f7d557484f0a294e
2023-03-31 06:17:59,False,1.056e-05,5.868e-10,37234585.0,0.2185,0xa4...ed25,https://etherscan.io/tx/0x01da79415795d5a96d5cf9c1d34989bb96877175fb55ff383ef570fd6889ab3c
2023-03-31 06:09:59,False,1.057e-05,5.872e-10,3023988.0,0.0177,0x44...aa3a,https://etherscan.io/tx/0xe6c16d08e27e6a9581eed38449b8c73e4e95d669f7fffbc283c66ab4317a3e96
2023-03-31 06:09:35,False,1.058e-05,5.873e-10,17884411.0,0.105,0xab...aca4,https://etherscan.io/tx/0xf6fdfa1a0d1ad38bba625ed3e8c8d5427d03bb0fe6b88b45a9e371ee062edc3d
2023-03-31 06:06:11,False,1.059e-05,5.876e-10,8742144.0,0.0513,0x95...412c,https://etherscan.io/tx/0xcb7a556a21c87f39d238ebf07a66aebff902298650b4f95e4ab9e460a62b9f9f
2023-03-31 05:56:23,False,1.06e-05,5.877e-10,7302379.0,0.0429,0x82...6d46,https://etherscan.io/tx/0x18048ecf5e3de690a3c291f5c5b8c29e5dd5aed7ad1ed66c52ee001fedbdcad6
2023-03-31 05:51:47,False,1.06e-05,5.878e-10,3341102.0,0.0196,0x0e...11cd,https://etherscan.io/tx/0xe48bbf198434c7702c22a5f4e7e8ca2c85f9ca4a290864b81acc90f6590e4e13
2023-03-31 05:45:59,False,1.061e-05,5.879e-10,2000552.0,0.0117,0x4a...c5d6,https://etherscan.io/tx/0xafefce0ec471a71bef71453dc169aa3b86c73328c285981db6c9a1e52ba92cc5
2023-03-31 05:33:23,False,1.062e-05,5.882e-10,31498117.0,0.1852,0x43...83af,https://etherscan.io/tx/0xc43cf4cf3a718336318ea4f26b635a243a60fd5f332e1ba95224a6d50c02e54a
2023-03-31 05:25:59,False,1.061e-05,5.885e-10,5000000.0,0.0294,0x2f...1210,https://etherscan.io/tx/0x1f294684685b4eb8955162272dbac297126a53216108908ad99b561615e0079a
2023-03-31 04:50:11,True,1.068e-05,5.919e-10,18549399.0,0.1098,0x5d...2fd0,https://etherscan.io/tx/0xea3133ac8efdcec56b82a7df60dbfa02d257dfba45d4c27346aa5530d089d628
2023-03-31 04:39:35,False,1.061e-05,5.883e-10,13998554.0,0.0823,0x21...5370,https://etherscan.io/tx/0x98118bb3151a90ea6d133065940e177fd4c58d30a2238db3a3fa081306657b05
2023-03-31 04:38:59,False,1.061e-05,5.886e-10,13461584.0,0.0792,0x13...b2d9,https://etherscan.io/tx/0x2b84ef7423d6535ce485a9d34ab30942345bc42a3b9a530cd32d32662b2b328e
2023-03-31 04:37:59,False,1.062e-05,5.89e-10,28387429.0,0.1672,0x9d...f6b9,https://etherscan.io/tx/0x21b5d17ba658edfa9bc3f6d03d6886371abc4e0f80f17fe91ec375bacf48d421
2023-03-31 04:27:59,True,1.067e-05,5.922e-10,65355896.0,0.387,0xfe...409f,https://etherscan.io/tx/0x9269f1feedf83005d2951cbd931f7f19a6285fde4b480b48dff759024bec83b7
2023-03-31 04:15:35,True,1.065e-05,5.915e-10,8435351.0,0.0499,0xba...c93a,https://etherscan.io/tx/0x4757a4608fc1e052e70b2572243d32c8c5ac411aec0423953c70dba602f19471
2023-03-31 04:14:23,False,1.059e-05,5.879e-10,5786127.0,0.034,0xdc...2983,https://etherscan.io/tx/0x9cefb4382d1da67bc2a754f9cb1e88ec7510633a3ff9a45e46289ad41e6355b3
2023-03-31 04:13:59,True,1.065e-05,5.912e-10,35761721.0,0.2114,0x78...bd1e,https://etherscan.io/tx/0x0e2ff5c570d6b10c9f4b567f61f773e425bba768731d2d49f891df49e74d9567
2023-03-31 04:11:23,True,1.065e-05,5.908e-10,10066161.0,0.0594,0x7f...96ce,https://etherscan.io/tx/0x3b3d821a0c03dca1992d8b88493d3e835fb043f5fadaa3b538a776743caa9571
2023-03-31 04:11:11,True,1.064e-05,5.906e-10,11747814.0,0.0693,0x49...aa41,https://etherscan.io/tx/0xc0158bca707e2ca7c7dc062f4a7c4489636dbbbc95894f9135955e8aee37e282
2023-03-31 04:00:23,False,1.058e-05,5.874e-10,55171406.0,0.3241,0x50...81c9,https://etherscan.io/tx/0x4bce1fc3675093c4381fe7bc7e2c3b3086a60faf2b21897c1813c0c3eb1ad223
2023-03-31 04:00:23,True,1.065e-05,5.91e-10,51510668.0,0.3044,0x50...81c9,https://etherscan.io/tx/0xfdf18aa693bc06ef26aca634286df5ba160c9df20dd05f4d5ff5421c57cef275
2023-03-31 03:59:23,False,1.058e-05,5.87e-10,1163713.0,0.0068,0x6c...c6b0,https://etherscan.io/tx/0xba1336452da5ae12f9cd31aa77abd359c245a18bf825a207c9a1929518effab9
2023-03-31 03:55:35,True,1.062e-05,5.897e-10,96594579.0,0.5696,0x76...7d5e,https://etherscan.io/tx/0xd8ca6a8f98d45f9baa13a056ca2ff4a47061a08c49f68d7a3f379cb1f7d62f3d
2023-03-31 03:53:35,False,1.055e-05,5.853e-10,7361992.0,0.0431,0xc0...31ce,https://etherscan.io/tx/0xda70be2943d1b45e6e44fccf94adff806ecdf8f6b6f7fad0728f4deccf72e427
2023-03-31 03:40:11,False,1.059e-05,5.872e-10,198100000.0,1.16336,0xa3...91bc,https://etherscan.io/tx/0x80759bff86f3fb80db07a49bbcc0eeba098cd2d1fe48699ac117470c8a2d22ad
2023-03-31 03:37:23,False,1.065e-05,5.895e-10,55628995.0,0.3279,0x49...1b16,https://etherscan.io/tx/0x6ad12bf82ad973d31f502e91d1530c71ced0aebda30ff8ce1420d0941b1f943d
2023-03-31 03:34:47,True,1.065e-05,5.897e-10,421707563.0,2.48707,0x7c...616a,https://etherscan.io/tx/0x75049b238fd338f8bdf969ea3c5894c44cf00746ff211f17fe4ffff653c08a7e
2023-03-31 03:23:23,False,1.056e-05,5.83e-10,68223291.0,0.3977,0x4f...b91d,https://etherscan.io/tx/0x95f982969a01cb783a0e4a0e4ca6d83e8103386e74c072515a2a007574782f28
2023-03-31 03:21:35,False,1.057e-05,5.836e-10,2366302.0,0.0138,0xd4...da24,https://etherscan.io/tx/0x8f2764c5c58ed993de9484905fc656476cc63a321c900d06328f7cc4e800ff35
2023-03-31 03:15:23,False,1.059e-05,5.843e-10,74477834.0,0.4352,0x4f...b91d,https://etherscan.io/tx/0xe35ba87b6a8be0a5760c49ed75de489f8063ada7dc5c48139166c866284ce82e
2023-03-31 03:03:59,True,1.066e-05,5.884e-10,16846433.0,0.0991,0xf2...eef2,https://etherscan.io/tx/0xb3a6616b01603623170bb9c4ed233f882fe93f9ae37bfa9590fd9948cf6a7aa0
2023-03-31 03:03:47,False,1.059e-05,5.847e-10,6404349.0,0.0374,0xc6...fed0,https://etherscan.io/tx/0x0bf605215a4f1696796cbfcedfaa86f5f012aa45579392cf47e6ae62af4ff2dd
2023-03-31 02:54:47,False,1.057e-05,5.857e-10,106104885.0,0.6215,0xea...33d3,https://etherscan.io/tx/0x43365134c2873fa8b09a6a0c7d37952cc8d98e2a0daddd57d89f8b38afc93241
2023-03-31 02:44:23,False,1.056e-05,5.868e-10,9366493.0,0.0549,0xcd...6f10,https://etherscan.io/tx/0xdbacef02773babb3136f0277744d95b5b9b231c61dcd5ef3e9597e339e0326a9
2023-03-31 02:41:59,True,1.059e-05,5.882e-10,239852434.0,1.411,0x00...0906,https://etherscan.io/tx/0xf98c81e15e9522738f3929533aa5175d9b8b401d86961dcbcd0c6906f574a76c
2023-03-31 02:41:35,True,1.055e-05,5.86e-10,1691279.0,0.0099,0x49...7633,https://etherscan.io/tx/0x87a792f52273337cda8befbe970e65609fa3bfb7035d97c401798168afa9e886
2023-03-31 02:31:35,False,1.05e-05,5.826e-10,3632732.0,0.0211,0xe4...73c2,https://etherscan.io/tx/0x84188d164eab607b261d2cd7997fbfd8a8d54474c73cc01d501de16ac8344622
2023-03-31 02:14:11,True,1.051e-05,5.861e-10,164936.0,9.667e-05,0x51...e7ab,https://etherscan.io/tx/0x0d4aeefd336c71022d84ec6a75acc20b78cca234a139f6418c9c2a74b7148005
2023-03-31 01:56:35,False,1.043e-05,5.826e-10,7290133.0,0.0424,0x28...7535,https://etherscan.io/tx/0x8072c46f4584ca7dd55d19cc7642796c4672d92b0e430478c80f6ba91d77d0ec
2023-03-31 01:55:59,True,1.049e-05,5.86e-10,28284557.0,0.1657,0x22...34d2,https://etherscan.io/tx/0x586e70ccff37dc852000e555f6171900f445ed15b6b907a0ac0200d34170f8df
2023-03-31 01:48:59,True,1.049e-05,5.857e-10,5962960.0,0.0349,0x5a...9c42,https://etherscan.io/tx/0x3dbae20648e5c7f83bb7c9241e27fc172eb152fd5979a730ea66c99320661fe2
2023-03-31 01:42:59,False,1.042e-05,5.822e-10,10711845.0,0.0623,0x1f...4be9,https://etherscan.io/tx/0x35856a3b28819388e13fe8a97f6d8f3b35974477a32ce6e0ce27eab6328031dd
2023-03-31 01:36:11,False,1.048e-05,5.851e-10,310525195.0,1.81697,0x39...f580,https://etherscan.io/tx/0x35235806852721373c5c706bdd68ba0c2641e09a84aa8537c0a39e4c9e3f7d86
2023-03-31 01:28:35,True,1.058e-05,5.913e-10,11733506.0,0.0693,0x37...3b27,https://etherscan.io/tx/0xa7f58649d8309575909fa7e2db40258e9d6f3ebe22c000ceb2be730a690f4df8
2023-03-31 01:18:47,True,1.056e-05,5.909e-10,33844076.0,0.2,0x6a...55ed,https://etherscan.io/tx/0x4657e39ae6d78322cb72c6c4b13ad424c9b21956fd257a62bef8f96b303b22cf
2023-03-31 01:13:23,True,1.054e-05,5.906e-10,3386353.0,0.02,0x1c...5534,https://etherscan.io/tx/0xea7e9bd0a465e9bba0f8136d7a7da5d47a9626fe3eddf2dafe8caa652311a271
2023-03-31 01:06:47,True,1.055e-05,5.905e-10,1284306.0,0.0075,0xf7...039b,https://etherscan.io/tx/0xd97ee6a0d3f8178ef8178d4a9d4ef18cd33584fb88da7dce634df33d28da793c
2023-03-31 00:22:59,False,1.053e-05,5.87e-10,5436583.0,0.0319,0xcb...9fc0,https://etherscan.io/tx/0x4da1be8fbf8bf636457e3ae299846759a90f21d0a509f62d72b93654df8458f6
2023-03-31 00:08:35,False,1.053e-05,5.871e-10,5000000.0,0.0293,0xcb...9fc0,https://etherscan.io/tx/0x6e3e5a08c3deb5aa576ba5231e1ac6c1dbb419316b1897b13a72562d60bc1e82
2023-03-30 23:58:47,True,1.058e-05,5.907e-10,2651149.0,0.0156,0xb0...01e8,https://etherscan.io/tx/0x4c3eedef5caea03635eb33fceebde35d02d0c9f5f5b6c7646b77d29f9027101f
2023-03-30 23:55:47,False,1.051e-05,5.873e-10,18740688.0,0.11,0x32...88a9,https://etherscan.io/tx/0xb06e0c0bf4e7f5f9fbbbc89ae23e4299a4c8e8b4e2084249958d23c9c24921b6
2023-03-30 23:52:47,False,1.052e-05,5.876e-10,14173038.0,0.0832,0x37...6347,https://etherscan.io/tx/0x6756bef5e493452aaedb993e993cc0e59f7fc058388a751586f42abc5f0fa25a
2023-03-30 23:32:47,False,1.053e-05,5.878e-10,12091984.0,0.071,0xc6...fed0,https://etherscan.io/tx/0x92cf0aaaca40665bf23b7f2ca545c5afb19815bd8275a9365b5e44314c14e1a8
2023-03-30 23:28:35,False,1.054e-05,5.881e-10,16206602.0,0.0953,0xdc...7b8f,https://etherscan.io/tx/0x5190b92e22e41982632b233f8c9fb805cef36dabdb64c68f5718e38e52928050
2023-03-30 23:27:47,False,1.055e-05,5.883e-10,10435688.0,0.0614,0x68...1da7,https://etherscan.io/tx/0xd858bd0f4fc42e530ea061a2bf2dddd009fd23297ab581b42d1ea6123ab562a6
2023-03-30 23:22:11,True,1.06e-05,5.914e-10,57169667.0,0.3381,0xf8...ef96,https://etherscan.io/tx/0x5cff939477619c1230798745101359ebaa3deba6b1b9de486f4c8c1550c8eaea
2023-03-30 23:17:11,True,1.06e-05,5.909e-10,1677417.0,0.0099,0xb8...1576,https://etherscan.io/tx/0x32d39b33fb4d3def3549afb675b29b6bb847f372fafd03fdcdfd35daceb6d5d3
2023-03-30 23:15:23,True,1.06e-05,5.909e-10,2296370.0,0.0135,0xb8...1576,https://etherscan.io/tx/0x7e9f17f857e7f3f8812226982285413269d9fe2c3efe49edbfdf604d73ae8164
2023-03-30 22:48:59,False,1.055e-05,5.874e-10,12599196.0,0.074,0x10...5200,https://etherscan.io/tx/0x856cbd57ca958e98216f125291167d4f089ec137a08e3fd7bb5ea2a13a50c20e
2023-03-30 22:44:47,False,1.054e-05,5.879e-10,40270912.0,0.2367,0xc2...c65f,https://etherscan.io/tx/0xc3beb5a6703d3e74de1887a58ff75288e52991a1cba02615ebea8f96b3013970
2023-03-30 22:37:59,True,1.059e-05,5.913e-10,50900819.0,0.301,0x4b...5c48,https://etherscan.io/tx/0x6ba6e604fb5685d6c53cd712d67a28731c00d6d1ba972271ba03ae6e30df2b72
2023-03-30 22:37:35,True,1.058e-05,5.909e-10,366149.0,0.0021,0xed...8bd7,https://etherscan.io/tx/0x7294070d2d2d3dc56d64f31f6bec7c86b2c396ba8553810e8595561591e64663
2023-03-30 22:29:35,False,1.048e-05,5.876e-10,33655330.0,0.1977,0x33...e932,https://etherscan.io/tx/0x233e9f9faafd51425e4d8b99143b0bd08d602ee092d81fffbd92433cd4af3485
2023-03-30 22:25:59,False,1.048e-05,5.88e-10,11936221.0,0.0702,0xc6...bc06,https://etherscan.io/tx/0xdaa9ee65dc325e8107a9573a77864d9eb8a8e4a149b1887364538ae8da1f027b
2023-03-30 22:12:35,True,1.053e-05,5.916e-10,6132521.0,0.0362,0x23...c60a,https://etherscan.io/tx/0xdadf9e02298550ffe63c3c321d8c39b2f06f414cc0f0dee0cd0046734403769d
2023-03-30 22:08:11,False,1.047e-05,5.881e-10,7610017.0,0.0447,0x06...80f5,https://etherscan.io/tx/0x235ea915f1ed3e1da0844d70a8dcd4a65303247cf2d2d012d54d94b22a0143ca
2023-03-30 21:56:47,False,1.047e-05,5.882e-10,2640362.0,0.0155,0x6b...45cc,https://etherscan.io/tx/0x4a3294616e7ccc40a9c615a0523f8d3b211ae80fb52b85992d36b2c4e1629779
2023-03-30 21:56:47,True,1.053e-05,5.917e-10,11326209.0,0.067,0x49...1b16,https://etherscan.io/tx/0x7b6e499cb9218a24214e19cd5fc3e17c3beb98ca801bb5599949c75a7952090b
2023-03-30 21:54:59,False,1.047e-05,5.881e-10,14209347.0,0.0835,0x93...28f1,https://etherscan.io/tx/0x11beb88388844beebc5095dfd63aee3436d788e24d48883a2a03485d191c1353
2023-03-30 21:45:11,False,1.047e-05,5.883e-10,921692.0,0.0054,0xde...9436,https://etherscan.io/tx/0x0c0686f0ee5e5bca0d7202a1d064316bd77417bab0f8bd921c3b79a6b91ab0d6
2023-03-30 21:43:47,False,1.047e-05,5.883e-10,307231.0,0.0018,0xde...9436,https://etherscan.io/tx/0x729e438d0b5a0504c77f957ab4aa232756a86ed54602f6f31d8dcdaa00f46a41
2023-03-30 21:39:47,True,1.053e-05,5.918e-10,1969519.0,0.0116,0x19...a636,https://etherscan.io/tx/0xdc186c2d3eb1e678fdbf9e003070b3a217437bc519b89147ed2bdbfd9218af08
2023-03-30 21:34:47,False,1.047e-05,5.883e-10,8586869.0,0.0505,0x85...335e,https://etherscan.io/tx/0xa881a34bb35c89f6d9690bebc473f7db19390b3fd30e79077e14aa404b012c0b
2023-03-30 21:24:47,True,1.053e-05,5.919e-10,3348945.0,0.0198,0x3c...40bb,https://etherscan.io/tx/0xf1e8a812ed233953246dbdbd157c11461f7296f18ed7b1026a6b95c583ea45ab
2023-03-30 21:10:35,True,1.05e-05,5.912e-10,72777110.0,0.4303,0xd5...0603,https://etherscan.io/tx/0x375ffd6125c799f500720083089697933eac1c7618ac95c3122c8631b1f9c7fd
2023-03-30 21:09:59,True,1.049e-05,5.906e-10,166376.0,9.826e-05,0x5a...9c42,https://etherscan.io/tx/0x8a604cbd2a55c929a082e257fde4319edc8a6168195a8ebc2ea905c2bbee37b4
2023-03-30 20:54:11,True,1.048e-05,5.905e-10,3356853.0,0.0198,0x63...f8ce,https://etherscan.io/tx/0xecb3f65e58cfcce1e6b6a713ff29c114ee54da788e3cc8d864057ac45ba2fa0e
2023-03-30 20:41:59,False,1.041e-05,5.871e-10,16000000.0,0.0939,0x49...1b16,https://etherscan.io/tx/0x41fbe9a3f2f7e50d91a8e88e5d0ecd0220757fe9113e6bbe6c8e6f25c6768633
2023-03-30 20:14:59,False,1.04e-05,5.88e-10,77411081.0,0.4551,0x63...3a9a,https://etherscan.io/tx/0xc1c82ffc9872608967f6b39b3c3cc138b4cb74b78aa6f07c2ac041d39df7fae8
2023-03-30 20:10:11,False,1.041e-05,5.887e-10,5160863.0,0.0303,0x90...03f8,https://etherscan.io/tx/0x9e1cad5a4699f24914b6b008e64ae63e9ed996997979865f93c9a7b5c6d5a6a7
2023-03-30 19:51:47,True,1.048e-05,5.923e-10,2008167.0,0.0119,0x48...c969,https://etherscan.io/tx/0xbdef020589b5366fd96501e56456d85f7a3f0e42c27f19fb68d79e44195291dd
2023-03-30 19:42:47,False,1.043e-05,5.9e-10,142456495.0,0.8405,0x76...7d5e,https://etherscan.io/tx/0xf2c0961ef6146ce11ecf6920ad026f15440fd3ced58c6608d5b299e64956041c
2023-03-30 19:42:35,True,1.048e-05,5.929e-10,214136791.0,1.26973,0xc4...c2db,https://etherscan.io/tx/0xa1376f75f78d8cc1e244032f5e883e1cb93a502e42fba082205793e465d4c792
2023-03-30 19:41:23,True,1.045e-05,5.905e-10,51484796.0,0.304,0x49...1b16,https://etherscan.io/tx/0x0a42cb0985321fa811280fed0665e8a7f8dcc3fa0501a71e5047f54c6e4d688d
2023-03-30 19:36:47,True,1.042e-05,5.894e-10,71526174.0,0.4215,0xb9...aa50,https://etherscan.io/tx/0x8db55ce004c4f8b56ceea1cff385a079c051ed420ecdbfbcc726fc6185881d76
2023-03-30 19:34:47,False,1.036e-05,5.853e-10,12648573.0,0.074,0x69...09f5,https://etherscan.io/tx/0x47e986bd781f2dff73352f2f723a04ee82c51d0e78d3ad72914a2e0ee92f5311
2023-03-30 19:34:11,False,1.037e-05,5.858e-10,39633178.0,0.2321,0x62...91be,https://etherscan.io/tx/0x15a628dc691aea6ef5e197153ef22fe84361d13a2302ee1fcf5101f4b7c8651b
2023-03-30 19:22:59,False,1.045e-05,5.862e-10,4925165.0,0.0288,0xfb...3f24,https://etherscan.io/tx/0xfeb2e2337129541db69a975509102ad0d670f869ddc36e0c2386dbb156c3bfb1
2023-03-30 19:22:35,True,1.051e-05,5.897e-10,337410.0,0.0019,0xf2...2fa6,https://etherscan.io/tx/0x794fce0119281eadf4da0d850df6716e911d5acda782589c2dc982a8fedbd90b
2023-03-30 19:14:47,False,1.048e-05,5.867e-10,53901617.0,0.3162,0xd9...8f38,https://etherscan.io/tx/0xa403130c02b4131a48fe6d64ba3139e45f27e556b0aaa8164db0260da4043f50
2023-03-30 19:01:23,False,1.049e-05,5.876e-10,46878531.0,0.2754,0x66...458e,https://etherscan.io/tx/0x6c065f1503dab615067788952bd440d859fb62b999c0d94052ae37953cc1c8b6
2023-03-30 18:49:59,False,1.05e-05,5.881e-10,12565721.0,0.0739,0x69...7846,https://etherscan.io/tx/0x5f118fb951f911dde3c47fa65f3585cda32057ef355ffd1eb875c15a01c28195
