datetime,buy_order,price_USD,price_native,amount_token,total_native,maker,etherscan_url
2023-03-27 07:07:11,True,1.059e-05,6e-10,13939156.0,0.0836,0x42...7778,https://etherscan.io/tx/0x4068a26cdbb97606e8cc7f565ae046e5abb7b9f3255a50e94fc04471c0d55246
2023-03-27 07:00:35,True,1.058e-05,5.996e-10,25983746.0,0.1558,0x9c...4987,https://etherscan.io/tx/0x3a6f44dcf780cbc99ce6d31aad893b846fbeaec0c489a87cf520b0280da0cfcf
2023-03-27 06:40:23,False,1.052e-05,5.958e-10,3562646.0,0.0212,0x5c...bf00,https://etherscan.io/tx/0x8e5dd331c8927e6e4d4100da137091ab55ee7230ebe688748724afa3c5c8b074
2023-03-27 06:38:59,False,1.053e-05,5.96e-10,20341496.0,0.1212,0x00...8b6c,https://etherscan.io/tx/0x405442f29a97022480cb2e747dd36b617b40d8fa2d96610d331726d5d1e00a4c
2023-03-27 06:24:59,True,1.059e-05,5.998e-10,1156721.0,0.0069,0x36...77d0,https://etherscan.io/tx/0x34f074e17d1361cdc3e8eeb392ae0afb15a415667c291cbc0917e3dd8e15468c
2023-03-27 06:17:47,False,1.053e-05,5.963e-10,7718642.0,0.046,0xee...ece8,https://etherscan.io/tx/0x3adc152203176359efe02b787b3e1d0b21211848370ac0d0a5362ef730ec9d8b
2023-03-27 05:58:47,False,1.053e-05,5.965e-10,11389507.0,0.0679,0xb4...7aa3,https://etherscan.io/tx/0xd75df4e1d7bc5fa5115afca69aee5b4e3bf4668b2306e1399fdda594a57af8ee
2023-03-27 05:46:47,True,1.059e-05,6e-10,14462221.0,0.0867,0xf8...7e47,https://etherscan.io/tx/0x45b8201bfcb49c6f74d219a44cdd7a495ece271aaa75bed044b7f74da8adab3c
2023-03-27 05:43:23,True,1.059e-05,5.999e-10,1321831.0,0.0079,0x3f...6e7e,https://etherscan.io/tx/0x1be367d0112be58bec99e8badd7fd19bb0b2a3266d52a57a338062ee3f47b804
2023-03-27 05:21:35,False,1.052e-05,5.964e-10,10683892.0,0.0637,0xb4...d181,https://etherscan.io/tx/0xf56e291893fb5f6a5e0292da4998273cfa156ba5d988a1c72334805fac875010
2023-03-27 05:18:35,False,1.053e-05,5.965e-10,841397.0,0.005,0x90...24a8,https://etherscan.io/tx/0x048bf20d87c6008b145d639da0762c99a61f12a2d84aea736c2af4f2b1eeeda0
2023-03-27 05:12:23,False,1.053e-05,5.967e-10,29021277.0,0.1732,0x00...3abd,https://etherscan.io/tx/0x7cee4d3a8417d60291754631fc180a6c2ed750d6ab0bfefd5aafe3e7e3bc64da
2023-03-27 05:03:59,True,1.059e-05,6.004e-10,23532043.0,0.1413,0x47...2744,https://etherscan.io/tx/0x23c882e7201e50253b1e66e05cb6569c8465800d01e81ad621e6d4057e1a15fc
2023-03-27 05:03:23,False,1.053e-05,5.968e-10,19332003.0,0.1153,0x3b...2341,https://etherscan.io/tx/0x11d1b399826706ae8d6c0ca72367926b4f77d207b944fcd1591b8548121e2481
2023-03-27 05:02:35,False,1.053e-05,5.97e-10,5190189.0,0.0309,0xd9...67ea,https://etherscan.io/tx/0xcc8f773d766b30279c9327f749b1ebbeaff6ead6753bc099691538645350a9c4
2023-03-27 05:00:11,True,1.059e-05,6.002e-10,50496664.0,0.303,0xe8...25a6,https://etherscan.io/tx/0xdf7024349474233e156c2cb00edbac9fe2914b803aa3abd9c5344ae7406fb5cd
2023-03-27 04:50:59,True,1.057e-05,5.997e-10,1487539.0,0.0089,0xda...7967,https://etherscan.io/tx/0xe48a8c7bac0c6bce5fe42d6d22abe678f5ae609a787c81614e6cc5bb64db911f
2023-03-27 04:33:11,True,1.057e-05,5.996e-10,5143650.0,0.0308,0x1b...df1c,https://etherscan.io/tx/0x9fa048bacd60e0c2dc10fd4ecbb28918ad6c3a8976b9a817bc2162acbd1d94c4
2023-03-27 04:07:47,True,1.055e-05,5.994e-10,20983847.0,0.1257,0xb3...ff4e,https://etherscan.io/tx/0x4022ee3cd8b75eaa1fa4390a4db13907dd3162f05d27a36e09586b42a6627e36
2023-03-27 04:06:47,True,1.054e-05,5.991e-10,14228996.0,0.0852,0xc0...065d,https://etherscan.io/tx/0xd73d4d3a4a03009444e5802493104b39345bd13ee0b3b976a6a6e44f980eca4f
2023-03-27 03:53:23,False,1.05e-05,5.954e-10,9800000.0,0.0583,0x8a...3033,https://etherscan.io/tx/0xc9b9745a536fc49fc853572e67fa99edf0c60aace7f1766fc2d5119dbd3f46e7
2023-03-27 03:17:23,False,1.055e-05,5.956e-10,9054449.0,0.0539,0x56...f591,https://etherscan.io/tx/0x5c6e94fba894de3cd99f50ba67798f032f90adc3c18da81f4a36ccfdff6907a4
2023-03-27 03:05:11,True,1.065e-05,5.987e-10,61690910.0,0.3693,0xcf...1b6a,https://etherscan.io/tx/0x8027ae21ef629bce2c7363075ea7dc24a03a8ed66094191d92bf1f73e488ef9a
2023-03-27 02:58:35,False,1.058e-05,5.947e-10,14152840.0,0.0841,0x3d...a15e,https://etherscan.io/tx/0xcfef4815c6fe75c670f121041d80fef0ad471d2af0d5ad64af79d8ce6a9a6fb7
2023-03-27 02:51:23,False,1.058e-05,5.949e-10,14018208.0,0.0834,0x05...d633,https://etherscan.io/tx/0x7d15b2cc2e6ce2ebbc3a4a5a5247dbfbe569dd1949cd06600b2165f210473693
2023-03-27 02:50:35,True,1.063e-05,5.986e-10,1858676.0,0.0111,0x55...590c,https://etherscan.io/tx/0x85f6479a534e119c36d473a9a928c5e3074a98e93a5b7ea647656661c4c87708
2023-03-27 02:49:47,True,1.063e-05,5.986e-10,2483693.0,0.0148,0x93...aa57,https://etherscan.io/tx/0x2d0b294d1ad59d9ece85a9cb85fbd6035148ef923b3b0a59931c36c56fe4dca0
2023-03-27 02:45:47,True,1.064e-05,5.985e-10,10809944.0,0.0647,0x5e...72c7,https://etherscan.io/tx/0x449fb4c7f9427097ec178d119590c957ecf2daeed46a7a691a7b429270f6331c
2023-03-27 02:44:59,True,1.063e-05,5.983e-10,9939925.0,0.0594,0xa2...c508,https://etherscan.io/tx/0x8128afb6cbd192f9bbe56afca2dfb47c0ab1cc8f26b3c7a75a8f77fa83b73330
2023-03-27 02:41:35,False,1.057e-05,5.95e-10,40983102.0,0.2438,0x5f...60d6,https://etherscan.io/tx/0x2878953667abf65ff095921ee712c4c54957aa2764daea527e21e9b6caf1c358
2023-03-27 02:38:35,False,1.057e-05,5.955e-10,20000000.0,0.1191,0xcf...cc57,https://etherscan.io/tx/0x5ca5b70b97729ce64424e29134e01d679a4bff7aabddd929079d1d9e397ddac6
2023-03-27 02:20:11,True,1.062e-05,5.99e-10,32623652.0,0.1954,0x81...0209,https://etherscan.io/tx/0xeaab32e38b41a86c510549de8171772cd7f5f2f348008f8b3fc54125bc382460
2023-03-27 02:11:23,False,1.056e-05,5.955e-10,41622742.0,0.2478,0x78...33bc,https://etherscan.io/tx/0x0e9eb9bc187452cf61349ed16955ce5575520536a7d2b5bee2f1741a6a015892
2023-03-27 02:10:23,False,1.057e-05,5.959e-10,2000000.0,0.0119,0x64...4e53,https://etherscan.io/tx/0xc4b9eadcf6ec3606b7b23675209e1a963b60eb5d64d808eeb9ae7558bd767b25
2023-03-27 02:08:47,True,1.062e-05,5.991e-10,41358372.0,0.2478,0x39...24b1,https://etherscan.io/tx/0x2a467e4e6b6921f151671e8bd836c583ce95c61e089be08628ff22e22d68cac1
2023-03-27 01:55:59,False,1.055e-05,5.952e-10,1472419.0,0.0087,0xcd...10bb,https://etherscan.io/tx/0xb13c9d946fb6d2bddf7ebe3cbe00f1ad99719f2d8328006084532506dfa0cf26
2023-03-27 01:48:23,True,1.064e-05,5.987e-10,5749456.0,0.0344,0x70...84d8,https://etherscan.io/tx/0x82102c8dbd01129bdab8d881c41ec25cafd5660abcdb9ea4f42a81df42bbb66f
2023-03-27 01:43:23,True,1.065e-05,5.987e-10,1655634.0,0.0099,0x18...e8ef,https://etherscan.io/tx/0xebac2836b0887eaf74c91fb8b3f4374496bc373f600e713b2562d8ff11c4add6
2023-03-27 01:40:11,True,1.065e-05,5.986e-10,436851.0,0.0026,0x02...cba1,https://etherscan.io/tx/0xb318086c5b19e72446b3fc601f0d35e6529ec6beb8346438a111aeea600b404a
2023-03-27 01:39:59,False,1.059e-05,5.951e-10,7639399.0,0.0454,0x43...c218,https://etherscan.io/tx/0x9c01b64c05296638f48e5302da429a816303cb665edf598e42c6b2cb51d3fdef
2023-03-27 01:38:59,False,1.059e-05,5.953e-10,16822034.0,0.1001,0x37...2e8e,https://etherscan.io/tx/0x6dfc24d15c9069af7dbcc066b3cadf0138acf7d64691288482155d44cc8dd399
2023-03-27 01:33:59,False,1.058e-05,5.956e-10,10000000.0,0.0595,0x53...74c9,https://etherscan.io/tx/0xaf1a9003b2aa5d18f38ae637aa928e3f661787ee69e8efd7b8c838c43d4346f1
2023-03-27 01:27:11,True,1.065e-05,5.992e-10,3337300.0,0.02,0x94...0270,https://etherscan.io/tx/0xd051b2f57dfe97ad99ed3cc4772a4501e8331c91d1212b761bdf4b7d2519a75a
2023-03-27 01:23:47,False,1.06e-05,5.957e-10,8585581.0,0.0511,0x92...5e99,https://etherscan.io/tx/0xa8cbff9e673ba8a9b47ee89e331463c8bec69fd56f99885f17b5f1358f18fa82
2023-03-27 01:22:59,False,1.06e-05,5.958e-10,2614398.0,0.0155,0x19...6de0,https://etherscan.io/tx/0x72ba5250fd438f433db0300713bd36a4b38b1b87f9244062558d7e9354f3772f
2023-03-27 01:17:59,False,1.06e-05,5.963e-10,55086168.0,0.3285,0xf1...36e3,https://etherscan.io/tx/0x1215ad550134ba34abf567b398e624b58a11c53e21264cba8530f0e8efbbdc4e
2023-03-27 01:11:23,False,1.061e-05,5.968e-10,99487.0,5.938e-05,0x6c...e987,https://etherscan.io/tx/0x9e2605e389d0238a14293ed473c5c1de085f234b85d0c3a35824aaefdd2877ef
2023-03-27 01:09:47,True,1.067e-05,6e-10,46380792.0,0.2783,0x1c...e29f,https://etherscan.io/tx/0xdea65c552fcf43451ea63fec6fafebe4b96a6328d18b517ec43fddd6f3e9ae02
2023-03-27 01:08:59,True,1.065e-05,5.991e-10,49631630.0,0.2973,0x12...c77b,https://etherscan.io/tx/0x4c3d97327bc72fc0d5b57034ba93ecb9a8dc90038d6c715a8efa6e5f8630696c
2023-03-27 01:06:59,True,1.065e-05,5.987e-10,1022659.0,0.0061,0xac...ece7,https://etherscan.io/tx/0x1b2e7676ac2ea3e819a5bd6f8b6762d68c49eb3858284fdc9e3c7947a1646add
2023-03-27 00:41:23,False,1.054e-05,5.951e-10,9304511.0,0.0553,0x22...3275,https://etherscan.io/tx/0xad114b58d40222f58c189de195cbe6c3f1c33724e35868259666fc28dfe380cb
2023-03-27 00:37:35,True,1.06e-05,5.988e-10,278307.0,0.0016,0xcb...ed98,https://etherscan.io/tx/0x7557b7246b0a9622436437aa5b83f258d57cc3a16d845f5e80b935ab9f8b77ed
2023-03-27 00:34:35,True,1.06e-05,5.979e-10,100000000.0,0.5979,0xb2...d518,https://etherscan.io/tx/0xbb5a713bb44452ebee267953258a3992ea2066e777cc723d82b0803e6df7bc41
2023-03-27 00:24:59,False,1.053e-05,5.934e-10,1486119.0,0.0088,0xcc...a0a6,https://etherscan.io/tx/0x3f961c01df38c456309539134c7e1830625f51371ba77d7066a5817f7f6b0fe6
2023-03-27 00:16:47,False,1.053e-05,5.948e-10,146406347.0,0.8708,0x26...98ea,https://etherscan.io/tx/0x99b8a07f2e7c995aec29051fac07aff0fea1f3688f9b95ec9ee36fb52bd937e8
2023-03-27 00:15:11,True,1.058e-05,5.977e-10,217453802.0,1.29981,0x93...498c,https://etherscan.io/tx/0x02a296e52105872705e9cd4759c7a6a3ab034797248e70471b874fe4679b1122
2023-03-27 00:14:59,False,1.051e-05,5.935e-10,146406346.0,0.8689,0x26...98ea,https://etherscan.io/tx/0xbdf475d7460721977ab02b4b70690433314c4391f28ebcbf41d42e40593343be
2023-03-27 00:10:11,True,1.056e-05,5.983e-10,3342308.0,0.02,0x95...5beb,https://etherscan.io/tx/0x4d2e17f41a4b4738f15b3d9d2894fe47cb08e182c92645b30d6c0693ecfe0d7f
2023-03-27 00:01:47,True,1.054e-05,5.982e-10,11672707.0,0.0698,0x88...d68e,https://etherscan.io/tx/0x0d45e45efc30bb1da63663dd771e972b93098445a26ae563d98472117d081ce9
2023-03-27 00:00:47,True,1.054e-05,5.981e-10,47511.5,2.841e-05,0xc1...9150,https://etherscan.io/tx/0xe88ed5c2e90f368d8784bf730009178c17f065a6402cd4bad189edaa9dab2c15
2023-03-26 23:55:59,True,1.053e-05,5.98e-10,11141747.0,0.0666,0xf6...f185,https://etherscan.io/tx/0x389fde5e6be66a6732546446470ebc15d8f31ae5c411337106a6126e70a0231d
2023-03-26 23:55:59,False,1.048e-05,5.951e-10,92229463.0,0.5489,0x86...da3c,https://etherscan.io/tx/0x90abe0189ce588ca3874bfea5dc5a89936824d1789bdad14798eaf2623d79f67
2023-03-26 23:54:35,False,1.049e-05,5.96e-10,4680851.0,0.0279,0x6d...c955,https://etherscan.io/tx/0x27a8fb8f3a7e34ca55d2321e84a74992d37b3985c9420ce4240912f492e1c3f6
2023-03-26 23:53:59,True,1.056e-05,5.995e-10,12729783.0,0.0763,0x6e...3bcd,https://etherscan.io/tx/0xdeaa10a8178581467f9a3bc5dacdd5df7292fd9530e983eb754578ed0eb9729a
2023-03-26 23:50:11,True,1.054e-05,5.994e-10,496065.0,0.0029,0x18...6009,https://etherscan.io/tx/0x3c0cdfad19c9da8c279b8317cc79ba81f9d97a31366e9520c9e81ba589cd4e0e
2023-03-26 23:48:47,False,1.048e-05,5.963e-10,53000000.0,0.316,0x0b...add2,https://etherscan.io/tx/0x1508908377d900240fa296eca43c2f3dc896060a47c12376970e946d47c847f6
2023-03-26 23:47:23,False,1.051e-05,5.97e-10,28632483.0,0.1709,0x25...8510,https://etherscan.io/tx/0x2716543611192d3b6c5adf0b960e8b820dae9a9794fdb145cf0ddd074c8718bd
2023-03-26 23:47:23,False,1.052e-05,5.977e-10,49148936.0,0.2938,0xbf...bd2c,https://etherscan.io/tx/0x96b5e4efb42cf3b8d17faa78e68ff1c2f7947ff5ec30782d2ec492f03ccd323a
2023-03-26 23:43:23,False,1.053e-05,5.986e-10,40026869.0,0.2396,0x44...ff0f,https://etherscan.io/tx/0xa67745340a858033539e82d95085bb288a376ecbbbd74972c01808af06ba978e
2023-03-26 23:37:23,False,1.053e-05,5.989e-10,2375551.0,0.0142,0xd1...82a3,https://etherscan.io/tx/0xce5907cb51a0da4e7ed29d243e76a418267fec49dc03ae877f9bb7fc588859ea
2023-03-26 23:34:11,True,1.06e-05,6.025e-10,3673191.0,0.0221,0xee...b285,https://etherscan.io/tx/0xc76b06f6c6cb1e6518e95fa7661ebc84a9f007402396020d744209a9fa5992bc
2023-03-26 23:25:59,True,1.059e-05,6.025e-10,1493656.0,0.009,0x98...22bd,https://etherscan.io/tx/0xad4844ad70da14df62d825e5558dd7b4903946bb5ca9a6b92e43eed5a03a9eae
2023-03-26 23:17:11,True,1.057e-05,6.006e-10,206350328.0,1.23942,0x79...e587,https://etherscan.io/tx/0xf5ae3502f525193554f09f87928b24c2c46d914b94253bd4ecab9dbb9a904f1c
2023-03-26 22:56:59,False,1.045e-05,5.951e-10,1485000.0,0.0088,0xdd...ab6c,https://etherscan.io/tx/0xa68b3e4eb83c4f01fbe17367ee39c92a6d40f6ba75aef07c30f804a4f78be1a1
2023-03-26 22:23:35,False,1.052e-05,5.952e-10,9907283.0,0.0589,0xb3...d6e0,https://etherscan.io/tx/0x82e590001e267d5641f7cece21302bd74f721618742e1824e874c4ecf6a82da1
2023-03-26 22:23:23,True,1.059e-05,5.989e-10,1669601.0,0.01,0x1e...a27a,https://etherscan.io/tx/0x0f55243ed10a696d2432782f0faacf7885575a57952f4061cf6bd1d0e2c81b13
2023-03-26 22:18:47,True,1.059e-05,5.989e-10,2803268.0,0.0167,0xcb...2caf,https://etherscan.io/tx/0xc574e0a385cae5343876b1bcff909f3e87d3a2c5adc0623d278be209f47e6bfe
2023-03-26 22:13:35,False,1.052e-05,5.955e-10,31447285.0,0.1872,0x3f...b29b,https://etherscan.io/tx/0x168d7d4454607dd65fbfb6c3c79b3148687173f1c59425999ee340c9c3d19d33
2023-03-26 22:00:35,False,1.053e-05,5.967e-10,102784332.0,0.6134,0xbf...bd2c,https://etherscan.io/tx/0xfce19dd6aa3e39451ecc3aca2409fe1d4a67b4a2122227a199ac7c23965cb1ac
2023-03-26 21:56:47,True,1.06e-05,6.004e-10,92211946.0,0.5537,0xa7...40dd,https://etherscan.io/tx/0xeacb241196df347396e780947298da06b25134521dd1619b291950f9df0a4e85
2023-03-26 21:55:11,True,1.058e-05,5.992e-10,41353024.0,0.2478,0x26...d0d0,https://etherscan.io/tx/0x14e777b2e5e3c867d8d45cf5ac6fe19b13172a103f9338a871c2f206827e08dd
2023-03-26 21:44:47,False,1.05e-05,5.953e-10,3931273.0,0.0234,0x91...4278,https://etherscan.io/tx/0x6095ab75784315ad9499d3e914a719fbfcc486b01128b0a1e0b41dc318dc4cae
2023-03-26 21:41:59,True,1.057e-05,5.988e-10,12549009.0,0.0751,0x14...8dcb,https://etherscan.io/tx/0xa545f86bd7dfa81ae4e96c66b37fed0139a0ebf30f0863f819cb9678c8b2af23
2023-03-26 21:41:59,True,1.056e-05,5.983e-10,42135558.0,0.2521,0x36...ef63,https://etherscan.io/tx/0x0b604e1973c03ab04f772faab2ac4f6f1e82c8152fe3ee47ac41e8c3a63510cc
2023-03-26 21:38:47,False,1.05e-05,5.952e-10,98862445.0,0.5885,0x5d...c5f1,https://etherscan.io/tx/0x58baaa824cc79475b7488c08f750e19023f86d511e5f515014672aaed3ff404c
2023-03-26 21:09:11,False,1.052e-05,5.961e-10,1404067.0,0.0083,0xe6...a00d,https://etherscan.io/tx/0x124ccb3db3c50a5249907b9cf6571787b994b1c3ad70a9060b0e363b6669b092
2023-03-26 21:07:47,False,1.052e-05,5.962e-10,10000000.0,0.0596,0x90...8f27,https://etherscan.io/tx/0xf058fb4450cebed0193b927d1f07d4082c5fb30880621ef44e0d051351c18efd
2023-03-26 20:58:11,True,1.059e-05,5.999e-10,4486304.0,0.0269,0x1e...9ada,https://etherscan.io/tx/0x65c9aa4f86501e509ab2999587d3d2b5afaeab5c33e33c4a79b75a9ce4cfbc2d
2023-03-26 20:57:47,False,1.054e-05,5.972e-10,103107443.0,0.6157,0xd6...a6df,https://etherscan.io/tx/0x610cca2cc3ac858fc39ec34f38c041b9bd0b219b50cc804974db7a7b235df896
2023-03-26 20:50:59,False,1.056e-05,5.988e-10,71682651.0,0.4292,0x60...3891,https://etherscan.io/tx/0x32ba6a91de75f11972e6110ac02d19e5c9d86631f9698818ceeb5703ed97b2ee
2023-03-26 20:46:47,True,1.062e-05,6.022e-10,95295582.0,0.5738,0x70...e9c3,https://etherscan.io/tx/0xb3347d51698e58a2aac53a0ab785acd4f7476b218a5eb06690bcf2cfb7063ef0
2023-03-26 20:45:35,True,1.057e-05,5.988e-10,274607757.0,1.6444,0xae...ae13,https://etherscan.io/tx/0x45a257e9cfd912b479f6097a80e96955d3956606250f6e54fd9c7d0b19d05659
2023-03-26 20:35:59,False,1.047e-05,5.93e-10,33000000.0,0.1957,0x0e...38c3,https://etherscan.io/tx/0x94d87969f8277888be5b845b5b37bdb64a7b09e1aee60bc335cfbb89ac6e625c
2023-03-26 20:34:35,True,1.053e-05,5.967e-10,16610344.0,0.0991,0x02...59e2,https://etherscan.io/tx/0x275beb720e68bbb59892c615171b2022ca661ae024c2da674bf8658d2b762a44
2023-03-26 20:27:23,True,1.054e-05,5.966e-10,166146.0,9.912e-05,0xdb...49fc,https://etherscan.io/tx/0x2b87a1bfb2661e34a10de806fd116b1b56349633ac8a3014f686552323f079d3
2023-03-26 20:23:23,True,1.054e-05,5.966e-10,150852.0,9e-05,0x71...f34e,https://etherscan.io/tx/0x6215a7f175f9f01caedf9218de64e654da2e2e90a375bc632e5783e0fa985f26
2023-03-26 20:21:59,False,1.048e-05,5.932e-10,20958000.0,0.1243,0x11...c5bd,https://etherscan.io/tx/0x58094cb9ddfc237d7b42b26354aaeb7767afc5d16a9503e0bae46c785f47219b
2023-03-26 20:18:47,False,1.049e-05,5.935e-10,11883212.0,0.0705,0x89...0d2f,https://etherscan.io/tx/0xe935739890dd7382d6348ff120a96077ff26dee40b27c301f16e64478d222b45
2023-03-26 20:17:23,False,1.05e-05,5.939e-10,40000000.0,0.2376,0x0e...38c3,https://etherscan.io/tx/0x7ac6c0a97682bf6fe28b91f2a4e172ae1036918d4203b09d79e9743c2469174f
2023-03-26 20:14:23,True,1.058e-05,5.979e-10,426058.0,0.0025,0x4a...4a29,https://etherscan.io/tx/0xcad61140c41ee536b7936d3396301d3b148c3ecd520757978daf6108082a0c04
2023-03-26 20:03:47,True,1.056e-05,5.978e-10,8290169.0,0.0495,0xb5...2424,https://etherscan.io/tx/0xc4bcb1ba1d48112a1b21a988dfe33b60ce274e61319450006e4ea3e694e77dae
2023-03-26 19:57:59,True,1.055e-05,5.977e-10,2340990.0,0.0139,0x8b...6123,https://etherscan.io/tx/0x28a8a3d3709714353cd28c8ea7ae8973a4311e2eb08855a01fc50490c55a4f95
2023-03-26 19:56:11,True,1.052e-05,5.958e-10,206992360.0,1.23336,0x43...9672,https://etherscan.io/tx/0x80e9530443c22b4834758ab3510151009b00a93da3e3db0a9778523b1dc5c1f5
2023-03-26 19:56:11,False,1.044e-05,5.913e-10,100000000.0,0.5913,0x53...12d0,https://etherscan.io/tx/0xb54f78de430a22df72c7fad6825289eadb1f44ca291d9e820e4d8ef5a78beb92
2023-03-26 19:37:47,True,1.052e-05,5.957e-10,6402849.0,0.0381,0x81...779e,https://etherscan.io/tx/0xb7a2715280daecd9e1380eef9bf48566b6a8ff3eec8437e0188707c8ad69408b
2023-03-26 19:36:35,True,1.052e-05,5.955e-10,7489320.0,0.0446,0xeb...51d0,https://etherscan.io/tx/0x37f277d453d4b2f034a8d5fa2a63656d6058c2de02c306754ab922c763268980
2023-03-26 19:26:23,False,1.044e-05,5.921e-10,18389238.0,0.1088,0x97...835c,https://etherscan.io/tx/0x158e7c254476f7179bc2eafca23e19552363240e21577faaed75399c3587f6ec
2023-03-26 19:23:47,False,1.044e-05,5.931e-10,100000000.0,0.5931,0xa9...dd75,https://etherscan.io/tx/0x2bfddb2e295e53bc9bf21d1badd8d72b8ac19d861eb1cd6d68573d97b309e8ff
2023-03-26 19:21:47,False,1.046e-05,5.941e-10,6507169.0,0.0386,0x6b...63f4,https://etherscan.io/tx/0xcf29a71c6b5e9ee44a1b4cf532b11bc684424844e1091815102b070a6e9613e2
2023-03-26 19:02:11,False,1.045e-05,5.948e-10,70000000.0,0.4163,0xd1...b526,https://etherscan.io/tx/0x0beaf36863aae5412f7aca4d1a284e02f993e3d4484a2e556a847aac156c478e
2023-03-26 18:56:23,False,1.048e-05,5.954e-10,1883024.0,0.0112,0x71...aff4,https://etherscan.io/tx/0x5fbb041baff89ce631c73c21a81de4488d977e0a0718bf96e4b04fbf542edcb9
2023-03-26 18:40:59,False,1.049e-05,5.955e-10,1173475.0,0.0069,0xb6...9d62,https://etherscan.io/tx/0x6d6d7743b4b2869a3f353a181dd4c5e921a55c294a0fb39c27797d812ecf061b
2023-03-26 18:37:47,False,1.049e-05,5.956e-10,13012542.0,0.0775,0x14...8dcb,https://etherscan.io/tx/0x904b91d7eae271dc5b47b25b40be69c83301708462c7691e599b9f15df5a7f65
2023-03-26 18:35:47,False,1.05e-05,5.958e-10,10085840.0,0.0601,0x0d...46bc,https://etherscan.io/tx/0xbccd5a94623ad31c0392707b0ac2a908ae146e40868db71e90c54f8270d831cf
2023-03-26 18:30:35,False,1.05e-05,5.96e-10,9200569.0,0.0548,0xf3...f9c8,https://etherscan.io/tx/0x14640717b5636906c9074938e9c9dff491477e26a0f6bc9de54aaa6ce921dba9
2023-03-26 18:14:59,False,1.051e-05,5.961e-10,1000000.0,0.0059,0xc2...0f32,https://etherscan.io/tx/0x203ef119cd0a63ac9f7953b9e166524fe7b629bbf946e0bd8261c533b53ab39c
2023-03-26 18:05:23,True,1.057e-05,5.991e-10,64056727.0,0.3837,0x6c...c6b0,https://etherscan.io/tx/0x4aa35506b5b61c3d47ce5d1a2a049cf9efedbe8594f9ef1de18b05c5cf29a51d
2023-03-26 17:58:47,False,1.05e-05,5.951e-10,20000000.0,0.119,0xa1...5521,https://etherscan.io/tx/0xa7cb713d175574dbf4dc612784db511fb371054f535817ed6334240367612872
2023-03-26 17:50:59,False,1.048e-05,5.954e-10,10843252.0,0.0645,0x34...216f,https://etherscan.io/tx/0xcffed148807ec9eff19f9f7dfd864376cab4276d71c582040b0cbf831943828d
2023-03-26 17:33:23,True,1.059e-05,5.991e-10,827272.0,0.0049,0x46...fa7f,https://etherscan.io/tx/0xd8a2319dc3a7dd590e8e152caadf189555a040f2af121a9b33741386370629a1
2023-03-26 17:32:35,False,1.053e-05,5.956e-10,10999909.0,0.0655,0x75...f418,https://etherscan.io/tx/0x7a172d268fea4f58f54db520e296972056a17118757617ee0f53e39e7f9be292
2023-03-26 17:31:47,True,1.059e-05,5.992e-10,2481113.0,0.0148,0x59...0063,https://etherscan.io/tx/0x8fbe7ff064b937084b3ba5c7e6dd34e5ea52956552cec9dc5f05a2e541c26b60
2023-03-26 17:22:11,True,1.058e-05,5.992e-10,2309849.0,0.0138,0x26...8c27,https://etherscan.io/tx/0x3828069c7205c522af78fb40946d0dae9f420ab47008a86b43122887f9289184
2023-03-26 17:15:11,True,1.058e-05,5.989e-10,32398305.0,0.194,0x1e...0829,https://etherscan.io/tx/0x2e716420ef314808861615555ce74ed2dc401b12a629fd1b7f414fbd062df903
2023-03-26 17:11:11,False,1.053e-05,5.959e-10,100000000.0,0.5959,0xf7...d0d0,https://etherscan.io/tx/0xb93a77e75d37a7bbba6a07d37c965576207734979c1e9864cca143ade508868e
2023-03-26 17:06:23,False,1.053e-05,5.973e-10,51902734.0,0.31,0x37...6dbd,https://etherscan.io/tx/0xb601661ade2c2db3218902c381fe4825d2e04f041c631b40de75c438070c771b
2023-03-26 17:05:35,False,1.055e-05,5.978e-10,10000000.0,0.0597,0x16...6ba9,https://etherscan.io/tx/0x501574e8e9f34e0913158a669999d2465e274e8724b7d6bb6ca2f3ae03afa763
2023-03-26 16:54:35,False,1.051e-05,5.98e-10,7788011.0,0.0465,0x6e...2e14,https://etherscan.io/tx/0x52b7b1029de4275d14536e072760978daa737ff8a64814a9a59a9df3bf6752ca
2023-03-26 16:49:35,True,1.064e-05,6.006e-10,112500772.0,0.6757,0x2e...7cfa,https://etherscan.io/tx/0x6f8f6850b471fc545de5b7459ec54922487e5ebc92d9fdedb598338d335a68ae
2023-03-26 16:46:11,True,1.06e-05,5.995e-10,9790419.0,0.0587,0x2e...7cfa,https://etherscan.io/tx/0xc9a1095860677b5282a101bfd9a70b0f8701f4f8c99a4de884e3d48494d3cc27
2023-03-26 16:43:23,True,1.06e-05,5.993e-10,18785994.0,0.1125,0x58...ebb5,https://etherscan.io/tx/0xa4d2d4e30ee201fb69183d962585921c3775001b67d6991d68158fc8fa902379
2023-03-26 16:35:47,False,1.055e-05,5.956e-10,13143198.0,0.0782,0x63...f370,https://etherscan.io/tx/0x5a1acaff6fb24868221719e61732f482b8d5533b898696335c75230b32c71860
2023-03-26 16:33:47,True,1.063e-05,5.992e-10,11104194.0,0.0665,0x55...814e,https://etherscan.io/tx/0x3015353f599669261576a4000ca96219ceb4f189b04369f34490b980e8be1eef
2023-03-26 16:27:59,True,1.069e-05,5.991e-10,3308907.0,0.0198,0x86...305a,https://etherscan.io/tx/0xd5ab30a32557f0633ba2a7c551a9474f6f73ac330434a7b4bd1df38decbf59d7
2023-03-26 16:27:35,True,1.068e-05,5.985e-10,64475742.0,0.3859,0x2e...7cfa,https://etherscan.io/tx/0x3fd80c7da9c367de159f7109cccbcdeb307d1e278d6ff0f968cd1495fc6c17c0
2023-03-26 16:25:47,False,1.06e-05,5.943e-10,4832923.0,0.0287,0xdd...ffda,https://etherscan.io/tx/0xb8d952dc26bb38dde344a963fda2dab2bc12ee743368017960c94a34dae014e5
2023-03-26 16:25:35,True,1.065e-05,5.974e-10,67286634.0,0.4019,0x2e...7cfa,https://etherscan.io/tx/0x5b983055337f5c69ef40e9f67344ddcd14b23615913ae9e3177fa4227613eafb
2023-03-26 16:18:23,True,1.065e-05,5.967e-10,3373266.0,0.0201,0xbf...56d2,https://etherscan.io/tx/0x416e487169b06eb9ee1e303a487713da0a487c4e338fffcf41164e1f2d69465c
2023-03-26 16:16:47,True,1.067e-05,5.967e-10,514949.0,0.003,0x49...58c0,https://etherscan.io/tx/0xbe246c1bda252e8dd0758fcc8080f45679064269ee95faeb39e19391fc6f2c74
2023-03-26 16:14:35,False,1.06e-05,5.932e-10,11834043.0,0.0702,0x81...e577,https://etherscan.io/tx/0xc53715e4fcaf64afada7536eb9762a06e91aa97922c29d904783ae8522d984b3
2023-03-26 15:59:23,False,1.066e-05,5.94e-10,72034866.0,0.4279,0xd3...5a6d,https://etherscan.io/tx/0x34522da7658fcd9575e42a1333290e133838777add1f20f84d91e9d90e419a47
2023-03-26 15:39:35,False,1.067e-05,5.96e-10,157791402.0,0.9405,0x00...0906,https://etherscan.io/tx/0x4de200f33979292790da2e4a8f20c3ddb604641771c4f90f58ecd297e0eaa55b
2023-03-26 15:37:47,True,1.067e-05,6.011e-10,1649033.0,0.0099,0x9d...ff2a,https://etherscan.io/tx/0x6f98bfd0fa3824c604d507e8a87670b7a40012eb9d25394372aedd74d691f4f3
2023-03-26 15:34:35,False,1.061e-05,5.975e-10,10571531.0,0.0631,0x63...f370,https://etherscan.io/tx/0x9e38910e94ad1097c50f0b1c89442590867550148782229e2ec562ce1a2e6e4b
2023-03-26 15:34:11,False,1.061e-05,5.977e-10,4950000.0,0.0295,0xd1...3214,https://etherscan.io/tx/0x2a1af1253777c45bc7300275ce3d12fe74b60e3ff55b3548df1844b7ef5c80f3
2023-03-26 15:33:59,True,1.064e-05,5.992e-10,229701683.0,1.37654,0x49...6cf4,https://etherscan.io/tx/0xc4fa627e8215f32415920d9abf1987e0db72cea8b9c3d93bf0bd78582877a88b
2023-03-26 15:25:59,True,1.06e-05,5.971e-10,3485919.0,0.0208,0xd5...1714,https://etherscan.io/tx/0xb09a5d2cbdf8e72585d60548a81254f20bd8337e714d25adb0e007d39ca0b8be
2023-03-26 15:21:11,True,1.06e-05,5.971e-10,498019.0,0.0029,0x09...09ca,https://etherscan.io/tx/0xc018b08f4ff52ec719b57b13d12a2f97f1c1446d8db36637e1ba0127e62624b4
2023-03-26 15:19:47,True,1.06e-05,5.97e-10,4284933.0,0.0255,0x6e...7baa,https://etherscan.io/tx/0x9be253bcfff89c802d6a2fbe69e3a6529913bd073db466c97ce69b11765d76f8
2023-03-26 15:10:23,True,1.059e-05,5.97e-10,166030.0,9.912e-05,0x73...9dab,https://etherscan.io/tx/0x1707a3c9c6d59b8247ee3ce7a62942dc50ff8d60cfb2138ef4d3eabc4cc65366
2023-03-26 15:03:23,True,1.06e-05,5.97e-10,2512529.0,0.015,0x2b...699a,https://etherscan.io/tx/0xd8cb19955f4ddb1684f56f0df0978fa330e20409a578ff2310c32dc7961ee935
2023-03-26 14:59:35,True,1.059e-05,5.967e-10,24915845.0,0.1486,0x9a...316a,https://etherscan.io/tx/0x69b82931d56d0ed0feeca1980dfdcb7aeaaf69aa525bb353ddc4dd5aa351eba0
2023-03-26 14:53:11,True,1.059e-05,5.964e-10,13296169.0,0.0793,0xee...13a2,https://etherscan.io/tx/0xa35b28386612780f338548b4de10824d1e511283db2d192253ec23f647d2d6af
2023-03-26 14:43:11,False,1.051e-05,5.927e-10,86654.1,5.136e-05,0xdb...7ec9,https://etherscan.io/tx/0x82f8376c95f7d2f1c45f2aeebc65f57d9320a66832e8de29121ea23c7e4fcd0c
2023-03-26 14:41:59,True,1.057e-05,5.96e-10,29935975.0,0.1784,0x9c...a8f9,https://etherscan.io/tx/0xd3997f3ed111ba956bcae8bd7766843198107c116ee8678dd7d495288e243978
2023-03-26 14:40:35,False,1.049e-05,5.922e-10,2702118.0,0.016,0xdb...7ec9,https://etherscan.io/tx/0xd14cff404f80df503b5f2dcae5f37e0e49cd1ee60c751f7b9f43324e2f8f3216
2023-03-26 14:36:59,True,1.057e-05,5.957e-10,1497390.0,0.0089,0x64...addd,https://etherscan.io/tx/0xd9e3d781159045f3bc39259b0777abbe71d798e6f6b49d9b04670f479e61d399
2023-03-26 14:36:59,True,1.057e-05,5.957e-10,2817037.0,0.0167,0xdb...7ec9,https://etherscan.io/tx/0x8abbf3968b041f1414810b550d7ea9a6df6baf1814ca919017a864ad063cfcd3
2023-03-26 14:28:47,False,1.05e-05,5.921e-10,3932636.0,0.0232,0xb2...136d,https://etherscan.io/tx/0xe851e7d84d2c0d62b3cd787535cdb3da0e8b2e44eb6117f37dbfcc93f1614321
2023-03-26 14:26:11,False,1.05e-05,5.922e-10,4526323.0,0.0268,0x80...a3af,https://etherscan.io/tx/0x1733dc7442f324009980f10c23e089d85f7cff51f34aafef5505f8ff26be84bf
2023-03-26 14:22:47,False,1.051e-05,5.923e-10,9335219.0,0.0553,0x94...0b17,https://etherscan.io/tx/0xd216a1f98de97e6ae20ab5ebbfa482e8b0e27f4898ccd91bb5b516d3bd7e0277
2023-03-26 14:16:59,True,1.057e-05,5.96e-10,498919.0,0.0029,0xe7...72c6,https://etherscan.io/tx/0x4b7b86743ac42d382d48b1f21d0a6b5b78fb719c4467c87e1f653ade25eb9759
2023-03-26 13:47:35,True,1.055e-05,5.96e-10,1663118.0,0.0099,0xef...a8b9,https://etherscan.io/tx/0x57f0234453430330822265c2f3a411c0b3f54b5c91334b0f84986d1340582a18
2023-03-26 13:46:23,False,1.049e-05,5.926e-10,19714316.0,0.1168,0x1d...ea0a,https://etherscan.io/tx/0xd6dd538f93b8709d9071ec18722583741fab7430a8f8e1047c0817592c5c4d0b
2023-03-26 13:34:23,True,1.055e-05,5.962e-10,7115212.0,0.0424,0x81...b2c5,https://etherscan.io/tx/0x87e45bf2fad0042dd0cf49ab382f8a5967bdb1b33d2ced9e803585304204c802
2023-03-26 13:26:35,True,1.057e-05,5.962e-10,300035.0,0.0017,0x86...134b,https://etherscan.io/tx/0x8ef649503855f91fd77e0b2697f9cab9bc1210ca191ecb0957340956d751bbdb
2023-03-26 13:17:23,False,1.05e-05,5.926e-10,3478444.0,0.0206,0x28...df5d,https://etherscan.io/tx/0x78e9ee7057accb2d57c37bfda579e399778ae52d81409333dfc8ac2647d90530
2023-03-26 13:03:47,True,1.055e-05,5.962e-10,2515656.0,0.015,0xe9...95eb,https://etherscan.io/tx/0xf4cb58d232f30cf3d6dd6023e4f25d26d1034522a3b1c9d4364ccf6aab5c9744
2023-03-26 12:56:59,True,1.056e-05,5.962e-10,166250.0,9.912e-05,0xa5...0a34,https://etherscan.io/tx/0xe8ebcb54f66439caecdeaabd691fceda3cd3987398f4c6658a38442d17011ac1
2023-03-26 12:48:47,True,1.056e-05,5.962e-10,618057.0,0.0036,0x68...c5c0,https://etherscan.io/tx/0x4e195862d9d639e49e0e7f64f1050f630eee5c3cf03e049f7ed0aec00ffd6535
2023-03-26 12:33:47,True,1.054e-05,5.962e-10,1677251.0,0.01,0x2b...6201,https://etherscan.io/tx/0xebb892131375d1c59479cee6c8dbcc4d880c0c136a57dde3e00901980bcd2e65
2023-03-26 12:33:47,True,1.054e-05,5.961e-10,8314139.0,0.0495,0x3a...3a1a,https://etherscan.io/tx/0x84289797f3f7393851e4f0f56012bdf905c1ebcb589a1ff524c51c4f38d6c1bc
2023-03-26 12:27:11,True,1.054e-05,5.96e-10,1498558.0,0.0089,0x68...c5c0,https://etherscan.io/tx/0x6911d74eda63282eb3853131e2cdcbd806bb82b1b81696bcdfb78211167adac5
2023-03-26 12:26:11,False,1.049e-05,5.924e-10,4431606.0,0.0262,0xd3...db23,https://etherscan.io/tx/0x59a95dfa01191216fb0da2fa6457588b7689cb4340e56be79ca544d7393ef9ac
2023-03-26 12:25:11,False,1.049e-05,5.925e-10,4300000.0,0.0254,0xd3...db23,https://etherscan.io/tx/0x6b410a8521c7498d21a7005689514637bc9052b01b087ff5ef898d4969505a2a
2023-03-26 12:11:47,True,1.057e-05,5.961e-10,1002903.0,0.0059,0xd3...f711,https://etherscan.io/tx/0xbd5a6c23e52cd012ea359d3b5dc126ad728acaa16e363f93686179f9a2613941
2023-03-26 12:07:59,True,1.057e-05,5.961e-10,4113963.0,0.0245,0xb6...36ce,https://etherscan.io/tx/0x7266ab0fdfd6782671abe0dfe07debe376767ad1d5330d3a8253674c77c31cd9
2023-03-26 12:07:47,False,1.05e-05,5.925e-10,7070083.0,0.0419,0xa9...d481,https://etherscan.io/tx/0x3833e048cf5a6513b59af17a3cefe986bbd7d4f6f3045fa3885902289f1dac19
2023-03-26 12:02:47,True,1.057e-05,5.961e-10,2461081.0,0.0146,0x86...134b,https://etherscan.io/tx/0xb786f94606dedf8b0ee374fcb3762ed344d0eeab399f42f2af4c4206b2334450
2023-03-26 12:02:47,True,1.057e-05,5.961e-10,1662742.0,0.0099,0xf5...412f,https://etherscan.io/tx/0xe6661902ace68c6a03a5937b7fa3db804d274d3e9b890584f0087b83f2f428fa
2023-03-26 11:55:47,False,1.051e-05,5.925e-10,2506873.0,0.0148,0x76...77fa,https://etherscan.io/tx/0x435d6da4fd3ed4b2a186264d508c2cd1ec25053caa12edbd8312eb3fda20e11a
2023-03-26 11:53:47,False,1.051e-05,5.926e-10,4304908.0,0.0255,0x5a...9abb,https://etherscan.io/tx/0x095e1297222ab2ac1bc85cfb985cebb00116f06f4cf643139f09c098ea3d4a1d
2023-03-26 11:51:59,True,1.056e-05,5.958e-10,48672386.0,0.29,0xe9...9178,https://etherscan.io/tx/0x219be1f5f324ac1a1f5ea517df39547b068f9a57c8993a207154492ff6a0334e
2023-03-26 11:42:47,False,1.05e-05,5.919e-10,20000000.0,0.1184,0xe9...cd27,https://etherscan.io/tx/0x5ad8c8a088f38332bbfd9f3d01b7a643b0fc71bf1e1b041d027a2c963467c1ae
2023-03-26 11:31:23,False,1.051e-05,5.92e-10,2694028.0,0.0159,0x59...9747,https://etherscan.io/tx/0x41534c29143444a5c801b052e9a7d008fb145732a72d5f9d2c4fc12436b6a434
2023-03-26 11:28:59,False,1.053e-05,5.925e-10,50000000.0,0.2962,0xbc...4a9b,https://etherscan.io/tx/0x3c3ea2a7bcd9097289a71d152bc64b4d5955a5d0b6afa8880c8e19b188d4164c
2023-03-26 11:27:23,False,1.053e-05,5.93e-10,10288084.0,0.061,0x3d...c425,https://etherscan.io/tx/0x02ac7a70ee0e5d8207a10cf9c1c32c66977a5c195928f59d3b58be40852dc753
2023-03-26 11:15:35,True,1.061e-05,5.967e-10,4983569.0,0.0297,0x62...7216,https://etherscan.io/tx/0xd6376f1836cc5fbd2a1c6626ece6a4c12abe9b0096d2ca856010f7b009de2954
2023-03-26 10:58:35,True,1.059e-05,5.961e-10,53735804.0,0.3203,0xfe...b5c9,https://etherscan.io/tx/0xd6353d9196d3d801d00cd5455a6266b386b24c63e1fc7d16867ee656952967ef
2023-03-26 10:41:11,False,1.057e-05,5.938e-10,196953950.0,1.1697,0x7f...91b2,https://etherscan.io/tx/0x290c6e851e6c76f1ed33f383c2539dcd73fba1fd1e6981e2b93238e18043e8b2
2023-03-26 10:40:11,True,1.06e-05,5.992e-10,16541.2,9.912e-06,0x6f...ddac,https://etherscan.io/tx/0x7c5d4b197ef688e6bf9c9371cf28bc56abb404ef6c15ea3104fc7ffd37bc278d
2023-03-26 10:39:11,False,1.052e-05,5.976e-10,214623887.0,1.28264,0xc1...74af,https://etherscan.io/tx/0x44d694b92f4166ae299d84e2f6ede24fd0c15026d00eb23de121e81ec3ba0b14
2023-03-26 10:25:23,True,1.057e-05,6.031e-10,824561.0,0.0049,0x0d...272c,https://etherscan.io/tx/0xf5f4ec5d65cf08e55d18ccf90530d1ebf5b7a0e84a080ec900f4db45f6d98abf
2023-03-26 10:10:35,True,1.056e-05,6.03e-10,9088746.0,0.0548,0xea...198c,https://etherscan.io/tx/0xa44fe7d895abbe44e84b1e11113f1189378e9f686dc92f4b8e3877ac7eb7b31a
2023-03-26 10:09:47,False,1.05e-05,5.994e-10,5000000.0,0.0299,0x81...7d39,https://etherscan.io/tx/0x472dcd26776f132fe9fbed61d7160e19101012d5f1c8022954bc8bb47a989b60
2023-03-26 10:08:35,False,1.05e-05,5.995e-10,2615114.0,0.0156,0xee...cf82,https://etherscan.io/tx/0x36f2f20dfcd2f88e5e63ae1f908da000bc8090f1d61b53d00494f8524802ff05
2023-03-26 09:37:11,True,1.057e-05,6.03e-10,14702572.0,0.0886,0x3b...a2b2,https://etherscan.io/tx/0xf49a457365796578d910841fbedc31625f7f4386898bac69b46b520471ff4f8e
2023-03-26 09:34:11,False,1.05e-05,5.992e-10,1879620.0,0.0112,0xa2...768b,https://etherscan.io/tx/0x8a85f17134bb464715b082df95e47b695a00d2192ec8e49779bb20ab2df9be38
2023-03-26 09:30:23,False,1.051e-05,5.993e-10,8642712.0,0.0518,0x36...b255,https://etherscan.io/tx/0x6b603f0f154f923b5131a68bfa62854b349e9b15156e2251dea9e52a7333979f
2023-03-26 09:25:59,False,1.051e-05,5.995e-10,14106018.0,0.0845,0xff...9c02,https://etherscan.io/tx/0x02e773050b5ffdcadfbb3cc80ecabdc092b266fe03059fdf29a1938ebe70e56e
2023-03-26 09:22:35,True,1.057e-05,6.033e-10,2265765.0,0.0136,0x26...2d9c,https://etherscan.io/tx/0x5c920b873e822a302e6a6b6d7b31c95a0fd424ba202bb8c9cf776b89e0a8ec99
2023-03-26 09:16:23,True,1.057e-05,6.032e-10,1871693.0,0.0112,0x34...341c,https://etherscan.io/tx/0xcec297dc82fdfbc6efb438e0fc3a86570fe6ea0791130539dc57707795d876a4
2023-03-26 09:13:59,True,1.057e-05,6.032e-10,607510.0,0.0036,0x11...9576,https://etherscan.io/tx/0xd9969d182554589a9b94018a5def3f2e85f01df4bdcdf5a0fce28175a5913f05
2023-03-26 08:47:35,False,1.05e-05,5.996e-10,1629917.0,0.0097,0xf3...227e,https://etherscan.io/tx/0x50df758049c51374f0cb8f0c100b386c7f09ebe121e398c36c8c42d9064ea710
2023-03-26 08:44:59,True,1.056e-05,6.029e-10,30446503.0,0.1835,0xc1...9f8b,https://etherscan.io/tx/0x683c33aa0897dd2dc54aa4d7806d5e34390ca75f1a3b7b070ab4dc626e64d6c4
2023-03-26 08:37:23,False,1.049e-05,5.991e-10,938976.0,0.0056,0xb4...091f,https://etherscan.io/tx/0x6d73a80610e00f7c86a4d31b978bc03b444728db7cdcce6b7e2930d131591ce8
2023-03-26 08:36:11,True,1.055e-05,6.026e-10,9457886.0,0.057,0xba...74fc,https://etherscan.io/tx/0x70a71232b05187c9883663e41aaa8dc769b1d60dc28125819117728c0a282202
2023-03-26 08:19:47,True,1.056e-05,6.025e-10,799199.0,0.0048,0xbc...3102,https://etherscan.io/tx/0xd489d0c1a14f0cbe123b4679b1890b6df6eab4b226bcc5f7338efdee3537b3cb
2023-03-26 08:02:59,True,1.056e-05,6.024e-10,5758453.0,0.0346,0xc1...9618,https://etherscan.io/tx/0x21f65cc2ff41fb0e4f5bc5ccbcef1cef0c7bd27d76a9d9c33ffd9e65072b1494
2023-03-26 08:02:35,True,1.056e-05,6.024e-10,2879606.0,0.0173,0x32...3284,https://etherscan.io/tx/0x47db18cf878a0426239a2742c93039c3090edde4fcf5d2f4c1f1f1fea24e34ed
2023-03-26 07:52:59,False,1.049e-05,5.987e-10,1032717.0,0.0061,0xd1...f0d0,https://etherscan.io/tx/0xc382a606370dc5d15df9722ac88b841d1451a6ef13ae02791593c6d92ca63194
2023-03-26 07:51:47,True,1.055e-05,6.021e-10,23508307.0,0.1415,0xdf...7b3e,https://etherscan.io/tx/0x0e6078271e8bc27fc545c28ffec688d04dc9cf0538340ef3960dbfb6ea902276
2023-03-26 07:38:35,True,1.051e-05,6.019e-10,16466.9,9.912e-06,0xb5...17e5,https://etherscan.io/tx/0x41e3bf96f9671e3f24f60923e55b2468fe8afb8258393abbfb6c358d13c18e75
2023-03-26 07:31:59,True,1.051e-05,6.019e-10,332247.0,0.002,0xa8...f727,https://etherscan.io/tx/0xca1194b5cb5615f8414dbe4c8b464b383e519fdd3a915386e9a761e487c8c137
2023-03-26 06:57:35,False,1.045e-05,5.984e-10,7140528.0,0.0427,0xb4...b545,https://etherscan.io/tx/0x8306e3a98b9a8a7d16199d86067c9e2c7ccf8e0ae679e342ba3970277b0aed52
2023-03-26 06:19:35,True,1.052e-05,6.02e-10,237491.0,0.0014,0xa8...f727,https://etherscan.io/tx/0x0d8965600b5f60f65a681d2bdad8bbf51efb414f53cf1ee874596de9e6a8cd1c
2023-03-26 06:18:11,True,1.052e-05,6.02e-10,29118.6,1.753e-05,0x2d...89de,https://etherscan.io/tx/0xabb40e93870901372448985370c1e7c9eb16587977d9b35c5076ec33749cf1e5
2023-03-26 06:02:11,False,1.046e-05,5.985e-10,10115285.0,0.0605,0x7d...87dc,https://etherscan.io/tx/0xa88581210a66e6d43a430e0a6154651385989d9df9ba2c29fc9396eb75a6d053
2023-03-26 05:56:47,False,1.047e-05,5.986e-10,746466.0,0.0044,0x4b...e2d2,https://etherscan.io/tx/0x21ca022a6f391b476bbf426a6e99a8eaf7efd611e697c1ed01397db835921920
2023-03-26 05:48:59,False,1.048e-05,5.987e-10,6990665.0,0.0418,0xd8...002b,https://etherscan.io/tx/0x2b61cc826e130d866ec738e5d6fad5f0bff2cb8f05efde3ea049d68a1dc35305
2023-03-26 05:47:11,False,1.048e-05,5.99e-10,25336493.0,0.1517,0x1c...7cda,https://etherscan.io/tx/0xf8ccaf85046a4f542ee66dae19a88d768d9b90b84ca8291eab399f31265f66fa
2023-03-26 05:43:23,False,1.048e-05,5.993e-10,5477327.0,0.0328,0xec...fbc6,https://etherscan.io/tx/0x69826730500c6551c96b799ab20531bd814fde15609e5f8ff24a58f90745c244
2023-03-26 05:34:59,False,1.048e-05,5.993e-10,3728814.0,0.0223,0x4b...e2d2,https://etherscan.io/tx/0x090893d7ca84134a26de9fbe4e78d9e829b299d6e8e45bcd82a16ea1ab56f9e2
2023-03-26 05:29:59,False,1.05e-05,5.994e-10,2610634.0,0.0156,0x39...3472,https://etherscan.io/tx/0x863de57c5da7b05ec60e51e9ee62dada0fd1a119a95bf3423db50ede6bee9fe8
2023-03-26 05:26:47,False,1.05e-05,5.994e-10,1000000.0,0.0059,0xa7...be53,https://etherscan.io/tx/0x1605ee8e9a790939156fc74fcf6baab95a4b8c8809b9921106106ef9eacffa5a
2023-03-26 05:22:23,False,1.051e-05,5.995e-10,400000.0,0.0024,0xa7...be53,https://etherscan.io/tx/0xc5af395f74580cdddf929d69927f18f96d8a257b6d6c752ea038e747c78a3ba7
2023-03-26 05:20:11,False,1.051e-05,5.995e-10,600000.0,0.0036,0xa7...be53,https://etherscan.io/tx/0x0be660c3e69d7e9e2323a813d35682dc9da0073d65033a062339cd201df26ed2
2023-03-26 05:14:11,True,1.056e-05,6.03e-10,3637097.0,0.0219,0x81...3644,https://etherscan.io/tx/0xc2284df49db5518207a96e96111a874b318b83a7128b94f36cbb6cd3c2049df3
2023-03-26 05:13:59,False,1.05e-05,5.994e-10,2300000.0,0.0137,0x37...42fa,https://etherscan.io/tx/0x002d7717cebdd6310bb1d233cce80baae5a9bbc1e382f81513f79ec50431ad81
2023-03-26 05:07:23,False,1.051e-05,5.995e-10,10690141.0,0.0641,0x78...e1cd,https://etherscan.io/tx/0x4e0755afd2aad966cb996eb971d7d5a126f2b353b2d511344dbd81eeca289a01
2023-03-26 05:04:35,False,1.051e-05,5.996e-10,1013960.0,0.006,0xad...345d,https://etherscan.io/tx/0x10ab460a798e39001a0ee235a9d9d74a48fc7d3343e2b4924ddf8f273adae3e0
2023-03-26 05:00:23,True,1.057e-05,6.033e-10,994510.0,0.006,0x98...cdb4,https://etherscan.io/tx/0x5123dd02588231c17099d03b0155d4a05b5e8da2d458b35dde37371cfee1ad4a
2023-03-26 04:58:11,False,1.052e-05,6.002e-10,60484086.0,0.363,0x8a...8387,https://etherscan.io/tx/0xd917000c0fad41417f81f9b36046ef349dc758fe2a6f951491dc8bf292442963
2023-03-26 04:52:59,False,1.052e-05,6.009e-10,17495164.0,0.1051,0xbe...94f3,https://etherscan.io/tx/0x58c88f7c9c488d618fe639022cd5235b398a56dc4b0936d32ea855b1270d81de
2023-03-26 04:38:35,False,1.055e-05,6.019e-10,90459417.0,0.5445,0xc8...77f1,https://etherscan.io/tx/0x56fbe50bef93b5303b82e862d7addea0fc8128e0c39214823eff08989c2eecaa
2023-03-26 04:31:47,False,1.056e-05,6.028e-10,9304511.0,0.056,0x8a...f7b9,https://etherscan.io/tx/0xe1632323ff8c53c627cb31048ca1337bb4b2bc8688cfe7b7b0a434623cb9a26d
2023-03-26 04:27:47,True,1.062e-05,6.064e-10,11635365.0,0.0705,0x98...cdb4,https://etherscan.io/tx/0x4c00fc127c11b04e809153104e74402280d5f7a0276c27988d92b8caa8769033
2023-03-26 04:23:59,True,1.06e-05,6.054e-10,97524881.0,0.5904,0xe5...e934,https://etherscan.io/tx/0xe7dec56464be7f4842bd7e14cdf374e5d3cdf63c42be4676e1669595e6723488
2023-03-26 04:21:59,True,1.058e-05,6.043e-10,19750366.0,0.1193,0x98...cdb4,https://etherscan.io/tx/0xa058ad89bcfd1be3b4a5f1d4c396b32977558c7e759d74375f9a60497c353fda
2023-03-26 04:21:23,False,1.052e-05,6.007e-10,20119200.0,0.1208,0x78...c1b3,https://etherscan.io/tx/0x59ff907f83fe94c2c90e054441a33b36ff77ee799a4339c56da554add93f5a34
2023-03-26 04:10:35,True,1.058e-05,6.045e-10,4673214.0,0.0282,0xa2...154b,https://etherscan.io/tx/0x374798766a43c3886947b356b3b5fd8b2d0bf58211175d236b4b0b3baa865955
2023-03-26 04:06:47,True,1.058e-05,6.044e-10,1323480.0,0.008,0x7c...61ac,https://etherscan.io/tx/0x75d1585d47d79ef9b3f7edebf88670327a4242cca9c990e946b2e7d914294d16
2023-03-26 04:02:11,True,1.058e-05,6.044e-10,2095567.0,0.0126,0x21...b4da,https://etherscan.io/tx/0xe137afc4fb7dcdb1730ca0981bb51b274d26f04929b0a01c85291ddb07d4b4f8
2023-03-26 03:55:59,False,1.052e-05,6.008e-10,2491976.0,0.0149,0x2d...8ae0,https://etherscan.io/tx/0x7d06bd8cf07ca92aa29c6340fd909c1bff33d34654c0d38ec952c0668926d0e7
2023-03-26 03:50:59,True,1.058e-05,6.044e-10,3279941.0,0.0198,0x62...7216,https://etherscan.io/tx/0x2e9e907b66df5807846e083a48bafd6da6e877a1ca542561aa2290b50d3497f5
2023-03-26 03:47:23,False,1.052e-05,6.007e-10,1988803.0,0.0119,0xc1...9390,https://etherscan.io/tx/0xb638634bbad5461595f6306070a5972f93d840a3ee77a0bba4eaaa4bf6a4df4f
2023-03-26 03:46:59,True,1.059e-05,6.043e-10,4920231.0,0.0297,0x93...9899,https://etherscan.io/tx/0x82e188bfc58b763fa59408faf3ce3a949f96ae84034f8298ea5548b131474cc8
2023-03-26 03:41:11,False,1.052e-05,6.008e-10,15613167.0,0.0938,0x4b...ca68,https://etherscan.io/tx/0xaa6fd80658f251746106b102b1b7d48704d294ab1997c7cd2bc62c5a1fa16814
2023-03-26 03:39:35,False,1.052e-05,6.01e-10,6589008.0,0.0396,0x6f...192f,https://etherscan.io/tx/0x6783fde11bc71bb3be53fc600050333bc4bc52ec44395ed686664abfe30200b0
2023-03-26 03:13:11,True,1.058e-05,6.047e-10,2838398.0,0.0171,0xe3...05f6,https://etherscan.io/tx/0x96ede9812abd92667cf49d8012d5df4cae51c5cfd7823a6222428d60da555a2b
2023-03-26 01:58:11,False,1.053e-05,6.012e-10,17448072.0,0.1049,0xcc...7c49,https://etherscan.io/tx/0xf81a2f6ceba6c39eebd2eb1f1eefc67b5ddfa434cd258c71c1226231f102f344
2023-03-26 01:56:47,True,1.06e-05,6.049e-10,16611731.0,0.1004,0x05...5116,https://etherscan.io/tx/0x44b79f8b15c259f6415472614e7f9e6098e6df3ac531fee95b6ea7fa1f247c7f
2023-03-26 01:51:23,False,1.054e-05,6.012e-10,8300000.0,0.0499,0x34...9404,https://etherscan.io/tx/0xa95f3d6008716dda459017e1a1a436dc8a4275c896507c5180fde2f6346b843c
2023-03-26 01:45:11,True,1.057e-05,6.043e-10,58649068.0,0.3544,0xd2...8434,https://etherscan.io/tx/0xd3acf9838a796f0df2e5eb543c99f479480f178f75c0487739670b12523c47e8
2023-03-26 01:37:11,False,1.046e-05,6.002e-10,2000000.0,0.012,0x4e...c2b4,https://etherscan.io/tx/0x11c6169783d133059f2312d38e41580861ebb33f8b0e2cb98ab003acbc49367e
2023-03-26 01:36:47,True,1.052e-05,6.037e-10,16419353.0,0.0991,0xff...8bf6,https://etherscan.io/tx/0xf2c7ab368c0b83a6c87aeb6fa6aacc8e778cabc402292d880ed412439d781028
2023-03-26 01:27:35,True,1.049e-05,6.031e-10,47059699.0,0.2838,0xb4...7efc,https://etherscan.io/tx/0x83dfdee65c1d9f954252a4812e6855eb1e18584ba03dcb7bb38ad28e2bca6046
2023-03-26 01:20:11,True,1.047e-05,6.02e-10,65724273.0,0.3957,0x93...90d1,https://etherscan.io/tx/0x7e2cd36503c48be625ae5926a21e67dac76345f6fca8896faf0aabce98e8797a
2023-03-26 00:54:35,False,1.04e-05,5.979e-10,6109329.0,0.0365,0x18...6897,https://etherscan.io/tx/0x438cffd3d89edfb583a89297957b7937f22b3b10103f09fa611f242bbeae6b81
2023-03-26 00:40:35,False,1.04e-05,5.98e-10,3746452.0,0.0224,0x91...4278,https://etherscan.io/tx/0x06dae57439da2aa873b156e52307cacb9e3ae017450c49e14d41038c94fc6f7c
2023-03-26 00:30:11,True,1.045e-05,6.012e-10,45430298.0,0.2731,0x02...e2f6,https://etherscan.io/tx/0xa96c62069876c792498ccfe1be9af65d978ff2aa6fb87c96584f376da8a83405
2023-03-26 00:18:59,True,1.044e-05,6.008e-10,1421598.0,0.0085,0x3c...202a,https://etherscan.io/tx/0x083f53f614d95a61c115905250b83b1498159806dea7bee0fd3a280acfc75edd
2023-03-26 00:13:11,False,1.037e-05,5.977e-10,59363334.0,0.3548,0xa9...e6d1,https://etherscan.io/tx/0xe9e6014c6a951f7cd63fa972578beae4c2a95c4ee33d0e3a9b6bbffdf8b4782a
2023-03-26 00:07:11,True,1.044e-05,6.017e-10,19943358.0,0.12,0x44...deae,https://etherscan.io/tx/0xa149d3a848901ae20f8ad7da14f3e3510111877cdd4b9436a4a2a01b60c3cc3d
2023-03-25 23:47:35,True,1.046e-05,6.013e-10,21815931.0,0.1311,0xbc...425f,https://etherscan.io/tx/0xffda8584b272586e219db63882ebe58a7500966efce35d28b6fa69a9ee64501e
2023-03-25 23:46:47,False,1.043e-05,5.998e-10,250000000.0,1.49951,0x80...fe27,https://etherscan.io/tx/0xb38c825cf8df21f479510146639eaa5b5fc3d61d6a511e98d6ff7ebd5b2d10a6
2023-03-25 23:41:59,False,1.046e-05,6.021e-10,11404570.0,0.0686,0x4a...5629,https://etherscan.io/tx/0xc68f2e821fa32a3b4c8b5941a70bb3aac2898804baea2c050deea9de7104c387
2023-03-25 23:36:59,True,1.053e-05,6.056e-10,28173238.0,0.1706,0xe3...8329,https://etherscan.io/tx/0x9b8c9938bf2fb98844954fe20cbfcb64750fcd3b6fc6392db255af43b87ccbeb
2023-03-25 23:07:35,False,1.044e-05,6.018e-10,5567777.0,0.0335,0x8d...e283,https://etherscan.io/tx/0x7534ee20b7d640c423dbe0f227ab930fcbdd5443b1e2fea3fa4fce5fc6c3f225
2023-03-25 22:55:59,False,1.042e-05,6.019e-10,3271955.0,0.0196,0x8e...1566,https://etherscan.io/tx/0x7414c10e54f7e7e066a1993e20c01fb9381225b01e8481c76afca2854732f8cd
2023-03-25 22:52:23,False,1.042e-05,6.023e-10,46742210.0,0.2815,0xd8...0e9e,https://etherscan.io/tx/0xc1f853bebb9c4e439eaf5fc9d6689a452aa83d2fab03e4d2171484d22007bed2
2023-03-25 22:49:59,True,1.049e-05,6.064e-10,1879783.0,0.0114,0xc5...9b63,https://etherscan.io/tx/0x483dd45d599ef2863109254cacb5947627d1bbb69150b99ecff74012de984b22
2023-03-25 22:49:35,True,1.049e-05,6.063e-10,707275.0,0.0042,0xf0...40b3,https://etherscan.io/tx/0x380a49f3a1c9133792f48be89d304a9c21dfa4f46a469f347b8ec84e8c8e7bb8
2023-03-25 22:47:23,True,1.048e-05,6.061e-10,24030434.0,0.1456,0xc3...fd6c,https://etherscan.io/tx/0xbaf96d75e8998e6c72a266d99d2ac2b78edcf566eca5f75b9a59622616e68d90
2023-03-25 22:46:11,True,1.047e-05,6.057e-10,23763624.0,0.1439,0xc3...fd6c,https://etherscan.io/tx/0x7e4de0f138eb4e7badbc465b5f7c100751e143db84a89d6f7609b43cbd8a5e7c
2023-03-25 22:42:11,True,1.049e-05,6.054e-10,304972.0,0.0018,0x99...03ed,https://etherscan.io/tx/0x63bee9bcc20ff42177e96dd03b8833bfc97b52595a03c078b8a36f903d5d393f
2023-03-25 22:42:11,True,1.049e-05,6.054e-10,1399215.0,0.0084,0xde...9023,https://etherscan.io/tx/0x245fa48adcfefb62caa37d6fe93f4d9495f9acb2014d21e898f462bad7a7dcf2
2023-03-25 22:40:11,False,1.043e-05,6.023e-10,55346853.0,0.3333,0xcc...9df6,https://etherscan.io/tx/0x9a10a6a3aaf40e6204d104124d09b6280a01338388b4ea03f64f271dde852765
2023-03-25 22:37:59,True,1.051e-05,6.063e-10,10691868.0,0.0648,0xb6...980f,https://etherscan.io/tx/0x1f8b2e56f47701597e4fb115489acf81ff2c385be59abe6304d065efb3e51c23
2023-03-25 22:29:47,False,1.046e-05,6.028e-10,18707134.0,0.1127,0xc2...a711,https://etherscan.io/tx/0x19dc9ec32c5fa0073e25ca83f528d7b0e72e21d88b8289339226be418abe4b69
2023-03-25 22:25:11,True,1.052e-05,6.066e-10,9402.47,5.703e-06,0xdb...92f2,https://etherscan.io/tx/0xaa129157ef9d5e04a1ea2999bba8c5f8f54c065976b1665754a9f54acc45ba11
2023-03-25 22:09:59,False,1.046e-05,6.031e-10,12000000.0,0.0723,0xf0...7af2,https://etherscan.io/tx/0x8197b84e90740546c4119337f686f19ede7132616c9098236575f82d2f7ba236
2023-03-25 22:09:11,False,1.046e-05,6.032e-10,3528816.0,0.0212,0x64...fb0b,https://etherscan.io/tx/0xb7e7b0bab8a26716fd8a70e992c0b696c067cfe8e53723c7b6a8b891f965d034
2023-03-25 22:01:23,False,1.044e-05,6.033e-10,7000000.0,0.0422,0x37...b432,https://etherscan.io/tx/0x88714337b7b8fc6e822724ec079d85b5ebdebd3b9f6129c04313ddff148aca14
2023-03-25 22:01:11,True,1.05e-05,6.069e-10,9411627.0,0.0571,0x90...8890,https://etherscan.io/tx/0x1609d58fdbd7ceb70af637c6ce1324b9d3948d682defa558aa831acf5f919963
2023-03-25 22:00:35,False,1.043e-05,6.032e-10,954838.0,0.0057,0x3e...8595,https://etherscan.io/tx/0x3dbc8ab197148c94bfac13e4b51043a0e10bc08273548aad7c9204ce4c481a9f
2023-03-25 21:56:47,True,1.05e-05,6.067e-10,21427270.0,0.13,0x62...810f,https://etherscan.io/tx/0xcdd275170e0f0225417bbbfa7694e0bf389c983fb03d5ad43143ee3f55a247d4
2023-03-25 21:54:23,False,1.043e-05,6.029e-10,12525348.0,0.0755,0xa7...4d32,https://etherscan.io/tx/0x0b0517bd70aa3bda0c5583e58a9035ea9b4f6f0bc916ffbc90e8adb06c320a57
2023-03-25 21:46:11,False,1.044e-05,6.032e-10,16770678.0,0.1011,0x40...b1b6,https://etherscan.io/tx/0xb58075df7a474551b7085190d0c2d8aaed17dd967c0ad3d921a186bc25d44948
2023-03-25 21:44:23,False,1.044e-05,6.036e-10,23929589.0,0.1444,0x91...dc25,https://etherscan.io/tx/0x100bc76d57190d344319b965ba93129e2a122b31836c8fdeefa8e1bb5a512bb7
2023-03-25 21:38:11,False,1.043e-05,6.044e-10,63902203.0,0.3862,0x00...3d00,https://etherscan.io/tx/0x31cdfb5bf369238831bd7ccbb786cd11b436603626dc0f86582ad25dd5a37897
2023-03-25 21:35:23,True,1.046e-05,6.066e-10,212467953.0,1.28904,0xa6...a54c,https://etherscan.io/tx/0x13c2fb284b9d5eb54c79f181e5df4d1d015f32a95166076685577509a9f64564
2023-03-25 21:28:11,False,1.036e-05,6.011e-10,2403501.0,0.0144,0x3f...240a,https://etherscan.io/tx/0x3138f75150dc0074a342c30ada26beaff774a36f2527c97c3e7034251d5b15f0
2023-03-25 21:25:35,True,1.041e-05,6.047e-10,2458658.0,0.0148,0x7f...ff5f,https://etherscan.io/tx/0x4543510844589eb88b8e4accdfee2f324784703e80b528ab567d2c4046e7f6d1
2023-03-25 21:18:23,True,1.042e-05,6.045e-10,16965377.0,0.1025,0x45...2015,https://etherscan.io/tx/0xbea839086dae37691ffcec5e94fda401bb587922f09cd47bd42209041a608cfa
2023-03-25 21:13:59,False,1.034e-05,6.009e-10,18821293.0,0.1131,0x3d...1dca,https://etherscan.io/tx/0x35f2b401faf49f96d7e63b537d88b6603c6c15cdd69990d052620120f15a1f5e
2023-03-25 21:07:23,False,1.033e-05,6.011e-10,3500000.0,0.021,0xc2...7117,https://etherscan.io/tx/0x8c1f0ae32a3092fd561e9f3bfcfc4038a6b4b8f9a5a27ed43b8edee71693971c
2023-03-25 21:02:23,True,1.038e-05,6.047e-10,10654600.0,0.0644,0x79...e587,https://etherscan.io/tx/0x8681b60242101893e0026e0b2e67e063eac38b768bcdf5cb3805806fde96c027
2023-03-25 20:56:47,False,1.033e-05,6.01e-10,6662781.0,0.04,0x16...317c,https://etherscan.io/tx/0xcd7900fcdff53405b86b948471b66dc10bc6dcac38ff30ec186207b8bf907fba
2023-03-25 20:52:35,True,1.039e-05,6.046e-10,9374583.0,0.0566,0x26...2e9e,https://etherscan.io/tx/0x0126e071cf518d25ff63f37c0ea7c1e5b7962b9385c892da5f3322905919afd8
2023-03-25 20:41:23,False,1.037e-05,6.01e-10,4922312.0,0.0295,0xa9...b4c4,https://etherscan.io/tx/0x13152d055b14a70592f338bcc1b4b0e398e2e08fe296492c3f867032bdae3a1a
2023-03-25 20:37:35,True,1.045e-05,6.046e-10,1119261.0,0.0067,0x69...beea,https://etherscan.io/tx/0xeea35f06489904f1d8e912a7a80ed36995746bd1290bbeacc11d35e8f038ab62
2023-03-25 20:33:11,False,1.038e-05,6.018e-10,93927894.0,0.5653,0xd8...0e9e,https://etherscan.io/tx/0x7af3baf52b3e249cc25b128891eafba6cbacbb41fbe5d4dfae345cb9b9ed9b8c
2023-03-25 20:26:47,True,1.048e-05,6.06e-10,30946635.0,0.1875,0x65...837f,https://etherscan.io/tx/0x01480a1d80c93c3d639f7bf49f9854eaffae2978f9a52243ea5d4ddbf5f87030
2023-03-25 20:14:47,True,1.045e-05,6.056e-10,12201192.0,0.0739,0x76...7d5e,https://etherscan.io/tx/0xc4b3405ab9ed5c80b6fe1f1a937a0810cd42a9df1b8b91fe0028382d4729ebe2
2023-03-25 20:00:23,False,1.047e-05,6.02e-10,14871038.0,0.0895,0xe6...6dbe,https://etherscan.io/tx/0x06d4f7cccde36911c805fefcebaeb4879cdab890830c015a36494bbcb66d164e
2023-03-25 19:53:23,True,1.055e-05,6.057e-10,9818117.0,0.0594,0xd8...196d,https://etherscan.io/tx/0xb4025767815e7f5de52b7f456ed9b888a711d44b20672870eb027b323c6e7e00
2023-03-25 19:42:59,False,1.05e-05,6.024e-10,44489241.0,0.268,0x32...25e0,https://etherscan.io/tx/0xfc59e6531524d23ef6ef179c1b5cf581a24b33ff0fca2ac721b0d139964ed850
2023-03-25 19:13:11,False,1.052e-05,6.029e-10,8000000.0,0.0482,0x11...47a0,https://etherscan.io/tx/0x4b67080339d89dc511c830d1289430614ce440b5da43a22d9e0d2c9e835ca1c6
2023-03-25 19:10:47,True,1.058e-05,6.066e-10,3268115.0,0.0198,0xd5...1714,https://etherscan.io/tx/0x814b80405a60e77392c00432ce95641527fecf32f72f04077f895f179306d7b6
2023-03-25 19:03:35,False,1.052e-05,6.03e-10,6527255.0,0.0393,0x9b...8d93,https://etherscan.io/tx/0x1133778f4e62128b965886cbd65e51a09fd934d2c8c2661989a277fdb02dbeb5
2023-03-25 18:54:59,True,1.059e-05,6.066e-10,10040760.0,0.0609,0x42...7664,https://etherscan.io/tx/0x577cf149b44ff52f0fb52b42b92c187252e549ee0477801d31324a8e8d3c1a36
2023-03-25 18:54:11,True,1.058e-05,6.061e-10,37189463.0,0.2254,0xcd...413a,https://etherscan.io/tx/0xc32976d96b59362e01c2d2a798449302e4608a5b57f1468f482db8b6372c75d9
2023-03-25 18:25:47,False,1.053e-05,6.028e-10,65462464.0,0.3946,0x63...0407,https://etherscan.io/tx/0x569d5e44537248666641afcb7da6c234054bc88b74d75433c940597567b97760
2023-03-25 18:24:47,False,1.056e-05,6.042e-10,93352192.0,0.5641,0xd4...6d7e,https://etherscan.io/tx/0xaa39576634fa44f6c73ceca714ea99bb3cbb6c7254da6907f07cb9c0497eac81
2023-03-25 18:08:47,True,1.066e-05,6.087e-10,5699380.0,0.0346,0x79...e587,https://etherscan.io/tx/0xe5a5166dd826d61ec9e30015c7fe7645493d4e2db688794d13319cc1c82e51e1
2023-03-25 18:01:23,True,1.065e-05,6.072e-10,157282104.0,0.955,0x5c...d3e8,https://etherscan.io/tx/0x17104d1ea5238c48a30d570bf1ab32717b7226aaf162a699239df46122b28666
2023-03-25 17:59:35,False,1.056e-05,6.021e-10,5646522.0,0.034,0xd7...a3b2,https://etherscan.io/tx/0xacb70511165769bf3cd7b8e25d6f0d21ebe8961687df4682a9f40b6e365ac4df
2023-03-25 17:59:35,True,1.062e-05,6.058e-10,4908763.0,0.0297,0xa0...e27f,https://etherscan.io/tx/0x0785df753b87ee1f13f99ed94212c24a649d85be61b9e750b3a3e0fec4ee86d2
2023-03-25 17:56:11,False,1.056e-05,6.023e-10,28068109.0,0.169,0x6d...62be,https://etherscan.io/tx/0xbfef43944e3dfe0f3eea3cb6292d830b6e560a9feb79374bc40d2b9d3e80ae39
2023-03-25 17:41:23,True,1.064e-05,6.062e-10,1308006.0,0.0079,0x0d...c933,https://etherscan.io/tx/0xa7e18d20ac950356a7851e29f4c04989e823a2bb083fcf99be92a9e18acdea6c
2023-03-25 17:34:47,True,1.064e-05,6.062e-10,802915.0,0.0048,0x82...9afc,https://etherscan.io/tx/0x971f0d61a14a2df3b39a2cebd559364e778b2037952fe57d34593fb00c25c5d4
2023-03-25 17:32:11,True,1.064e-05,6.062e-10,1635121.0,0.0099,0xcc...586e,https://etherscan.io/tx/0x483af2812837c6570e7e010c22b57b5d5e1950451725dc7bc6a5906d3d006e22
2023-03-25 17:27:11,True,1.063e-05,6.061e-10,1649638.0,0.01,0xe4...9d41,https://etherscan.io/tx/0x780551049e569bcb6bed813352a22600d4d9c3255df1e766b2d3072a88c30e66
2023-03-25 17:14:47,True,1.063e-05,6.06e-10,13084586.0,0.0793,0xe6...6dbe,https://etherscan.io/tx/0xdd221d59d63b77b6c7599c6beb6ef9a5626e73b54abf06283281381076e6ca04
2023-03-25 17:10:47,True,1.063e-05,6.059e-10,1786453.0,0.0108,0xe6...6dbe,https://etherscan.io/tx/0xf461f4fb67f9a62e180a18e3711c77e4290bedecd436010449aaea90dc408376
2023-03-25 17:04:11,False,1.058e-05,6.028e-10,66855343.0,0.403,0xcf...1b6a,https://etherscan.io/tx/0xe432ef3bee194384e929898b3a5e1ed37bddc7b983ea6c31e5db9a8b5f5314d8
2023-03-25 16:54:11,False,1.062e-05,6.039e-10,49500000.0,0.2989,0xbb...a495,https://etherscan.io/tx/0xf9fe6e947cc2026f770ff63b5ad5a59a55da95be2c42db040ce3b15966d0185b
2023-03-25 16:44:23,False,1.059e-05,6.044e-10,1202624.0,0.0072,0x70...ba35,https://etherscan.io/tx/0xd47db1562c652dee79bdbf53358e61c21b590b64d7dfee3925aba78c6a81a276
2023-03-25 16:38:23,True,1.063e-05,6.073e-10,81999786.0,0.498,0x99...e29f,https://etherscan.io/tx/0xdceca28fb14e87cea8edc68d06ecc53b943bffc542ad43589bc7ed1093241c1e
2023-03-25 16:26:47,False,1.054e-05,6.031e-10,23348394.0,0.1408,0x81...b0c4,https://etherscan.io/tx/0x8cc916aad2833da34937e06b1ea764059255db35ae2a6d468a46617287413192
2023-03-25 16:23:11,False,1.054e-05,6.035e-10,19176374.0,0.1157,0x71...1721,https://etherscan.io/tx/0x75c2b3efbec935bc6e25c33132b34a01c56a774858000a865a2e931d2f67f06a
2023-03-25 16:20:47,False,1.054e-05,6.037e-10,9800000.0,0.0591,0xd5...e204,https://etherscan.io/tx/0x20caf5091c732fcb79e57c45511c6b926451f98a181ea27983de6c0c9788229c
2023-03-25 16:17:23,True,1.061e-05,6.075e-10,473171.0,0.0028,0xdb...3603,https://etherscan.io/tx/0x891c9e9d72ae5a8850f85d2711cb599756175b7eb58623dc4aa4f0abeb4ae774
2023-03-25 16:11:23,True,1.062e-05,6.075e-10,1631677.0,0.0099,0x8a...f4f2,https://etherscan.io/tx/0x9beab1c00d45b8cc9026b923b1a78a9c97d9486863b2d1c03cee70eef2cd6351
2023-03-25 16:06:59,True,1.062e-05,6.074e-10,1752510.0,0.0106,0x7e...a282,https://etherscan.io/tx/0x8f018fba8bf46a0343a1d484b178196bbc85052de2cf47d054dc9e60d4eb7b6d
2023-03-25 16:02:23,True,1.062e-05,6.074e-10,3885748.0,0.0236,0x91...aec7,https://etherscan.io/tx/0xa874f28e3ed4349df027ed7ce15544c605894b7083fd167baf7c86ac22bee1b0
2023-03-25 15:59:47,True,1.062e-05,6.073e-10,29616.4,1.798e-05,0x2d...89de,https://etherscan.io/tx/0x72f2ea83ab90d966ad0ac4d6240add591b7f996055ca9ed2a457afc1a77b506f
2023-03-25 15:59:11,True,1.062e-05,6.073e-10,163201.0,9.912e-05,0x7f...4cd3,https://etherscan.io/tx/0x563cdfda04b8f46ddb481581e86f1cb40c3eb57df57cf62ab6ce26a80f152120
2023-03-25 15:58:35,False,1.056e-05,6.038e-10,13611866.0,0.0822,0xf3...3822,https://etherscan.io/tx/0xf68740899150b52361ffdb3d871dec2d9685326d035b4a4ba009beaade52bb10
2023-03-25 15:52:47,False,1.058e-05,6.04e-10,8027269.0,0.0484,0x26...9748,https://etherscan.io/tx/0x41b2b1c889bd626fcf460906bb76bb29fde74aa17c7c189108ef1844f888e427
2023-03-25 15:45:11,True,1.064e-05,6.077e-10,1947244.0,0.0118,0xd8...9bad,https://etherscan.io/tx/0xbf65369217595ac0f953bdb54d3ddc2b10b2fea32ed5ce4178f06e08c2ad1b4d
2023-03-25 15:44:35,True,1.064e-05,6.075e-10,19646410.0,0.1193,0xc9...4ec4,https://etherscan.io/tx/0x5578831e01738b49205419059dd46eea44abc284e728b2a24b16b2db783a4d74
2023-03-25 15:42:47,True,1.064e-05,6.073e-10,1369931.0,0.0083,0x7f...3fc9,https://etherscan.io/tx/0x07e565bcd8dee7cfa4489798d189e34fcc3e5ae06e7d4a38dd7d9d7740b7d581
2023-03-25 15:41:59,True,1.064e-05,6.072e-10,7345188.0,0.0446,0xeb...51d0,https://etherscan.io/tx/0x2aef43b6fbe3a25dc8ca78f45b2571856eba024e6bce76589f35e9542f11dd41
2023-03-25 15:26:35,False,1.057e-05,6.037e-10,19111811.0,0.1153,0x69...9a65,https://etherscan.io/tx/0x6ad5382c5a3a26fb705af6c0fe1fa724f80a0e371e0fa47f852fedf4bd5c5742
2023-03-25 15:18:35,True,1.063e-05,6.07e-10,57272793.0,0.3476,0xcb...e026,https://etherscan.io/tx/0xa5ac462505a7be343a260d6f3597a64051aff49ab2a443371c45916c2c1b74a2
2023-03-25 15:16:35,True,1.062e-05,6.064e-10,2124740.0,0.0128,0x9a...94c0,https://etherscan.io/tx/0x82d23b8809521c6688caefddcbe28be4b7d640379d6b54dbb0736df93fafe59b
2023-03-25 15:14:35,True,1.062e-05,6.063e-10,11214426.0,0.068,0x04...bba3,https://etherscan.io/tx/0x18c46f9352b50fe461b5af1c741ad169a47d16728293261aa4362e9097eeccd7
2023-03-25 15:14:23,False,1.055e-05,6.027e-10,9688290.0,0.0583,0x80...f772,https://etherscan.io/tx/0xd66f481a7972de4f57e2142c28ff5d8c33e58a882702fcfda1d0a61d47722dd8
2023-03-25 14:51:35,False,1.055e-05,6.03e-10,26683660.0,0.1609,0xf4...8a6e,https://etherscan.io/tx/0xec6ba0797f015e67031098995adfc10fb7ab6c8c59b08cdefb97ca8559479eae
2023-03-25 14:51:11,False,1.055e-05,6.033e-10,746114.0,0.0045,0x5c...6934,https://etherscan.io/tx/0xe50a5037df1a38a28b3bbc6a0c1f298eb8ebd5726077e0293761b53ac2f5aebb
2023-03-25 14:45:35,False,1.058e-05,6.039e-10,69342431.0,0.4187,0x23...7d83,https://etherscan.io/tx/0x1f7a7e98dddb645cdb8a0ac65e21b8fbd1714948cb3dad1171f3b7be2114cb1f
2023-03-25 14:39:47,False,1.06e-05,6.047e-10,16428604.0,0.0993,0xb7...bf21,https://etherscan.io/tx/0x1b9472e7e637daa5ced81b0ad48baea4cb15d8c9f5b953ef953b485ccc14ede9
2023-03-25 14:33:23,False,1.06e-05,6.063e-10,160164515.0,0.9712,0x5c...d3e8,https://etherscan.io/tx/0xf78b545e53e5723a66367c55de9b2cb3362547b91bfa6e80e9e4d735319ae82b
2023-03-25 14:33:11,True,1.063e-05,6.084e-10,332255376.0,2.02151,0xa0...44c1,https://etherscan.io/tx/0xc8ae209848bff8a61d728871b51c21710582c55ae10df4a9b63fc36a59635264
2023-03-25 14:31:59,False,1.05e-05,6.017e-10,122.784,7.387e-08,0x35...f3d5,https://etherscan.io/tx/0xa1ff42f783e3114b8f047fa971be64f8a8800748f618e4b1b639b59079a4f926
2023-03-25 14:31:35,True,1.056e-05,6.053e-10,1652037.0,0.01,0xf6...287b,https://etherscan.io/tx/0x07ba3da3ee2b3a5c2d2eac0211724d758e2a989b9347f23086e2475c12e7efc8
2023-03-25 14:28:59,True,1.055e-05,6.048e-10,48102483.0,0.2909,0x6e...8b83,https://etherscan.io/tx/0x50e446287bc092c93659cc00b2c441d6d215c4121f8f3d3ab4ce70f693a200ca
2023-03-25 14:21:47,False,1.047e-05,6.009e-10,18644068.0,0.112,0xbf...66ab,https://etherscan.io/tx/0xde92b262f5e203b466846bf77e3bf0bb8f3f02383728de776aa03ab4ebfcecfe
2023-03-25 14:19:11,False,1.047e-05,6.015e-10,43436067.0,0.2612,0x50...16c2,https://etherscan.io/tx/0x082359b76914406ef54291f168ef84b0a7bfc03fbca919c6f86734ab8ae40d45
2023-03-25 14:00:47,False,1.049e-05,6.019e-10,3773971.0,0.0227,0xa5...6ab4,https://etherscan.io/tx/0x2db56a38f581abc33b67bd23b76ef135d74301f3b0a396410dc52eb6dd4ea85d
2023-03-25 13:41:47,False,1.049e-05,6.021e-10,14261348.0,0.0858,0xd3...3923,https://etherscan.io/tx/0xc186ab7c3bb9ecd9495c48bb162c9c756ff587251f45304177dbae6f3b00a9a8
2023-03-25 13:20:11,True,1.057e-05,6.057e-10,11644601.0,0.0705,0x76...7d5e,https://etherscan.io/tx/0x6fcc898f5dddc0f37c9fe5022a7b75c25ca57aa38d6750138a50039d8e63c444
2023-03-25 13:03:59,False,1.05e-05,6.02e-10,929577.0,0.0056,0xfe...7350,https://etherscan.io/tx/0x27efee711d9c7441fe691c142b97b8ce3104fc22946627644c1b6c9f892169ef
2023-03-25 12:58:59,True,1.056e-05,6.055e-10,9742434.0,0.059,0x62...810f,https://etherscan.io/tx/0xe2e0282e3e5bfc5584490124334a5143d27b63681806f1567948e1a2f8126dc2
2023-03-25 12:40:59,False,1.054e-05,6.03e-10,129824909.0,0.7829,0x55...1919,https://etherscan.io/tx/0x386b7384e253c70885c86b6d28a0ebe61e5e80f65d22fe274041ae880317e1d3
2023-03-25 12:38:59,False,1.057e-05,6.046e-10,45444113.0,0.2748,0x76...7d5e,https://etherscan.io/tx/0x9c8cd047a5f4873b989e5f0054e38dbe8df16f062bb37167db7533cc7953b2af
2023-03-25 12:32:59,True,1.062e-05,6.081e-10,67622623.0,0.4112,0x00...3b8e,https://etherscan.io/tx/0xda4fcb9ba71f8a18fe918ccc6bf7ae04b1fe8325fc61decf60745408c5fcba6c
2023-03-25 12:27:23,True,1.059e-05,6.067e-10,85752434.0,0.5202,0x00...3b8e,https://etherscan.io/tx/0x5305feb48eb9820dedf0ca0d01fadb06874354bc3ed9978fe75b8977165e08cf
2023-03-25 12:15:35,False,1.051e-05,6.022e-10,1418942.0,0.0085,0x73...9f76,https://etherscan.io/tx/0xd31f53b7b7533cacdfa35ee62201feeaf8909b832bf750a722e09190ed68bae3
2023-03-25 11:59:35,False,1.053e-05,6.023e-10,3667328.0,0.022,0x08...b525,https://etherscan.io/tx/0x4f557e274ebbbd77f945fa7954d3f258b9a8c5389e181a9bb58c3008989a73e3
2023-03-25 11:55:47,True,1.059e-05,6.059e-10,4907559.0,0.0297,0xd5...1714,https://etherscan.io/tx/0xc2cd014dae6d6a7836ea4321d4c30976a206364493e79da635bca2f498c53a9d
2023-03-25 11:43:11,False,1.052e-05,6.025e-10,24729180.0,0.1489,0x85...3398,https://etherscan.io/tx/0xcedaee68157975a1ebe011a7a808a978a34ad60ce998b512f9b1575dce412d1b
2023-03-25 11:41:11,True,1.058e-05,6.062e-10,8174727.0,0.0495,0xeb...f492,https://etherscan.io/tx/0x7dd9bca420e78d2cc0f7317b33c3e7566f9a13b008010b7700d5336ac548da76
2023-03-25 11:39:23,False,1.05e-05,6.025e-10,463415.0,0.0027,0xd1...1e48,https://etherscan.io/tx/0xb18db14bb08f0f07e678c0d8c6174936ff57ae8f31559bc0173b96c368d22c72
2023-03-25 11:38:59,False,1.051e-05,6.026e-10,10000000.0,0.0602,0xf5...47ad,https://etherscan.io/tx/0xb80487f9c44dc5228dd25ce02ba65d7d122732794e22bf7b75609b049685185d
2023-03-25 11:38:11,False,1.051e-05,6.028e-10,3950115.0,0.0238,0xd1...1e48,https://etherscan.io/tx/0x320bb86303946fbefb847b46c000825fd97b5b7459bb03770b02c6619510c99a
2023-03-25 11:37:23,True,1.057e-05,6.063e-10,11443019.0,0.0693,0xb3...a308,https://etherscan.io/tx/0x6082ee30aae601e08568ef9367a4214ff47e5fcd16cc66b6aeb4536d3f92c062
2023-03-25 11:36:47,False,1.051e-05,6.028e-10,19834554.0,0.1195,0xd1...1e48,https://etherscan.io/tx/0xedde841071a9b5f03b94092fcc761a5957e9bea6541090ea0be4d110513590fe
2023-03-25 11:23:23,True,1.059e-05,6.065e-10,5229260.0,0.0317,0x5f...66b7,https://etherscan.io/tx/0x208befc1bc2965e10213790f8e3feb35b8347898659b50d8175777d5e4501714
2023-03-25 11:16:47,False,1.052e-05,6.029e-10,8144843.0,0.0491,0x8e...a7f2,https://etherscan.io/tx/0x0fbb4bc9ca84ec2cf7cb82c9c141a8dc88112d3166ccbf76f7f3609ade034f6b
2023-03-25 10:59:23,False,1.054e-05,6.031e-10,15662604.0,0.0944,0x0b...d4e8,https://etherscan.io/tx/0x52751e049d0fffc4a6a516460ac636fa5aeb29a5af97b9cce71ba4febf85e4fb
2023-03-25 10:55:11,True,1.059e-05,6.069e-10,539135.0,0.0032,0xde...9069,https://etherscan.io/tx/0x34912cf1e5f5e6029a8464ceeb218117b3c3a3421ce25c77600acefff4a389c2
2023-03-25 10:43:59,True,1.058e-05,6.069e-10,1403110.0,0.0085,0x70...2314,https://etherscan.io/tx/0xbed3af92b1fca9fedd662ca64bec2d9700b184cfd5409248682425b4259c2bd3
2023-03-25 10:42:11,True,1.057e-05,6.068e-10,9389586.0,0.0569,0x0e...4908,https://etherscan.io/tx/0xbdf7aeb20dd2a44df018bf562f76aeef852e4c8f28ba09891c37c4b5cf332fd8
2023-03-25 10:42:11,True,1.057e-05,6.066e-10,9450816.0,0.0573,0x0e...4908,https://etherscan.io/tx/0xbdf7aeb20dd2a44df018bf562f76aeef852e4c8f28ba09891c37c4b5cf332fd8
2023-03-25 10:31:47,True,1.056e-05,6.065e-10,269764.0,0.0016,0x7f...e154,https://etherscan.io/tx/0x66131b6a19b9cd9b0fd70b459536672cdbd5a5407375c9c9f27f6eeb1033921d
2023-03-25 10:25:23,False,1.05e-05,6.032e-10,29700000.0,0.1791,0xcc...454d,https://etherscan.io/tx/0x45a961eaffe2ba7f3d67e1caab51d42efbd86546066934c6e623ead9cfcac6f7
2023-03-25 10:23:35,False,1.051e-05,6.036e-10,12141930.0,0.0732,0xce...773d,https://etherscan.io/tx/0x06f4bdbd7bf75a8768caaab9bd43e8196755de61a5bcc812590e024b0322e9bc
2023-03-25 10:13:35,True,1.057e-05,6.071e-10,24014204.0,0.1458,0xee...bc06,https://etherscan.io/tx/0xbf5a46146715760ea8929cdd3e97de7406f14d2dbfd15c441b934a67356eda66
2023-03-25 10:07:23,False,1.051e-05,6.033e-10,2223068.0,0.0134,0xbf...d858,https://etherscan.io/tx/0x8f1e41d934719fbf0472faa8881b67c1a9a1d3eafbd31b63618f1f2579fe1790
2023-03-25 10:01:23,True,1.058e-05,6.068e-10,8820163.0,0.0535,0xfe...ed51,https://etherscan.io/tx/0xa21c365355ee801714b017b801baf943a4cf531bcac0dfdd1377126e1fcb0eec
2023-03-25 08:55:59,False,1.055e-05,6.031e-10,3348065.0,0.0202,0xce...302e,https://etherscan.io/tx/0xed426bd1f9adf5d390bccf640b1c298839ba649442265c1b43343245a5b78d1e
2023-03-25 08:55:11,False,1.055e-05,6.032e-10,3604861.0,0.0217,0xab...19ad,https://etherscan.io/tx/0x36525393e708db6c6213c154ea5c2ad62a385eacfca749d3fd80ab80b73ca61b
2023-03-25 08:54:47,True,1.058e-05,6.051e-10,191809553.0,1.16072,0x46...738d,https://etherscan.io/tx/0x266aec50ae9368b9f75933930c6b5cec8180087a568297afdc78ac9cf203bd94
2023-03-25 08:54:47,False,1.053e-05,6.02e-10,250000000.0,1.50513,0x07...e41d,https://etherscan.io/tx/0xd4945df3dad6da253e879d0c61d34e2f1b96dcbe4aaeac0324f52f85eac91aa4
2023-03-25 08:54:11,True,1.064e-05,6.079e-10,997.487,6.064e-07,0xe0...e439,https://etherscan.io/tx/0xa5cbf6b4562e0632ad50e848f94487c2b27e75a0e46fbe7e22ec815e740c2339
2023-03-25 08:42:47,False,1.058e-05,6.044e-10,9730374.0,0.0588,0xe7...f96e,https://etherscan.io/tx/0x8fd51ae8d2e7ee78b6297ecf6a30199862555902ec6de9d26a9becf5d481e86e
2023-03-25 08:31:35,True,1.065e-05,6.081e-10,1629917.0,0.0099,0xf3...227e,https://etherscan.io/tx/0x421e67ad86563d4ccf4e1077a36dbdc412c938b14350d42310ca8ff2e6388e4b
2023-03-25 08:27:59,False,1.058e-05,6.045e-10,8830378.0,0.0533,0x50...4072,https://etherscan.io/tx/0x6df0492fda536794aa873544504b7a997a6d80b3f5331eca00796f59dd23d184
2023-03-25 08:25:59,False,1.059e-05,6.046e-10,2487271.0,0.015,0xfc...7f4a,https://etherscan.io/tx/0x01bc57f2d06e572075f71a69fc98d770ee7f3449555ebda55b7bb64c4a0d716d
2023-03-25 08:22:47,True,1.064e-05,6.082e-10,9271238.0,0.0563,0xea...5221,https://etherscan.io/tx/0xb5f21f4a2abc8c220d3f77c42cc0aa1e135f631e65fdfdc4fc4531c5278d6c6c
2023-03-25 08:22:11,False,1.057e-05,6.047e-10,20000000.0,0.1209,0xe9...6cad,https://etherscan.io/tx/0x6cd1e0c732c76f50ac9412490b76745a3eabc67ad191bf05a2738e9ce462f400
2023-03-25 08:17:47,False,1.058e-05,6.051e-10,26329872.0,0.1593,0x2a...a7b4,https://etherscan.io/tx/0xce4736b506ddca83326801ff45d671f48201acf6d594dd097592219516cf3a67
2023-03-25 08:15:23,False,1.059e-05,6.055e-10,20000000.0,0.1211,0xe9...cd27,https://etherscan.io/tx/0x79f64505b85f67a77015a3e41c28936b79169c77e0f037bb6db6fb23e9a93d34
2023-03-25 08:02:11,True,1.063e-05,6.079e-10,153906183.0,0.9357,0x13...1f3a,https://etherscan.io/tx/0x1ccda25350900f2b846ca437910a1dce3a5e559f5ea7fc996607b4355cc144e9
2023-03-25 07:57:11,False,1.056e-05,6.036e-10,84863616.0,0.5123,0x2e...ee49,https://etherscan.io/tx/0x5dc42a863174b299732c5318256bab1543a9e2df25c2b16ddc2b6792c9287d47
2023-03-25 07:54:59,False,1.057e-05,6.045e-10,2401871.0,0.0145,0x79...0fa0,https://etherscan.io/tx/0xed459ba3e606cecc760cca64b39c1be554e3e82eba567ffa3df440c7ce92978a
2023-03-25 07:50:11,True,1.064e-05,6.081e-10,1184823.0,0.0072,0x44...cb6b,https://etherscan.io/tx/0xe1e9b596b8dc8052dfa103b138b99d375099ca370be1119af4a3e5c92322aef7
2023-03-25 07:45:59,True,1.062e-05,6.068e-10,143373082.0,0.87,0xad...6596,https://etherscan.io/tx/0xba6cc07ce82c1f420fe6ee89847c66842a37ccfc6791c69f45fa05ecc428b1e3
2023-03-25 07:34:23,False,1.051e-05,6.018e-10,1526100.0,0.0091,0xc4...fd3c,https://etherscan.io/tx/0x1b04bea627bc270aa1fdf78ac251a8285ae15d343bf7f2e342c02faf8165f402
2023-03-25 07:27:47,True,1.057e-05,6.054e-10,10188943.0,0.0616,0x7f...18eb,https://etherscan.io/tx/0x3c7e33bd50583ffb663504f304fc20ce1253383b26ce3175f0c11bfa7bf3e0ce
2023-03-25 07:21:23,False,1.052e-05,6.028e-10,129598181.0,0.7813,0x07...ff15,https://etherscan.io/tx/0x8ae2593634e1c9a41814ab6da5712554da5b26bba74c9d6212b0ed38eca2de7a
2023-03-25 06:58:59,True,1.056e-05,6.062e-10,157888385.0,0.9572,0x43...74f3,https://etherscan.io/tx/0x01ab85ae0e24e490c89e30110426594305f4839562db96ade0ccfc20891292b4
2023-03-25 06:57:47,False,1.049e-05,6.021e-10,110000000.0,0.6623,0x6f...c6f6,https://etherscan.io/tx/0x578462efcf5e0d68454521800ea6313099ff6d904d419572b37fe0ac04a68d13
2023-03-25 06:25:35,True,1.064e-05,6.068e-10,33029.1,2.004e-05,0xac...bae4,https://etherscan.io/tx/0xff17240b7eee79c2b1fd4466f92044811f2b32ecd7303b25e75c49a13da70369
2023-03-25 06:21:47,True,1.063e-05,6.061e-10,70000000.0,0.4243,0xd1...b526,https://etherscan.io/tx/0x6eee9537a785dee316d39a46db480b861dbcfebb0c8f445fec05773cf2a64880
2023-03-25 06:13:47,True,1.061e-05,6.054e-10,8179938.0,0.0495,0x8f...e993,https://etherscan.io/tx/0x6ae43301f90a5c870ffb0e5430e6791fef28ee22ac6bfd9a9609eff94cfb5d89
2023-03-25 06:11:47,True,1.061e-05,6.053e-10,818726.0,0.0049,0x5c...6864,https://etherscan.io/tx/0x1489319452ead6b90333aa4da264287b1c5efd21c5aaed1794161e0c30d33e5c
2023-03-25 06:08:59,False,1.054e-05,6.019e-10,20000000.0,0.1203,0xa1...7379,https://etherscan.io/tx/0x826cfa56f46d3773d86b2077b738f03ff7663a991bcf1a72b47a9baea7635c37
2023-03-25 06:08:59,False,1.055e-05,6.021e-10,5038761.0,0.0303,0x56...6fdc,https://etherscan.io/tx/0x1bb6016867d5e18a7e1982243c4238e4b10749cc2342159c20273026a04469d1
2023-03-25 06:04:47,False,1.055e-05,6.022e-10,10960000.0,0.066,0x9f...40bd,https://etherscan.io/tx/0x74f43198841baa940c45001d4750d1a658c777bcd19e32d1b09b23d90744657f
2023-03-25 05:55:35,False,1.055e-05,6.024e-10,9999923.0,0.0602,0xae...af00,https://etherscan.io/tx/0xc902845bb254e16d47be0a369ff4e6e9b7f3795e600ccc76f81a40802da9d94a
2023-03-25 05:38:11,False,1.058e-05,6.026e-10,4952500.0,0.0298,0x91...4eb9,https://etherscan.io/tx/0x9868226a144933b0d1241fda4bf29b877c49dfc0ca943aa715500f6a9de40324
2023-03-25 05:29:35,False,1.059e-05,6.027e-10,4952500.0,0.0298,0x91...4eb9,https://etherscan.io/tx/0xca61c4a3a21a02342fbd3a1a6233862d597f46032ba9f68c4044906a703ca745
2023-03-25 05:24:47,True,1.064e-05,6.063e-10,3531761.0,0.0214,0xa4...ed25,https://etherscan.io/tx/0x422f2976aadaf14f11bc464144ac652c26212c6ece94ef95cef8d13ea71550e2
2023-03-25 05:23:23,True,1.063e-05,6.062e-10,3269875.0,0.0198,0x4e...fb00,https://etherscan.io/tx/0xdfe9b52deab00266a4975b9e6c6b521d0ceecc3ea370269f62cc34d9b0e05d78
2023-03-25 05:18:59,False,1.057e-05,6.027e-10,9871758.0,0.0595,0x26...2e9e,https://etherscan.io/tx/0xb76dbdb0c7073323c65bc515db001fb44a9ec8811689220563da1b553fe3b9d1
2023-03-25 05:08:11,True,1.064e-05,6.064e-10,928334.0,0.0056,0x66...a2b3,https://etherscan.io/tx/0x8a66115ce8817e370091e9cf01d3fffb61c2f28ae8fbff15e90b446514e04cc4
2023-03-25 04:59:35,True,1.064e-05,6.063e-10,4086688.0,0.0247,0x7d...5930,https://etherscan.io/tx/0x5993f36f04e30d8f886412590187862fb498a4573eb861a5271a0449a1b327f2
2023-03-25 04:55:35,False,1.058e-05,6.028e-10,13950754.0,0.0841,0x1f...b921,https://etherscan.io/tx/0x0195117eb1f7dbd1e6fb4188633dc50b9b5ab3e6ad12fcc94017ec3602a5ab9b
2023-03-25 04:50:59,True,1.064e-05,6.065e-10,4902610.0,0.0297,0xd8...196d,https://etherscan.io/tx/0xcb9cdbbf48f0319315e496d948ed1ad7ffb73e37f77d721305d1252034c48115
2023-03-25 04:39:47,False,1.058e-05,6.029e-10,8000000.0,0.0482,0x2b...d87f,https://etherscan.io/tx/0x47a7dba437ad962a3f331eacb1c4903c73a04d79415482a95bc39633c2770890
2023-03-25 04:38:59,True,1.065e-05,6.066e-10,4738732.0,0.0287,0x5e...708f,https://etherscan.io/tx/0x65ca23dd59f1d3905ac1734e386d18e47d0fd0b0ec13ba3d2222e249df8e42b0
2023-03-25 04:37:35,True,1.065e-05,6.065e-10,8171845.0,0.0495,0x2b...d87f,https://etherscan.io/tx/0xfba76be11c35d883bb6d20438a5ee49f9a1c94e9269672e54fc7f11fe157e990
2023-03-25 04:36:35,True,1.065e-05,6.063e-10,8173892.0,0.0495,0x2b...d87f,https://etherscan.io/tx/0x722a231bd5d8a7dbb1afb9abdbf9e974baeb4b259f39b33764b1b01541912a82
2023-03-25 04:35:47,True,1.065e-05,6.062e-10,4087714.0,0.0247,0xd8...196d,https://etherscan.io/tx/0xdf3bbd24f75ceb6b1fe8596693f039953608e6fe563e976ceeaf545c4d835ab8
2023-03-25 04:32:35,False,1.06e-05,6.034e-10,100000000.0,0.6034,0x6f...c6f6,https://etherscan.io/tx/0x91acc5a5c605cb8e8c1baa75cc11136fd9a6a84a67dd14dcfda9f8106fee72ce
2023-03-25 04:31:11,True,1.067e-05,6.074e-10,65223791.0,0.3962,0x58...5a64,https://etherscan.io/tx/0xd8b134756c37ab5c519cf977a3ff0182aeaebc40d691a8b26f2bdd68eba13163
2023-03-25 04:07:59,False,1.06e-05,6.032e-10,2000000.0,0.012,0x03...187c,https://etherscan.io/tx/0x8ed3cab99c1201c50db6655f2a6c21f9968fd50abf28e0a48cfe58b2ea6d73a3
2023-03-25 03:59:59,True,1.067e-05,6.067e-10,17613119.0,0.1068,0xa9...87f3,https://etherscan.io/tx/0x6ce96d47c09fcc4d9150a246d1a07121ffffdacbbcfa4bf01a19581c1d7f4197
2023-03-25 03:49:23,True,1.066e-05,6.064e-10,9734956.0,0.059,0x64...e5c0,https://etherscan.io/tx/0x9ffd10093c753bca721c5bf3283b325ea82f76639fddb58d778ffe79f2ab5776
2023-03-25 03:46:59,False,1.06e-05,6.029e-10,20000000.0,0.1205,0xa1...7379,https://etherscan.io/tx/0xd17fecf4c055c935ad6debc79fc2007306d1f9755f97b3ed2ec74c5999c507f9
2023-03-25 03:27:59,False,1.061e-05,6.031e-10,3358768.0,0.0202,0xbc...e53d,https://etherscan.io/tx/0x314dfb1861ac2b0b0936a1af453c6586dadbf60a2d8f1dc20ac417e5ee059cd5
2023-03-25 03:21:23,True,1.065e-05,6.067e-10,8168844.0,0.0495,0xb3...a308,https://etherscan.io/tx/0x0850d0c813a315e0441c0a85f743fb3b7bc32c1a5a44ecebf62bc0f7e546bfec
2023-03-25 03:19:35,True,1.065e-05,6.066e-10,3268110.0,0.0198,0x2b...f129,https://etherscan.io/tx/0xce73336f7af9c21501877f237cde6f669c642071a1218a43e1e144b578c1c01c
2023-03-25 03:17:59,True,1.065e-05,6.065e-10,8171709.0,0.0495,0x54...97c1,https://etherscan.io/tx/0x7f776c059fa618bccdcff592e740dda9cf20cf96070e76272db7fa36d421f931
2023-03-25 03:15:59,True,1.064e-05,6.063e-10,5579062.0,0.0338,0x31...2efd,https://etherscan.io/tx/0x943432325a4b0fb792fdb7c2b747eab67ca8dc940c759afc8a0543d1c19b8d2c
2023-03-25 03:12:47,True,1.064e-05,6.063e-10,564496.0,0.0034,0x64...e5c0,https://etherscan.io/tx/0xc8579398ee59daba5bac12780abd9af936ecfde62ed1a00b33805f55b4de93e2
2023-03-25 03:05:11,False,1.056e-05,6.027e-10,2321677.0,0.0139,0x85...962c,https://etherscan.io/tx/0x5436e103e2b52cc37bc3b4e5006ffd40602017e672c9ad88b3aa047f19f7e3ff
2023-03-25 02:57:23,False,1.056e-05,6.027e-10,2788778.0,0.0168,0xfd...2337,https://etherscan.io/tx/0x71d5e6d3d5ce169b036ef161e51f10903310e21f89363db97fc8758b9207d4ac
2023-03-25 02:55:59,False,1.056e-05,6.028e-10,5000000.0,0.0301,0x86...738e,https://etherscan.io/tx/0x5fe4f7d9ad59169050db47f5d5ec7df8dca06f57392ed9a12e925b56d5e59823
2023-03-25 02:54:23,False,1.056e-05,6.029e-10,5000000.0,0.0301,0x86...738e,https://etherscan.io/tx/0xd8b0c67419133f9e2e3f1c6fb7bc54c63d47b97f7f8865f55ccb9869bdd73cce
2023-03-25 02:52:59,False,1.056e-05,6.03e-10,7000000.0,0.0422,0x86...738e,https://etherscan.io/tx/0x4505c3fe951d4a0145637c983fccbcac69ac2dd9f38d9084d5948dd2553b7faf
2023-03-25 02:46:59,True,1.062e-05,6.065e-10,24731955.0,0.15,0xb9...d5a3,https://etherscan.io/tx/0x301fc062e03b4c17519f9c1cdb15237dafe24cb117cf16bb8a073414413e6ee9
2023-03-25 02:46:59,False,1.055e-05,6.026e-10,5000000.0,0.0301,0x86...738e,https://etherscan.io/tx/0x306126918fc548219a6332b88ad13f946241b23e99e4d4b866ba1f7d9687f1a9
2023-03-25 02:45:23,True,1.061e-05,6.062e-10,13080537.0,0.0793,0x63...0407,https://etherscan.io/tx/0xf0e0269bcdfe719a31d594eaab1a29922944b0d6f24bb9bbf506628cd9dad65d
2023-03-25 02:40:11,False,1.056e-05,6.025e-10,6664111.0,0.0401,0x86...738e,https://etherscan.io/tx/0x66a3645ae945464667786bfabc58d5d0d32819abc0a090f5054bccb8ad6f03ad
2023-03-25 02:38:35,False,1.056e-05,6.027e-10,18652850.0,0.1124,0x8b...e999,https://etherscan.io/tx/0x448eb01563dc54c9d59887a1a2bcc2b6c314958f92706b7b10328fc2716d2ba8
2023-03-25 02:29:35,False,1.057e-05,6.036e-10,69533297.0,0.4197,0xc4...7349,https://etherscan.io/tx/0x37f23ee4cbc40e0337887b60d51dd9d3a414ca2f9bd35474bacb804909ab80dc
2023-03-25 02:25:11,False,1.058e-05,6.042e-10,2000000.0,0.012,0x3f...792e,https://etherscan.io/tx/0xc24f93ce71f51d00b656cac3a22b9dccf7b3a277260e86488bb88a24e540a8e7
2023-03-25 02:19:23,False,1.059e-05,6.044e-10,16912915.0,0.1022,0x08...993d,https://etherscan.io/tx/0xa736072e9a2ea593b78253c5d4abd69e99cb3fded809c2526d5b7b85bcb06259
2023-03-25 02:18:23,False,1.059e-05,6.046e-10,6273837.0,0.0379,0xf7...582d,https://etherscan.io/tx/0xcc4b307147c9fcb5504e29b3e2cddb4b6771c62d7e1d2cb64a70b1361a573ab7
2023-03-25 02:18:23,True,1.065e-05,6.083e-10,407353.0,0.0024,0xf3...506c,https://etherscan.io/tx/0xc4fdc8a26163a1e7bef7a6e5c74bd64660d73969f5b55a62cf582215c4e7d97b
2023-03-25 02:14:47,True,1.067e-05,6.08e-10,32070016.0,0.195,0xc8...be28,https://etherscan.io/tx/0x06bf169ab92845e1fff498bf062e0245b1a568ccb49a6f5758277ab450b8abc1
2023-03-25 02:13:11,True,1.067e-05,6.077e-10,473001.0,0.0028,0x5f...dfef,https://etherscan.io/tx/0xf93b683b5087f3d68f9e47a50c62b7d8cf40973c5ce0869c94b640f80843346c
2023-03-25 02:06:47,True,1.067e-05,6.077e-10,92651.1,5.63e-05,0x02...44c3,https://etherscan.io/tx/0x55409cf8d0318d2a8f91ae1ed46422f5ee7bafbe4092174dd4deeff9ebe017f5
2023-03-25 02:04:47,True,1.067e-05,6.076e-10,9787805.0,0.0594,0x74...3482,https://etherscan.io/tx/0x0adad379b721b768854ded4182bb6f08764c854a69524e513c7f6ed90f996b69
2023-03-25 02:03:11,False,1.06e-05,6.04e-10,11316801.0,0.0683,0xfd...b248,https://etherscan.io/tx/0x4dd0cccb643bd4d1b7842653067b4be421e02f6508c1c96725f64d055b19ef87
2023-03-25 02:02:23,True,1.067e-05,6.077e-10,3349199.0,0.0203,0xcb...c888,https://etherscan.io/tx/0x3fbd4cf6aaf363ca87049277b4687b7538859c04984975f4ef87cccbb5d141df
2023-03-25 02:01:47,True,1.067e-05,6.076e-10,8972552.0,0.0545,0x2d...6f8e,https://etherscan.io/tx/0x855b17ebc58d167b050a85a5a9c490d140a1d5ad0bc17f21afb3af2d5da585d4
2023-03-25 01:59:47,True,1.067e-05,6.075e-10,1680295.0,0.0102,0x7f...68be,https://etherscan.io/tx/0xea14b5b5b07f72f8bd939b6a1d28fa124cd3bf43fb3d28ae499d4ff4fbccee87
2023-03-25 01:58:35,False,1.061e-05,6.039e-10,9274182.0,0.056,0xcd...7b08,https://etherscan.io/tx/0x16f35a149cf7fd4848c04a47901d6dea1b8f5b25f71a4076cdf35488927da693
2023-03-25 01:56:23,False,1.06e-05,6.04e-10,1999447.0,0.012,0x70...b0d3,https://etherscan.io/tx/0x41ef92548fc9e23e40cd654cb8be10a3771442ca0d3cc2459add4227b92e1cc1
2023-03-25 01:51:47,False,1.06e-05,6.041e-10,3333333.0,0.0201,0xe9...a6b7,https://etherscan.io/tx/0xa44152d5358da97438629c628e13c5a5110ba283a981a85f2d83d2e87987490e
2023-03-25 01:47:47,False,1.06e-05,6.041e-10,2031421.0,0.0122,0x3a...f8f9,https://etherscan.io/tx/0x37622d94d2384c28b60bc040c20552ad60dd86a09b9d5b583e30f275e3c87793
2023-03-25 01:40:23,True,1.066e-05,6.071e-10,70805436.0,0.4299,0x0b...28d6,https://etherscan.io/tx/0x85a1ab6182c1bc82974bd63c9105a0a4d77f8802fd447a512cbd98f6909f0eb6
2023-03-25 01:39:11,False,1.06e-05,6.037e-10,100000059.0,0.6037,0x3f...2ecc,https://etherscan.io/tx/0xd7e7761b2f4df18eebeae4bac15e7018ba937547467f7939260fd5118ba55282
2023-03-25 00:38:23,False,1.056e-05,6.048e-10,19040909.0,0.1151,0xb5...4fd8,https://etherscan.io/tx/0xe7add920f17f44c0bf3bc60040f2ac1b0b0bf45666985992082dd3c7e9713771
2023-03-25 00:20:47,True,1.062e-05,6.086e-10,5417462.0,0.0329,0xd2...6e81,https://etherscan.io/tx/0x23ae007e600d9c768e1cdd1dd6fcd5fa88d4141a725f0165afa147528e97f533
2023-03-25 00:15:23,False,1.056e-05,6.051e-10,18029714.0,0.1091,0xa4...b2de,https://etherscan.io/tx/0x06cd430cc73854767a596cab2843760f4160e89b4333ea48ead0aab717df56f1
2023-03-25 00:15:11,True,1.063e-05,6.089e-10,261304.0,0.0015,0x07...8095,https://etherscan.io/tx/0x605d1303858a25d0a242cce44085e0f8bc1a2af0faa69ed52301264b0db8fbf2
2023-03-25 00:11:35,False,1.055e-05,6.053e-10,6867207.0,0.0415,0x47...f3ed,https://etherscan.io/tx/0x4d4d3d672516aab2c92de140fe013b9ae0fe965bb5b803ac2e597794c93fea7c
2023-03-25 00:10:23,True,1.062e-05,6.09e-10,1297099.0,0.0079,0xca...fb5f,https://etherscan.io/tx/0xd811d22a5fb92cb6d1b68a7ffbf796a33399fbadbe7fa881564872e3382298a4
2023-03-24 23:59:11,False,1.055e-05,6.054e-10,11273095.0,0.0682,0x7f...1bcf,https://etherscan.io/tx/0xad48f9624b3de397215881ec310d8a8f9549f9a3b7dd3f35b90e331de1d0ff40
2023-03-24 23:55:23,False,1.057e-05,6.06e-10,45092417.0,0.2732,0x7f...1bcf,https://etherscan.io/tx/0x8f1c877efe16bcb1337aa3845682bf5a4b27376170f1a027b78b036e9277343f
2023-03-24 23:43:11,True,1.065e-05,6.1e-10,2687840.0,0.0164,0x87...5960,https://etherscan.io/tx/0x36c2bd6938005f2d112f5e5cdc700f6c00fe6f952e694317750ae80ddca043c2
2023-03-24 23:38:35,True,1.065e-05,6.097e-10,33341840.0,0.2032,0xd9...6a80,https://etherscan.io/tx/0x48c5c7417cfb1dc2cd55126fa4cb26bc17abe477133b569ca66746ed32e8c989
2023-03-24 23:32:59,False,1.058e-05,6.058e-10,6000000.0,0.0363,0x98...a07b,https://etherscan.io/tx/0xc99842620a5b68675ba8cc0539a8ddcb4372118c02b0c1d309309da20310b6fe
2023-03-24 23:32:11,True,1.065e-05,6.094e-10,4647199.0,0.0283,0xc7...f36f,https://etherscan.io/tx/0x1ec5f32e75f178c314666b7038374e6313eea670a712018e83089e5c158ec53f
2023-03-24 23:25:47,False,1.057e-05,6.059e-10,20000000.0,0.1212,0x52...ba3d,https://etherscan.io/tx/0x105ac6139e0f6a0fd685d611565e73a17b8a96106a2b8d030787a9b5f29a00e2
2023-03-24 23:21:35,True,1.065e-05,6.096e-10,20162357.0,0.1229,0x3b...ed4e,https://etherscan.io/tx/0x66667b116c33d8bb843fcd202280eb8691337ec923923692f5b160d64c9f85da
2023-03-24 23:09:11,False,1.057e-05,6.062e-10,49160266.0,0.298,0x21...4555,https://etherscan.io/tx/0xd7a9af4e09b632b8dd671dbaf2d75ae17753b9d56a752e97c5dd7bb5915c593b
2023-03-24 22:57:47,True,1.065e-05,6.103e-10,4872518.0,0.0297,0x0e...1482,https://etherscan.io/tx/0x0b02149360879ac1861ac8ec2540a0ccfd92458c7e2a80cf501c7ea1e7f80d85
2023-03-24 22:55:35,True,1.063e-05,6.1e-10,24317464.0,0.1483,0x69...09f5,https://etherscan.io/tx/0x589244779d6425f2ad6088561d31543d7133b0e1f04a9811b9d32c6109a1bd06
2023-03-24 22:51:59,True,1.063e-05,6.096e-10,16259159.0,0.0991,0xc4...3872,https://etherscan.io/tx/0xe75c6900fafe10c78035c3d0824eee18326a6d9c7d39ff5ebc7eb0dc141121ab
2023-03-24 22:48:35,False,1.056e-05,6.058e-10,3930926.0,0.0238,0x80...1b20,https://etherscan.io/tx/0xe78af2cf6222e4182b63b2e675977ddd6e635771f5aaf21fdefe9aaafc8820eb
2023-03-24 22:46:35,False,1.058e-05,6.068e-10,95000000.0,0.5764,0x0b...28d6,https://etherscan.io/tx/0xc08652fcf32a8dea4d7029ea4c549aeadee113f821041fdf069fa8c92556fdf0
2023-03-24 22:44:23,True,1.065e-05,6.109e-10,43633890.0,0.2665,0xe9...52f2,https://etherscan.io/tx/0x7d1b89d1e6baa4089f1641de82a483720a154435e4eea6102c97097fd9c56f64
2023-03-24 22:34:59,False,1.05e-05,6.069e-10,3275647.0,0.0198,0xf6...287b,https://etherscan.io/tx/0x845be3965b3e792ce727d934748752bca88f7c51f6a2c40a3422103ed6c32140
2023-03-24 22:34:35,True,1.057e-05,6.105e-10,1637782.0,0.01,0xf6...287b,https://etherscan.io/tx/0xbe1152743df4e60dd4278b5b084d956409fc4f1b0b2a91cd6d0e94d4a97f8b10
2023-03-24 22:31:47,True,1.056e-05,6.105e-10,1637865.0,0.01,0xf6...287b,https://etherscan.io/tx/0x696a85cf4c0ee86227bf2c83e3462cd836e53ea92986d4e52905b1d69bb6a345
2023-03-24 22:28:47,True,1.057e-05,6.105e-10,1623615.0,0.0099,0xac...02a3,https://etherscan.io/tx/0xf69f368fddbc04c92c366b08d52d7846e3b9c306570842a0839d56ae2dd2c2f2
2023-03-24 22:28:35,True,1.054e-05,6.097e-10,75530461.0,0.4605,0x07...b9ff,https://etherscan.io/tx/0x8abeefea3fd40840a447748d7b4d8bc81f29b1969413a1564942cce1fe957554
2023-03-24 22:27:47,True,1.054e-05,6.089e-10,11394003.0,0.0693,0xfd...02b5,https://etherscan.io/tx/0xba5ae88197f4900ecdd8487813017cbbeeb6798712befa52ae409ec0cac1aa36
2023-03-24 22:22:59,True,1.055e-05,6.084e-10,46680453.0,0.284,0x90...8890,https://etherscan.io/tx/0xce41a65357d115c678db31699394e44d1a5ec0212097c127d58ed472a1380d0d
2023-03-24 22:18:47,False,1.052e-05,6.044e-10,9304511.0,0.0562,0x85...9709,https://etherscan.io/tx/0x69a2cff28daf578b27a4f724b214e1c657e384f91b0f6b71a45577469aa58fba
2023-03-24 22:15:23,False,1.055e-05,6.061e-10,171645658.0,1.04039,0x05...93c8,https://etherscan.io/tx/0x809c6b13870bd4c913d0f6e64b8e134de45020ab8c6f6da88f5de4717e505ae0
2023-03-24 22:14:35,False,1.057e-05,6.077e-10,3920000.0,0.0238,0x3e...5c0a,https://etherscan.io/tx/0x0d40f446262d778b4a1990caa1e38c3c969df58d64263094c1b795d5ce0bf466
2023-03-24 22:06:47,False,1.059e-05,6.08e-10,26898903.0,0.1635,0x30...519e,https://etherscan.io/tx/0x541328e5f022c6158418465f104162521975a17329b62ab3320ded2e8365038a
2023-03-24 22:06:23,False,1.059e-05,6.083e-10,3100141.0,0.0188,0x27...8623,https://etherscan.io/tx/0x1feaad78c30d5a0d65dac2d4fef3daa8b879e952e02a89e1e19e5520a4cffcd7
2023-03-24 22:01:23,False,1.063e-05,6.088e-10,51535165.0,0.3137,0x58...7f52,https://etherscan.io/tx/0xc53a0600bd0edd448a152a3c0ba9af6f5df623e958f5ef923be13d90f53613b4
2023-03-24 21:58:23,False,1.065e-05,6.094e-10,10000000.0,0.0609,0x41...a72f,https://etherscan.io/tx/0x4cd6b33c290b26c45b86658456803010b2e7081a722b6f3eb923b9aa2db7e6c3
2023-03-24 21:52:59,True,1.07e-05,6.114e-10,184549541.0,1.12841,0x0a...eaff,https://etherscan.io/tx/0x74f537481313131f6853e1af574eea67ae21ce8df6dfd425be7473990ce661ff
2023-03-24 21:44:47,False,1.058e-05,6.061e-10,8249632.0,0.05,0xde...297e,https://etherscan.io/tx/0xe89af4704e32c0d69b1cc5ebfbd6b0203b5c7da4220d8cfc9bcef9d9fc6b7449
2023-03-24 21:38:35,True,1.067e-05,6.097e-10,10122573.0,0.0617,0xfd...852b,https://etherscan.io/tx/0x32d1790cb2c80d217f7ecfc950c8dd10b4e4218d0fe3a023d77e466bf825a81d
2023-03-24 21:36:11,True,1.067e-05,6.096e-10,3086783.0,0.0188,0xb3...2730,https://etherscan.io/tx/0x2d88c2d71576e6db4bf3d6982dba8b4fab317d28fcbe39df5bdf6a98744e565d
2023-03-24 21:31:23,True,1.068e-05,6.091e-10,49920888.0,0.304,0xd7...713e,https://etherscan.io/tx/0x1b8684067df5f858b616593e9d75ec00a11a8fafb6f16a3dbdf4d94feafb0cae
2023-03-24 21:27:23,True,1.067e-05,6.07e-10,174121573.0,1.05701,0x5c...d3e8,https://etherscan.io/tx/0x76094d42eead5a30e7656ebc0896b3b4ad86806bc50586378b73875e16e3ffd8
2023-03-24 21:25:59,False,1.06e-05,6.021e-10,38072547.0,0.2292,0x14...fcea,https://etherscan.io/tx/0xdd930c0c6dfb9886d839c121e16375412abb07cd68058afa04a65a1ecdfa542f
2023-03-24 21:24:35,False,1.061e-05,6.025e-10,5546218.0,0.0334,0x14...fcea,https://etherscan.io/tx/0xef4878bcdade6e603c86552a6f03fe62ad9bba54e2ca90d07fc401fcb567499d
2023-03-24 21:23:47,True,1.067e-05,6.06e-10,18015477.0,0.1091,0xcf...cc57,https://etherscan.io/tx/0x25859f1aa161434147a40e7c1e060e915c346096b29bf0c2c04fa383434c135d
2023-03-24 21:15:47,True,1.062e-05,6.043e-10,169363687.0,1.02353,0x76...7d5e,https://etherscan.io/tx/0xf2a13ad43206b8a9c7a5a1d297b62058bbffff45c8e1916807c1a5f7efaf22ab
2023-03-24 21:09:23,False,1.053e-05,5.992e-10,10919731.0,0.0654,0x35...b50e,https://etherscan.io/tx/0x132198d7ff62cb91452f5314fe8ffb3b12a18d7af3ffdaca22256bec7b1175b7
2023-03-24 21:07:47,False,1.055e-05,5.997e-10,46304958.0,0.2777,0x65...c27f,https://etherscan.io/tx/0xa5a0e6fb70176ee118a0d065809cd9ce20ea839d1207fcc096c1ba0a03b07324
2023-03-24 21:02:59,True,1.064e-05,6.039e-10,899273.0,0.0054,0x3e...19f2,https://etherscan.io/tx/0xcf8c100e365bc60a940c2c4a2ae50c9dbc1d438d4bb94b6131f3a695fe064208
2023-03-24 21:00:35,True,1.063e-05,6.031e-10,80690286.0,0.4867,0x76...7d5e,https://etherscan.io/tx/0xafac7ff8d1c0f26eda77fe5a9de484aa75d149e0decd2005b2880f9f706d91ee
2023-03-24 20:55:35,True,1.06e-05,6.024e-10,299.89,1.806e-07,0x6a...f9f9,https://etherscan.io/tx/0xaf76edbc372add02fcccc181c024e66797c6a5ca7735ea353ecec8ada9e59559
2023-03-24 20:50:35,False,1.055e-05,5.988e-10,2838643.0,0.017,0x3e...b3b4,https://etherscan.io/tx/0x66cfac3d90e74c23b807acd2e8142bcc39066bfcd69f72f8af71853e5b2f634b
2023-03-24 20:36:23,True,1.063e-05,6.024e-10,34854.5,2.099e-05,0x0c...c936,https://etherscan.io/tx/0x21c2b11e19c1f50f57586d8d6625de60f39d396591d185a677fa6e0772512929
2023-03-24 20:33:59,True,1.06e-05,6.015e-10,100000000.0,0.6015,0xb8...b947,https://etherscan.io/tx/0xebfa12356348c009e8ccd1ffce43e20574b5ca94fa1c52e27f955ddc2badd647
2023-03-24 20:29:47,True,1.059e-05,6.006e-10,825152.0,0.0049,0x32...5264,https://etherscan.io/tx/0xe6a8312c884d588b4d110b765dcba33734272587fa45292c89f1dd9b6feb8168
2023-03-24 20:10:23,False,1.049e-05,5.971e-10,12684953.0,0.0757,0xd2...2422,https://etherscan.io/tx/0x0f8b3a15a30f8a010247e0071fd78b0d2463d6ec978ff5b42ab7259bcf7c12bf
2023-03-24 19:56:23,True,1.058e-05,6.002e-10,70154449.0,0.421,0x73...3bb4,https://etherscan.io/tx/0x8594131734d1098137ce6601bdfdc0faa7e87eab15a07c1784a36d26c8ee78fa
2023-03-24 19:55:47,False,1.052e-05,5.976e-10,180691780.0,1.07988,0x5c...d3e8,https://etherscan.io/tx/0x257253d42a74d12ae5918dbf578cc79d1b8e700b0c9756c365c8a2813ec29c1e
2023-03-24 19:51:35,False,1.047e-05,5.993e-10,10000095.0,0.0599,0x1f...c2ca,https://etherscan.io/tx/0x2256f435823bf132d5ead70cfaf7458f55ba0c466f181adfc2e6358d95e1b246
2023-03-24 19:49:59,True,1.054e-05,6.03e-10,1407841.0,0.0084,0x6b...9772,https://etherscan.io/tx/0x049aa2fb94a8300b3fabd94d033e077f836f0043f08af8d4ed2e0e7499b4907e
2023-03-24 19:44:35,False,1.048e-05,5.998e-10,43807259.0,0.2627,0xa2...d05f,https://etherscan.io/tx/0x007480a61c282d2ad581e6d2241634bb2a67b4e1cfb5762168c338b77c6f6743
2023-03-24 19:39:23,False,1.047e-05,6.003e-10,12460485.0,0.0748,0xd2...6382,https://etherscan.io/tx/0xb8b4751153dffd9b0f2ff1085023380d5d3e3c2984fd9467d80769a1079bd651
2023-03-24 19:36:47,True,1.052e-05,6.047e-10,62820433.0,0.3798,0x52...20f2,https://etherscan.io/tx/0xeb5a4df87770574667d40ade17e1b9f19f93adec0d45a17d15283690dbbd147b
2023-03-24 19:32:59,True,1.049e-05,6.02e-10,94285626.0,0.5676,0xe4...53d4,https://etherscan.io/tx/0x15df83836dd604eb6222e4ffcfbbac07647a8b1aa6fbf68258357825f3006e01
2023-03-24 19:32:35,True,1.047e-05,6.011e-10,1291832.0,0.0077,0xd8...53d4,https://etherscan.io/tx/0x819582816fb706492477363394e8b718de898208cdfdb2e7369f32b550a8e706
2023-03-24 19:14:11,True,1.046e-05,6.01e-10,9475295.0,0.0569,0x11...9261,https://etherscan.io/tx/0x6e801dbaba3179d4176bd65d2e35bdc0ed5ee0766a3a89d0da2a410ba77ff331
2023-03-24 19:11:59,False,1.04e-05,5.977e-10,34066849.0,0.2036,0x57...061f,https://etherscan.io/tx/0xcc36a8d91bdc428273c9e58e89dfbd52c1ed018cbe1f12c5dd24c321ba21abd3
2023-03-24 19:09:23,False,1.041e-05,5.99e-10,114284455.0,0.6846,0x93...a3eb,https://etherscan.io/tx/0xaf3936d19af9166ef074549eb04d63922180ef321ab4540ccda13eb13165f37f
2023-03-24 19:07:11,True,1.05e-05,6.036e-10,10499170.0,0.0633,0xee...cd27,https://etherscan.io/tx/0x39d1aa92e0ebcefaa62f20f028b7bbe3b042ff460100e1301d6191bf279206c7
2023-03-24 19:01:59,True,1.05e-05,6.032e-10,24079681.0,0.1452,0x79...e587,https://etherscan.io/tx/0xeb2d62fbd21c44f535e0c7b45859628969cc4d20a5ffed52fb66cf8470b4270d
2023-03-24 18:49:59,True,1.042e-05,6.03e-10,1643692.0,0.0099,0xfb...a685,https://etherscan.io/tx/0xe21a63ce40f36ec484fd470e296de2bae5b8304d0ec0a237f2a7ca58ae80c504
2023-03-24 18:43:47,False,1.04e-05,5.994e-10,4587268.0,0.0275,0xe5...4b91,https://etherscan.io/tx/0xb10abd977dd4b7facab858ed6e8d0c0a8b77e9ab89321ce96ef78cdd39170403
2023-03-24 18:41:59,False,1.044e-05,5.995e-10,4661017.0,0.0279,0x97...8ac5,https://etherscan.io/tx/0x5bad2be035236103914c99746a5c8b833c130ef075b4dd7711cedb92a508f935
2023-03-24 18:41:35,False,1.045e-05,5.996e-10,9260138.0,0.0555,0x00...0906,https://etherscan.io/tx/0x659ed820404ac766939dbf76a5acf16a4d19c3f8a8e0f1a796ee309bdf8eca59
2023-03-24 18:37:11,False,1.045e-05,5.999e-10,15332772.0,0.0919,0xe3...1973,https://etherscan.io/tx/0x0a8008d93f1fb501ba250694a75fa018ad78fae2acf0a1b5bd077cc0ae54ddbe
2023-03-24 18:34:11,True,1.053e-05,6.032e-10,46997024.0,0.2835,0x85...58da,https://etherscan.io/tx/0x4dd09ffab0ce527ca2909d5cd051ecdd467b2ef3a627fe29de26c2b898409e75
2023-03-24 18:32:59,True,1.049e-05,6.01e-10,188666228.0,1.13401,0x85...58da,https://etherscan.io/tx/0x50328cdcd749ba5299af4bb01637a97ded2e7b3899def7a292a9c8e61e5ede37
2023-03-24 18:23:47,False,1.045e-05,5.957e-10,1873226.0,0.0111,0x00...4241,https://etherscan.io/tx/0x88066561e4fc01679f1ae9345010d0760bbb7184b7b751fc7593da6c298b4e2a
2023-03-24 18:22:47,False,1.045e-05,5.958e-10,9339623.0,0.0556,0x00...4241,https://etherscan.io/tx/0xb02c866608caeeaf6921b4187bd4e9f7fc44ae8596803e2a83d43705b34a99f3
2023-03-24 17:50:11,True,1.054e-05,5.974e-10,227807177.0,1.36108,0x04...f8b3,https://etherscan.io/tx/0x71866e59623d035622070ffe65fd37efe804caf7299aee5cb0eae06ef9bd072f
2023-03-24 17:49:59,True,1.045e-05,5.922e-10,347648984.0,2.05903,0x74...d510,https://etherscan.io/tx/0xa4eb085c629bc45115126dd14f77075b5d4c5a2c9910def92c7686600bc621dc
2023-03-24 17:49:59,False,1.042e-05,5.907e-10,570348846.0,3.36916,0x38...e61b,https://etherscan.io/tx/0x74f73cc503114d5287846c23163e57a97b4ef6dca798025f4087e0e96e29afc6
2023-03-24 17:22:47,False,1.052e-05,5.959e-10,8665539.0,0.0516,0x7f...9dce,https://etherscan.io/tx/0xe39b5a75069624c623a607ab5cb1891a69fe2fac866ba84cec1b6cf4fbcff0ae
2023-03-24 17:22:35,False,1.052e-05,5.961e-10,16650606.0,0.0992,0x18...a82c,https://etherscan.io/tx/0xdc008587584ea816489d9a4cd3f91ed48d2b4cb3f9cec87c7cd276eaa3dad35b
2023-03-24 17:21:35,True,1.058e-05,5.997e-10,16528205.0,0.0991,0x18...a82c,https://etherscan.io/tx/0xac0f49b42ef52f20e0514f10b4ca043fb208e9a2f31c4d2039b33c862bf02ff9
2023-03-24 17:21:23,False,1.052e-05,5.961e-10,20000000.0,0.1192,0x7e...4a83,https://etherscan.io/tx/0x178230f4e7c0c0e98c43fc9026940862221919445133757753f7fc2fa750620a
2023-03-24 17:20:23,False,1.052e-05,5.963e-10,1860902.0,0.0111,0x51...9b86,https://etherscan.io/tx/0x5241227a6a6b956d397fae20fd40f84358901cdb26d4b7318759a3ec3634ab86
2023-03-24 17:19:35,False,1.053e-05,5.968e-10,50000000.0,0.2984,0xf1...8da5,https://etherscan.io/tx/0xdabb5c87d153a1fc161ce021e41bd33178b81e68d3993d743db0bf504062c15d
2023-03-24 16:59:23,False,1.055e-05,5.973e-10,1800000.0,0.0107,0x90...8f27,https://etherscan.io/tx/0x52416de093cce1f6c8b1a391e127792df987e91b9c619b1a318b6faa8a34e813
2023-03-24 16:58:47,True,1.061e-05,6.008e-10,4085949.0,0.0245,0xf2...148f,https://etherscan.io/tx/0x4bc9b99c391ef6cfb36da8d65413f9b8379fdf140dd4441472bc595cf91a9e7c
2023-03-24 16:53:11,True,1.06e-05,6.007e-10,7657688.0,0.046,0xe3...8329,https://etherscan.io/tx/0x805fdc10d444df24b595baa555a910b22b0187def79d18d7584564411af7408a
2023-03-24 16:49:23,True,1.059e-05,6.003e-10,41359820.0,0.2483,0xea...7845,https://etherscan.io/tx/0x07ca0a1759b75b07a56f2445a0434dd38bdc8f8fcc63ff625f3bfe38700fbc94
2023-03-24 16:46:35,False,1.054e-05,5.964e-10,10200000.0,0.0608,0x0b...2e29,https://etherscan.io/tx/0x6341511c2954ad6093cae926d54dc05e63a589d661dc3a68844927248bd1e8fe
2023-03-24 16:43:11,False,1.052e-05,5.968e-10,35010001.0,0.2089,0xee...c039,https://etherscan.io/tx/0x8d28cc9847374aeee2fadc2856d2c33b9a91439783af0e69136482929781886c
2023-03-24 16:32:35,True,1.058e-05,6.007e-10,2712264.0,0.0162,0xd3...95f1,https://etherscan.io/tx/0xd6008418670f6c4a361a835f57ba2f8f4d8c317b83ebce4368ed4eb100c07ada
2023-03-24 16:10:47,True,1.053e-05,6.006e-10,5599423.0,0.0336,0x62...b932,https://etherscan.io/tx/0x93bc026636fd36e19e9569a5eb6deb0cd8d1b3202372eb7a8d2adda335b2a693
2023-03-24 15:55:59,False,1.054e-05,5.973e-10,40373973.0,0.2411,0xf1...aa6f,https://etherscan.io/tx/0x33a807a5a6edd2efac902ac6bf73b9a871f8ea28a62f3d313138aaa25eac994f
2023-03-24 15:51:35,True,1.058e-05,5.991e-10,237554926.0,1.4234,0x60...ab2f,https://etherscan.io/tx/0x98b142b3c170c7543e33e11929128945614b1aee7b5ef1710a98e7c083b45d69
2023-03-24 15:49:47,False,1.049e-05,5.936e-10,17830000.0,0.1058,0xf5...47ad,https://etherscan.io/tx/0x5239654a066601aee6fed47d8dd99c4b07cda41a2deb5a12a564f7e8a50d79b3
2023-03-24 15:47:11,False,1.049e-05,5.946e-10,100000000.0,0.5946,0xe9...a6b7,https://etherscan.io/tx/0x2b67cffd8b332d6e43fb702c6a7b24ee708a9287389c6abc985847a75934971f
2023-03-24 15:41:11,True,1.057e-05,5.985e-10,69557793.0,0.4163,0x89...c3f4,https://etherscan.io/tx/0xe8472fbf18f54b58cb42b41bc7e52050c21cb1a12c52cbb86f2c2f6ca70875de
2023-03-24 15:40:11,True,1.057e-05,5.978e-10,38649.7,2.31e-05,0xd5...e5b2,https://etherscan.io/tx/0x6fdde0c741cddab5b2851d5259bbb842d20d743980268c77e9ee1d9efdcf0e8f
2023-03-24 15:37:47,True,1.058e-05,5.976e-10,26113433.0,0.156,0x09...9ecf,https://etherscan.io/tx/0xc988899842f4d2f5bbbe4acc5223869c9e2828f29180240993e3e3472bb0d024
2023-03-24 15:30:11,False,1.054e-05,5.94e-10,21300281.0,0.1265,0x76...1573,https://etherscan.io/tx/0xe283cbbe54617e8b5fc48c559ce924e3f19cce7d51efe447aac9d7fff34f5bde
2023-03-24 15:28:59,False,1.054e-05,5.943e-10,10235418.0,0.0608,0xac...a373,https://etherscan.io/tx/0xc6e2d238da39efc5b48b897bb0c72928f792fe4ccbc43c7545b1a5ed47ab8a5b
2023-03-24 15:13:35,False,1.051e-05,5.945e-10,11316801.0,0.0672,0xfd...b248,https://etherscan.io/tx/0x05621c0d16975b42e254098649ae2ada4bf792f0b2cbd3dd951bba3b98b17ec7
2023-03-24 15:11:23,False,1.048e-05,5.947e-10,18574109.0,0.1104,0x5a...c77b,https://etherscan.io/tx/0xbf5cdb2a744574fa42c570b3039ab20614935f606123459251b79e40a646f23a
2023-03-24 15:10:23,False,1.048e-05,5.95e-10,14190977.0,0.0844,0xfa...cbbc,https://etherscan.io/tx/0x75307f97c30c794e04fa53a4058351a2c498af5a32e0eea02f02cf7693362bdb
2023-03-24 15:04:11,False,1.048e-05,5.953e-10,12167001.0,0.0724,0xbb...f7d7,https://etherscan.io/tx/0x6aa7e6566fed2f96ef307b8aa8052830bc5ce87afc5e76e55dd6631e669c93b1
2023-03-24 14:59:11,True,1.055e-05,5.976e-10,155087453.0,0.9268,0xc1...2d98,https://etherscan.io/tx/0x87fb7cc93227cd2e9e57497b6bd55564bb0a9323b724205e680b0e23bba291da
2023-03-24 14:42:23,True,1.052e-05,5.96e-10,16630446.0,0.0991,0x53...51a3,https://etherscan.io/tx/0xf9af90c1e434b0bb8f976bf0ecc37a8de8097235ae604ad909b59313f6e02123
2023-03-24 14:34:35,False,1.049e-05,5.924e-10,18972632.0,0.1124,0xc7...64b4,https://etherscan.io/tx/0xe64c504d161cb4b3dc40a845f52410715a69b9abf45aee1526bcd364258094af
2023-03-24 14:33:47,True,1.055e-05,5.962e-10,2586392.0,0.0154,0xf4...9214,https://etherscan.io/tx/0x3e75717eefe1a0ef97c2ab5b6dea7abc1f4be000b87060465bf83e72b30f844a
2023-03-24 14:31:47,False,1.049e-05,5.926e-10,8967391.0,0.0531,0xde...1096,https://etherscan.io/tx/0x71f48d4fe72b63c4f0576fd67689aa4cbb8d95ec4b762ed606eaf186cc451274
2023-03-24 14:31:11,False,1.049e-05,5.928e-10,8000000.0,0.0474,0xd1...82a3,https://etherscan.io/tx/0xa579d2568850200b02f7388ec47d07ffe41bc28c31f497a70d70663c51526e0d
2023-03-24 14:27:35,True,1.054e-05,5.963e-10,14213368.0,0.0847,0x33...4e81,https://etherscan.io/tx/0x8883b545d21abf1df46cfb4c8b27f1c7c83b99629a1cb42c952c81c622b73815
2023-03-24 14:25:47,False,1.048e-05,5.935e-10,100000000.0,0.5935,0xe9...a6b7,https://etherscan.io/tx/0x8b937c3255534c8df2badc86d79a5837e3b3056a81fa53b832271a3ac5af77d7
2023-03-24 14:22:47,True,1.05e-05,5.955e-10,270264929.0,1.60969,0x42...9618,https://etherscan.io/tx/0x3761b3153ca60312144ca7afe64d8c3e4e6ae849e84ac7f3487934685de663c8
2023-03-24 14:21:59,False,1.04e-05,5.903e-10,83014413.0,0.49,0xd2...2422,https://etherscan.io/tx/0x02eaa1a4606e01a130add5d7212d009dcf9d07ae9dfaeae1d01cf4ce9ac17569
2023-03-24 14:09:35,False,1.048e-05,5.924e-10,154300634.0,0.9141,0xd2...2422,https://etherscan.io/tx/0x7eee304706e1ce2f8953ee602caaa8c268444cfce2dd1d1bdde62f973c32fbb0
2023-03-24 13:53:59,False,1.053e-05,5.939e-10,10000000.0,0.0593,0x41...a72f,https://etherscan.io/tx/0xf02c120382abee4965439ea007cdd0d522183962f68c65a96933589a88fba73c
2023-03-24 13:53:47,True,1.06e-05,5.975e-10,5082741.0,0.0303,0x07...8095,https://etherscan.io/tx/0xde9f841c8c897b08b2fa81f4cfcfe5eb1a1c62dab2ad3172690b654b16730655
2023-03-24 13:53:23,False,1.053e-05,5.939e-10,563526.0,0.0033,0xd7...9c3f,https://etherscan.io/tx/0x9094dfed483d995198736bf7543bfe74e322aeb5ddde127e4cac1a2955307e02
2023-03-24 13:44:47,False,1.053e-05,5.942e-10,27877960.0,0.1656,0x1f...de79,https://etherscan.io/tx/0x59c0b3ed8c5217ae50656445d844296778cd309276d52dfad712335960d489d2
2023-03-24 13:34:11,True,1.054e-05,5.978e-10,24871753.0,0.1486,0x7f...ba69,https://etherscan.io/tx/0x16e64392ffe0a80f5945d85849ae78c3a72c9e894a5b645d5547b49dc6e6b0aa
