datetime,buy_order,price_USD,price_native,amount_token,total_native,maker,etherscan_url
2023-03-31 07:07:59,False,1.058e-05,5.867e-10,14869876.0,0.0872,0x24...21ad,https://etherscan.io/tx/0x8349d99bfb37636bef8c9f851c623574b9dfde91744145c6707dc293cdb01a81
2023-03-31 06:44:59,True,1.064e-05,5.902e-10,26317148.0,0.1553,0xe6...7d70,https://etherscan.io/tx/0xfee3bcd5d9e40709bebd17b4860b846accf9805b2b7c564b6d86f60caececba2
2023-03-31 06:36:23,True,1.062e-05,5.899e-10,132534.0,7.819e-05,0xd1...3658,https://etherscan.io/tx/0xd292d82d4dbf12010d9e434276aa05152c1031ad9af540f5e1b57479820adb2d
2023-03-31 06:21:23,False,1.056e-05,5.864e-10,4092764.0,0.024,0xc6...fed0,https://etherscan.io/tx/0xf86bec9ffc82b1d6fb08e1500c05cfec4d76a77bac787013f7d557484f0a294e
2023-03-31 06:17:59,False,1.056e-05,5.868e-10,37234585.0,0.2185,0xa4...ed25,https://etherscan.io/tx/0x01da79415795d5a96d5cf9c1d34989bb96877175fb55ff383ef570fd6889ab3c
2023-03-31 06:09:59,False,1.057e-05,5.872e-10,3023988.0,0.0177,0x44...aa3a,https://etherscan.io/tx/0xe6c16d08e27e6a9581eed38449b8c73e4e95d669f7fffbc283c66ab4317a3e96
2023-03-31 06:09:35,False,1.058e-05,5.873e-10,17884411.0,0.105,0xab...aca4,https://etherscan.io/tx/0xf6fdfa1a0d1ad38bba625ed3e8c8d5427d03bb0fe6b88b45a9e371ee062edc3d
2023-03-31 06:06:11,False,1.059e-05,5.876e-10,8742144.0,0.0513,0x95...412c,https://etherscan.io/tx/0xcb7a556a21c87f39d238ebf07a66aebff902298650b4f95e4ab9e460a62b9f9f
2023-03-31 05:56:23,False,1.06e-05,5.877e-10,7302379.0,0.0429,0x82...6d46,https://etherscan.io/tx/0x18048ecf5e3de690a3c291f5c5b8c29e5dd5aed7ad1ed66c52ee001fedbdcad6
2023-03-31 05:51:47,False,1.06e-05,5.878e-10,3341102.0,0.0196,0x0e...11cd,https://etherscan.io/tx/0xe48bbf198434c7702c22a5f4e7e8ca2c85f9ca4a290864b81acc90f6590e4e13
2023-03-31 05:45:59,False,1.061e-05,5.879e-10,2000552.0,0.0117,0x4a...c5d6,https://etherscan.io/tx/0xafefce0ec471a71bef71453dc169aa3b86c73328c285981db6c9a1e52ba92cc5
2023-03-31 05:33:23,False,1.062e-05,5.882e-10,31498117.0,0.1852,0x43...83af,https://etherscan.io/tx/0xc43cf4cf3a718336318ea4f26b635a243a60fd5f332e1ba95224a6d50c02e54a
2023-03-31 05:25:59,False,1.061e-05,5.885e-10,5000000.0,0.0294,0x2f...1210,https://etherscan.io/tx/0x1f294684685b4eb8955162272dbac297126a53216108908ad99b561615e0079a
2023-03-31 04:50:11,True,1.068e-05,5.919e-10,18549399.0,0.1098,0x5d...2fd0,https://etherscan.io/tx/0xea3133ac8efdcec56b82a7df60dbfa02d257dfba45d4c27346aa5530d089d628
2023-03-31 04:39:35,False,1.061e-05,5.883e-10,13998554.0,0.0823,0x21...5370,https://etherscan.io/tx/0x98118bb3151a90ea6d133065940e177fd4c58d30a2238db3a3fa081306657b05
2023-03-31 04:38:59,False,1.061e-05,5.886e-10,13461584.0,0.0792,0x13...b2d9,https://etherscan.io/tx/0x2b84ef7423d6535ce485a9d34ab30942345bc42a3b9a530cd32d32662b2b328e
2023-03-31 04:37:59,False,1.062e-05,5.89e-10,28387429.0,0.1672,0x9d...f6b9,https://etherscan.io/tx/0x21b5d17ba658edfa9bc3f6d03d6886371abc4e0f80f17fe91ec375bacf48d421
2023-03-31 04:27:59,True,1.067e-05,5.922e-10,65355896.0,0.387,0xfe...409f,https://etherscan.io/tx/0x9269f1feedf83005d2951cbd931f7f19a6285fde4b480b48dff759024bec83b7
2023-03-31 04:15:35,True,1.065e-05,5.915e-10,8435351.0,0.0499,0xba...c93a,https://etherscan.io/tx/0x4757a4608fc1e052e70b2572243d32c8c5ac411aec0423953c70dba602f19471
2023-03-31 04:14:23,False,1.059e-05,5.879e-10,5786127.0,0.034,0xdc...2983,https://etherscan.io/tx/0x9cefb4382d1da67bc2a754f9cb1e88ec7510633a3ff9a45e46289ad41e6355b3
2023-03-31 04:13:59,True,1.065e-05,5.912e-10,35761721.0,0.2114,0x78...bd1e,https://etherscan.io/tx/0x0e2ff5c570d6b10c9f4b567f61f773e425bba768731d2d49f891df49e74d9567
2023-03-31 04:11:23,True,1.065e-05,5.908e-10,10066161.0,0.0594,0x7f...96ce,https://etherscan.io/tx/0x3b3d821a0c03dca1992d8b88493d3e835fb043f5fadaa3b538a776743caa9571
2023-03-31 04:11:11,True,1.064e-05,5.906e-10,11747814.0,0.0693,0x49...aa41,https://etherscan.io/tx/0xc0158bca707e2ca7c7dc062f4a7c4489636dbbbc95894f9135955e8aee37e282
2023-03-31 04:00:23,False,1.058e-05,5.874e-10,55171406.0,0.3241,0x50...81c9,https://etherscan.io/tx/0x4bce1fc3675093c4381fe7bc7e2c3b3086a60faf2b21897c1813c0c3eb1ad223
2023-03-31 04:00:23,True,1.065e-05,5.91e-10,51510668.0,0.3044,0x50...81c9,https://etherscan.io/tx/0xfdf18aa693bc06ef26aca634286df5ba160c9df20dd05f4d5ff5421c57cef275
2023-03-31 03:59:23,False,1.058e-05,5.87e-10,1163713.0,0.0068,0x6c...c6b0,https://etherscan.io/tx/0xba1336452da5ae12f9cd31aa77abd359c245a18bf825a207c9a1929518effab9
2023-03-31 03:55:35,True,1.062e-05,5.897e-10,96594579.0,0.5696,0x76...7d5e,https://etherscan.io/tx/0xd8ca6a8f98d45f9baa13a056ca2ff4a47061a08c49f68d7a3f379cb1f7d62f3d
2023-03-31 03:53:35,False,1.055e-05,5.853e-10,7361992.0,0.0431,0xc0...31ce,https://etherscan.io/tx/0xda70be2943d1b45e6e44fccf94adff806ecdf8f6b6f7fad0728f4deccf72e427
2023-03-31 03:40:11,False,1.059e-05,5.872e-10,198100000.0,1.16336,0xa3...91bc,https://etherscan.io/tx/0x80759bff86f3fb80db07a49bbcc0eeba098cd2d1fe48699ac117470c8a2d22ad
2023-03-31 03:37:23,False,1.065e-05,5.895e-10,55628995.0,0.3279,0x49...1b16,https://etherscan.io/tx/0x6ad12bf82ad973d31f502e91d1530c71ced0aebda30ff8ce1420d0941b1f943d
2023-03-31 03:34:47,True,1.065e-05,5.897e-10,421707563.0,2.48707,0x7c...616a,https://etherscan.io/tx/0x75049b238fd338f8bdf969ea3c5894c44cf00746ff211f17fe4ffff653c08a7e
2023-03-31 03:23:23,False,1.056e-05,5.83e-10,68223291.0,0.3977,0x4f...b91d,https://etherscan.io/tx/0x95f982969a01cb783a0e4a0e4ca6d83e8103386e74c072515a2a007574782f28
2023-03-31 03:21:35,False,1.057e-05,5.836e-10,2366302.0,0.0138,0xd4...da24,https://etherscan.io/tx/0x8f2764c5c58ed993de9484905fc656476cc63a321c900d06328f7cc4e800ff35
2023-03-31 03:15:23,False,1.059e-05,5.843e-10,74477834.0,0.4352,0x4f...b91d,https://etherscan.io/tx/0xe35ba87b6a8be0a5760c49ed75de489f8063ada7dc5c48139166c866284ce82e
2023-03-31 03:03:59,True,1.066e-05,5.884e-10,16846433.0,0.0991,0xf2...eef2,https://etherscan.io/tx/0xb3a6616b01603623170bb9c4ed233f882fe93f9ae37bfa9590fd9948cf6a7aa0
2023-03-31 03:03:47,False,1.059e-05,5.847e-10,6404349.0,0.0374,0xc6...fed0,https://etherscan.io/tx/0x0bf605215a4f1696796cbfcedfaa86f5f012aa45579392cf47e6ae62af4ff2dd
2023-03-31 02:54:47,False,1.057e-05,5.857e-10,106104885.0,0.6215,0xea...33d3,https://etherscan.io/tx/0x43365134c2873fa8b09a6a0c7d37952cc8d98e2a0daddd57d89f8b38afc93241
2023-03-31 02:44:23,False,1.056e-05,5.868e-10,9366493.0,0.0549,0xcd...6f10,https://etherscan.io/tx/0xdbacef02773babb3136f0277744d95b5b9b231c61dcd5ef3e9597e339e0326a9
2023-03-31 02:41:59,True,1.059e-05,5.882e-10,239852434.0,1.411,0x00...0906,https://etherscan.io/tx/0xf98c81e15e9522738f3929533aa5175d9b8b401d86961dcbcd0c6906f574a76c
2023-03-31 02:41:35,True,1.055e-05,5.86e-10,1691279.0,0.0099,0x49...7633,https://etherscan.io/tx/0x87a792f52273337cda8befbe970e65609fa3bfb7035d97c401798168afa9e886
2023-03-31 02:31:35,False,1.05e-05,5.826e-10,3632732.0,0.0211,0xe4...73c2,https://etherscan.io/tx/0x84188d164eab607b261d2cd7997fbfd8a8d54474c73cc01d501de16ac8344622
2023-03-31 02:14:11,True,1.051e-05,5.861e-10,164936.0,9.667e-05,0x51...e7ab,https://etherscan.io/tx/0x0d4aeefd336c71022d84ec6a75acc20b78cca234a139f6418c9c2a74b7148005
2023-03-31 01:56:35,False,1.043e-05,5.826e-10,7290133.0,0.0424,0x28...7535,https://etherscan.io/tx/0x8072c46f4584ca7dd55d19cc7642796c4672d92b0e430478c80f6ba91d77d0ec
2023-03-31 01:55:59,True,1.049e-05,5.86e-10,28284557.0,0.1657,0x22...34d2,https://etherscan.io/tx/0x586e70ccff37dc852000e555f6171900f445ed15b6b907a0ac0200d34170f8df
2023-03-31 01:48:59,True,1.049e-05,5.857e-10,5962960.0,0.0349,0x5a...9c42,https://etherscan.io/tx/0x3dbae20648e5c7f83bb7c9241e27fc172eb152fd5979a730ea66c99320661fe2
2023-03-31 01:42:59,False,1.042e-05,5.822e-10,10711845.0,0.0623,0x1f...4be9,https://etherscan.io/tx/0x35856a3b28819388e13fe8a97f6d8f3b35974477a32ce6e0ce27eab6328031dd
2023-03-31 01:36:11,False,1.048e-05,5.851e-10,310525195.0,1.81697,0x39...f580,https://etherscan.io/tx/0x35235806852721373c5c706bdd68ba0c2641e09a84aa8537c0a39e4c9e3f7d86
2023-03-31 01:28:35,True,1.058e-05,5.913e-10,11733506.0,0.0693,0x37...3b27,https://etherscan.io/tx/0xa7f58649d8309575909fa7e2db40258e9d6f3ebe22c000ceb2be730a690f4df8
2023-03-31 01:18:47,True,1.056e-05,5.909e-10,33844076.0,0.2,0x6a...55ed,https://etherscan.io/tx/0x4657e39ae6d78322cb72c6c4b13ad424c9b21956fd257a62bef8f96b303b22cf
2023-03-31 01:13:23,True,1.054e-05,5.906e-10,3386353.0,0.02,0x1c...5534,https://etherscan.io/tx/0xea7e9bd0a465e9bba0f8136d7a7da5d47a9626fe3eddf2dafe8caa652311a271
2023-03-31 01:06:47,True,1.055e-05,5.905e-10,1284306.0,0.0075,0xf7...039b,https://etherscan.io/tx/0xd97ee6a0d3f8178ef8178d4a9d4ef18cd33584fb88da7dce634df33d28da793c
2023-03-31 00:22:59,False,1.053e-05,5.87e-10,5436583.0,0.0319,0xcb...9fc0,https://etherscan.io/tx/0x4da1be8fbf8bf636457e3ae299846759a90f21d0a509f62d72b93654df8458f6
2023-03-31 00:08:35,False,1.053e-05,5.871e-10,5000000.0,0.0293,0xcb...9fc0,https://etherscan.io/tx/0x6e3e5a08c3deb5aa576ba5231e1ac6c1dbb419316b1897b13a72562d60bc1e82
2023-03-30 23:58:47,True,1.058e-05,5.907e-10,2651149.0,0.0156,0xb0...01e8,https://etherscan.io/tx/0x4c3eedef5caea03635eb33fceebde35d02d0c9f5f5b6c7646b77d29f9027101f
2023-03-30 23:55:47,False,1.051e-05,5.873e-10,18740688.0,0.11,0x32...88a9,https://etherscan.io/tx/0xb06e0c0bf4e7f5f9fbbbc89ae23e4299a4c8e8b4e2084249958d23c9c24921b6
2023-03-30 23:52:47,False,1.052e-05,5.876e-10,14173038.0,0.0832,0x37...6347,https://etherscan.io/tx/0x6756bef5e493452aaedb993e993cc0e59f7fc058388a751586f42abc5f0fa25a
2023-03-30 23:32:47,False,1.053e-05,5.878e-10,12091984.0,0.071,0xc6...fed0,https://etherscan.io/tx/0x92cf0aaaca40665bf23b7f2ca545c5afb19815bd8275a9365b5e44314c14e1a8
2023-03-30 23:28:35,False,1.054e-05,5.881e-10,16206602.0,0.0953,0xdc...7b8f,https://etherscan.io/tx/0x5190b92e22e41982632b233f8c9fb805cef36dabdb64c68f5718e38e52928050
2023-03-30 23:27:47,False,1.055e-05,5.883e-10,10435688.0,0.0614,0x68...1da7,https://etherscan.io/tx/0xd858bd0f4fc42e530ea061a2bf2dddd009fd23297ab581b42d1ea6123ab562a6
2023-03-30 23:22:11,True,1.06e-05,5.914e-10,57169667.0,0.3381,0xf8...ef96,https://etherscan.io/tx/0x5cff939477619c1230798745101359ebaa3deba6b1b9de486f4c8c1550c8eaea
2023-03-30 23:17:11,True,1.06e-05,5.909e-10,1677417.0,0.0099,0xb8...1576,https://etherscan.io/tx/0x32d39b33fb4d3def3549afb675b29b6bb847f372fafd03fdcdfd35daceb6d5d3
2023-03-30 23:15:23,True,1.06e-05,5.909e-10,2296370.0,0.0135,0xb8...1576,https://etherscan.io/tx/0x7e9f17f857e7f3f8812226982285413269d9fe2c3efe49edbfdf604d73ae8164
2023-03-30 22:48:59,False,1.055e-05,5.874e-10,12599196.0,0.074,0x10...5200,https://etherscan.io/tx/0x856cbd57ca958e98216f125291167d4f089ec137a08e3fd7bb5ea2a13a50c20e
2023-03-30 22:44:47,False,1.054e-05,5.879e-10,40270912.0,0.2367,0xc2...c65f,https://etherscan.io/tx/0xc3beb5a6703d3e74de1887a58ff75288e52991a1cba02615ebea8f96b3013970
2023-03-30 22:37:59,True,1.059e-05,5.913e-10,50900819.0,0.301,0x4b...5c48,https://etherscan.io/tx/0x6ba6e604fb5685d6c53cd712d67a28731c00d6d1ba972271ba03ae6e30df2b72
2023-03-30 22:37:35,True,1.058e-05,5.909e-10,366149.0,0.0021,0xed...8bd7,https://etherscan.io/tx/0x7294070d2d2d3dc56d64f31f6bec7c86b2c396ba8553810e8595561591e64663
2023-03-30 22:29:35,False,1.048e-05,5.876e-10,33655330.0,0.1977,0x33...e932,https://etherscan.io/tx/0x233e9f9faafd51425e4d8b99143b0bd08d602ee092d81fffbd92433cd4af3485
2023-03-30 22:25:59,False,1.048e-05,5.88e-10,11936221.0,0.0702,0xc6...bc06,https://etherscan.io/tx/0xdaa9ee65dc325e8107a9573a77864d9eb8a8e4a149b1887364538ae8da1f027b
2023-03-30 22:12:35,True,1.053e-05,5.916e-10,6132521.0,0.0362,0x23...c60a,https://etherscan.io/tx/0xdadf9e02298550ffe63c3c321d8c39b2f06f414cc0f0dee0cd0046734403769d
2023-03-30 22:08:11,False,1.047e-05,5.881e-10,7610017.0,0.0447,0x06...80f5,https://etherscan.io/tx/0x235ea915f1ed3e1da0844d70a8dcd4a65303247cf2d2d012d54d94b22a0143ca
2023-03-30 21:56:47,False,1.047e-05,5.882e-10,2640362.0,0.0155,0x6b...45cc,https://etherscan.io/tx/0x4a3294616e7ccc40a9c615a0523f8d3b211ae80fb52b85992d36b2c4e1629779
2023-03-30 21:56:47,True,1.053e-05,5.917e-10,11326209.0,0.067,0x49...1b16,https://etherscan.io/tx/0x7b6e499cb9218a24214e19cd5fc3e17c3beb98ca801bb5599949c75a7952090b
2023-03-30 21:54:59,False,1.047e-05,5.881e-10,14209347.0,0.0835,0x93...28f1,https://etherscan.io/tx/0x11beb88388844beebc5095dfd63aee3436d788e24d48883a2a03485d191c1353
2023-03-30 21:45:11,False,1.047e-05,5.883e-10,921692.0,0.0054,0xde...9436,https://etherscan.io/tx/0x0c0686f0ee5e5bca0d7202a1d064316bd77417bab0f8bd921c3b79a6b91ab0d6
2023-03-30 21:43:47,False,1.047e-05,5.883e-10,307231.0,0.0018,0xde...9436,https://etherscan.io/tx/0x729e438d0b5a0504c77f957ab4aa232756a86ed54602f6f31d8dcdaa00f46a41
2023-03-30 21:39:47,True,1.053e-05,5.918e-10,1969519.0,0.0116,0x19...a636,https://etherscan.io/tx/0xdc186c2d3eb1e678fdbf9e003070b3a217437bc519b89147ed2bdbfd9218af08
2023-03-30 21:34:47,False,1.047e-05,5.883e-10,8586869.0,0.0505,0x85...335e,https://etherscan.io/tx/0xa881a34bb35c89f6d9690bebc473f7db19390b3fd30e79077e14aa404b012c0b
2023-03-30 21:24:47,True,1.053e-05,5.919e-10,3348945.0,0.0198,0x3c...40bb,https://etherscan.io/tx/0xf1e8a812ed233953246dbdbd157c11461f7296f18ed7b1026a6b95c583ea45ab
2023-03-30 21:10:35,True,1.05e-05,5.912e-10,72777110.0,0.4303,0xd5...0603,https://etherscan.io/tx/0x375ffd6125c799f500720083089697933eac1c7618ac95c3122c8631b1f9c7fd
2023-03-30 21:09:59,True,1.049e-05,5.906e-10,166376.0,9.826e-05,0x5a...9c42,https://etherscan.io/tx/0x8a604cbd2a55c929a082e257fde4319edc8a6168195a8ebc2ea905c2bbee37b4
2023-03-30 20:54:11,True,1.048e-05,5.905e-10,3356853.0,0.0198,0x63...f8ce,https://etherscan.io/tx/0xecb3f65e58cfcce1e6b6a713ff29c114ee54da788e3cc8d864057ac45ba2fa0e
2023-03-30 20:41:59,False,1.041e-05,5.871e-10,16000000.0,0.0939,0x49...1b16,https://etherscan.io/tx/0x41fbe9a3f2f7e50d91a8e88e5d0ecd0220757fe9113e6bbe6c8e6f25c6768633
2023-03-30 20:14:59,False,1.04e-05,5.88e-10,77411081.0,0.4551,0x63...3a9a,https://etherscan.io/tx/0xc1c82ffc9872608967f6b39b3c3cc138b4cb74b78aa6f07c2ac041d39df7fae8
2023-03-30 20:10:11,False,1.041e-05,5.887e-10,5160863.0,0.0303,0x90...03f8,https://etherscan.io/tx/0x9e1cad5a4699f24914b6b008e64ae63e9ed996997979865f93c9a7b5c6d5a6a7
2023-03-30 19:51:47,True,1.048e-05,5.923e-10,2008167.0,0.0119,0x48...c969,https://etherscan.io/tx/0xbdef020589b5366fd96501e56456d85f7a3f0e42c27f19fb68d79e44195291dd
2023-03-30 19:42:47,False,1.043e-05,5.9e-10,142456495.0,0.8405,0x76...7d5e,https://etherscan.io/tx/0xf2c0961ef6146ce11ecf6920ad026f15440fd3ced58c6608d5b299e64956041c
2023-03-30 19:42:35,True,1.048e-05,5.929e-10,214136791.0,1.26973,0xc4...c2db,https://etherscan.io/tx/0xa1376f75f78d8cc1e244032f5e883e1cb93a502e42fba082205793e465d4c792
2023-03-30 19:41:23,True,1.045e-05,5.905e-10,51484796.0,0.304,0x49...1b16,https://etherscan.io/tx/0x0a42cb0985321fa811280fed0665e8a7f8dcc3fa0501a71e5047f54c6e4d688d
2023-03-30 19:36:47,True,1.042e-05,5.894e-10,71526174.0,0.4215,0xb9...aa50,https://etherscan.io/tx/0x8db55ce004c4f8b56ceea1cff385a079c051ed420ecdbfbcc726fc6185881d76
2023-03-30 19:34:47,False,1.036e-05,5.853e-10,12648573.0,0.074,0x69...09f5,https://etherscan.io/tx/0x47e986bd781f2dff73352f2f723a04ee82c51d0e78d3ad72914a2e0ee92f5311
2023-03-30 19:34:11,False,1.037e-05,5.858e-10,39633178.0,0.2321,0x62...91be,https://etherscan.io/tx/0x15a628dc691aea6ef5e197153ef22fe84361d13a2302ee1fcf5101f4b7c8651b
2023-03-30 19:22:59,False,1.045e-05,5.862e-10,4925165.0,0.0288,0xfb...3f24,https://etherscan.io/tx/0xfeb2e2337129541db69a975509102ad0d670f869ddc36e0c2386dbb156c3bfb1
2023-03-30 19:22:35,True,1.051e-05,5.897e-10,337410.0,0.0019,0xf2...2fa6,https://etherscan.io/tx/0x794fce0119281eadf4da0d850df6716e911d5acda782589c2dc982a8fedbd90b
2023-03-30 19:14:47,False,1.048e-05,5.867e-10,53901617.0,0.3162,0xd9...8f38,https://etherscan.io/tx/0xa403130c02b4131a48fe6d64ba3139e45f27e556b0aaa8164db0260da4043f50
2023-03-30 19:01:23,False,1.049e-05,5.876e-10,46878531.0,0.2754,0x66...458e,https://etherscan.io/tx/0x6c065f1503dab615067788952bd440d859fb62b999c0d94052ae37953cc1c8b6
2023-03-30 18:49:59,False,1.05e-05,5.881e-10,12565721.0,0.0739,0x69...7846,https://etherscan.io/tx/0x5f118fb951f911dde3c47fa65f3585cda32057ef355ffd1eb875c15a01c28195
2023-03-30 18:31:35,True,1.058e-05,5.917e-10,10050611.0,0.0594,0x81...b2c5,https://etherscan.io/tx/0x5762f02ad7b027990792d6a8d989e33b2a260adad18fd2d697321fec4347e7bb
2023-03-30 18:30:23,False,1.051e-05,5.881e-10,5000000.0,0.0294,0x6a...4d96,https://etherscan.io/tx/0x86c13d1dcdcc2d09e5b20ccd29f6bf9e954eaa3b0b0548ec44b1708bb62b3fb2
2023-03-30 18:17:11,True,1.054e-05,5.916e-10,12565721.0,0.0743,0x69...7846,https://etherscan.io/tx/0x4f2baf70051205cdca58ef4988f6634d21a3e34c351a9d0883ec42a0313202db
2023-03-30 18:14:47,True,1.054e-05,5.914e-10,6762895.0,0.04,0xc6...fed0,https://etherscan.io/tx/0x4534d9088f19a198006ca927779c09697693475459a964d5ed1f2550a0aeea7e
2023-03-30 18:08:35,False,1.049e-05,5.887e-10,93564963.0,0.5508,0x49...9897,https://etherscan.io/tx/0x44d12874d961dac12d9168f1d044c64753e8d5bf1119412771d817572da1ef17
2023-03-30 18:02:23,False,1.055e-05,5.9e-10,54139211.0,0.3194,0x35...d7a6,https://etherscan.io/tx/0xaca39a9513660477a7411a9b26e77df483dbaaf33728c55675cf8725fbb265d5
2023-03-30 18:01:23,True,1.062e-05,5.94e-10,4969280.0,0.0295,0xbf...f9be,https://etherscan.io/tx/0x72fbafa0ecb4c1d042f8b8b45a47c221de8ed5bff69e13d53fd10e2def6fd10b
2023-03-30 18:00:47,True,1.062e-05,5.939e-10,7850637.0,0.0466,0x13...2ced,https://etherscan.io/tx/0xe29ed7ed0804b3db6621d8e7e4e534cd65671b4e87d89e375e367c2bae64aa73
2023-03-30 17:56:59,True,1.061e-05,5.938e-10,1669188.0,0.0099,0xc2...7874,https://etherscan.io/tx/0xc545262217640a531f91d5fe32dbe7841d8470169d3057a5691d64e29a3300a9
2023-03-30 17:54:35,False,1.054e-05,5.903e-10,6430650.0,0.0379,0x72...6bba,https://etherscan.io/tx/0xda327c9b08407b3d5877a8e23a47a433de6e38b5774a7cc4df65a59a96a484f4
2023-03-30 17:31:59,False,1.055e-05,5.907e-10,35831885.0,0.2116,0x69...7846,https://etherscan.io/tx/0xad4cbbd5f88989c43c0c15a1f94c0347bd6d5bd5437ff85531434196f6a12ccb
2023-03-30 17:22:35,True,1.066e-05,5.946e-10,840895.0,0.005,0x86...7b21,https://etherscan.io/tx/0xf1b52820e9c59367cd5964774d2d4c93bedca8731e95b1d7c958b33dee7263ed
2023-03-30 17:17:59,False,1.07e-05,5.97e-10,652844514.0,3.89792,0xae...ae13,https://etherscan.io/tx/0x4b81cd85fc14322aca97ad06c39dbaa8629f7bad34a2fa5481c3eca4e1b00c09
2023-03-30 17:17:59,True,1.082e-05,6.039e-10,294522289.0,1.77888,0xd9...3f1e,https://etherscan.io/tx/0xc86c9cc82e11e654c368dad46831933ca565fe76872a2d7addece5fbc981b3b5
2023-03-30 17:17:59,True,1.066e-05,5.951e-10,652844514.0,3.88544,0xae...ae13,https://etherscan.io/tx/0xb39fce83599c309895a54706baa1c0a82e5619a5d47c0e9d0876a46d006086da
2023-03-30 16:49:59,False,1.051e-05,5.859e-10,35936872.0,0.2105,0x26...1338,https://etherscan.io/tx/0xe9b63adaa4073dab1fafb3c56baf149e5d214acc2bb7ee6bea8c039104142be5
2023-03-30 16:38:35,False,1.05e-05,5.863e-10,1816132.0,0.0106,0x54...d9a1,https://etherscan.io/tx/0xf19811f3fb907651ec8b749ffdbc54ac41e3118498421354c262aac0eaf2212b
2023-03-30 16:24:47,False,1.052e-05,5.865e-10,23709870.0,0.139,0x5d...9164,https://etherscan.io/tx/0x79d2e73f5090646eba89903888afbfd64250d650eccb78b49a9d7339537447e5
2023-03-30 15:57:23,False,1.055e-05,5.868e-10,12951563.0,0.076,0xf0...4c23,https://etherscan.io/tx/0x5224bc580b81c310116b090a864d3a976d5ac2669cc80dd4faeb05c0e0296a24
2023-03-30 15:22:11,False,1.058e-05,5.87e-10,9319153.0,0.0547,0xa9...31ee,https://etherscan.io/tx/0xfed579247e427257c93692a2b498b0fb79b656082e2f795419e43fd5e353a586
2023-03-30 15:13:23,True,1.064e-05,5.906e-10,1678167.0,0.0099,0x6f...8cef,https://etherscan.io/tx/0xe27c4907d7714302eada8c525eea9a7d8f64e10f570d0d3920cc0fd50c9b9ac0
2023-03-30 15:11:59,False,1.058e-05,5.871e-10,5843990.0,0.0343,0xc6...fed0,https://etherscan.io/tx/0xd68c96253ac0ddfafcd68d2d2aebdeb1afc6e882cbafabd1378192c2ed38c3be
2023-03-30 14:30:47,False,1.057e-05,5.872e-10,5000000.0,0.0293,0x32...7587,https://etherscan.io/tx/0x31a8707989b4544cd42be5a6ba076858603635ca27fcf4f3a0fb5ff6aa4484f9
2023-03-30 14:24:11,True,1.063e-05,5.908e-10,4362184.0,0.0257,0xb3...738c,https://etherscan.io/tx/0xcd5fdc43fe4c044a208d3be78dbbc969fcaac006f45f4250de68f0954a31364d
2023-03-30 14:19:23,True,1.063e-05,5.904e-10,37736135.0,0.2228,0xb0...0c3a,https://etherscan.io/tx/0x66c1aec588359fa8d0d79d1e70dd332d555fef01dbcb401d35802b9b368f3d5f
2023-03-30 14:06:23,True,1.063e-05,5.9e-10,48698.4,2.873e-05,0x2a...7bc0,https://etherscan.io/tx/0xd87727c674d15e16a91a5c4fce10eb38e2d30c58e903eedd787fa17d3d1381b9
2023-03-30 14:06:23,False,1.057e-05,5.867e-10,24871183.0,0.1459,0x83...3e9c,https://etherscan.io/tx/0x822246644032980d86a0ddc713e6d7a8126a5b2b03b23eac0cff46ae7c66ec47
2023-03-30 13:57:23,False,1.06e-05,5.871e-10,19787362.0,0.1161,0x59...dbd2,https://etherscan.io/tx/0xf9c7c05940f6fb9e34f24b422eec91632bab434d53e0ceb556983ac82d9089d8
2023-03-30 13:27:11,False,1.06e-05,5.873e-10,1246565.0,0.0073,0x59...0490,https://etherscan.io/tx/0x34e810c9d01360ac8a794698273438d66c27e62cc907f69f0f36492848e0076c
2023-03-30 13:11:23,True,1.066e-05,5.908e-10,3244161.0,0.0191,0x14...fc34,https://etherscan.io/tx/0x296a1bbc5056481e2b8a4298a4a33322eada71e3e490262b24b54b98024697d0
2023-03-30 12:52:11,False,1.057e-05,5.874e-10,18653854.0,0.1095,0xc6...bc06,https://etherscan.io/tx/0xb1f8d5761a2defd2980e9caae4149e3f148f78e2fff8a245750f61d200531524
2023-03-30 12:32:11,True,1.064e-05,5.911e-10,10150394.0,0.06,0x58...4af0,https://etherscan.io/tx/0xa4dcd1374de7e20d9fb89bc8914ef6c09ac73b03358c8763cd2bc597fe6cddad
2023-03-30 12:15:47,False,1.06e-05,5.876e-10,21247801.0,0.1248,0xb2...8ee9,https://etherscan.io/tx/0x39fb3e81e655b30f51ecd010394c765bdb50eb2287e070cc29265a8f53bf4af6
2023-03-30 12:09:59,False,1.058e-05,5.879e-10,5122112.0,0.0301,0xb3...738c,https://etherscan.io/tx/0x43c05157a08064e3c0332ecea822fa756071a6ff656c3997d8eea0d18fa96f2d
2023-03-30 11:46:23,True,1.063e-05,5.914e-10,4657418.0,0.0275,0x86...8b0b,https://etherscan.io/tx/0x061360fbd128991fb576a777696bc15b2228779c3aff1e5a2aff0c2f47f9dcce
2023-03-30 11:41:11,True,1.062e-05,5.913e-10,2514204.0,0.0148,0x4e...c2b4,https://etherscan.io/tx/0x20a37923b543aaa7c0c7cbd63fa2d4d542d923fabaea5136406db9bf0374decd
2023-03-30 11:32:23,True,1.062e-05,5.912e-10,8382094.0,0.0495,0x39...c821,https://etherscan.io/tx/0x59f7c9b3452a17d4f7d1f801484d77decde0b8cf1e72ce604c3c826c861c8e16
2023-03-30 11:23:35,False,1.055e-05,5.877e-10,9432770.0,0.0554,0xbf...688a,https://etherscan.io/tx/0xdd877beadc82f462e2acaa434328ebc706fb1609ade3c249f1e375cef8d015e0
2023-03-30 11:21:23,True,1.061e-05,5.913e-10,124035.0,7.335e-05,0xe8...5a6a,https://etherscan.io/tx/0xb20c330e7c1de49bd76229050e8762ffe223179f76f1d4203bb1ad121128fcd0
2023-03-30 11:16:23,False,1.056e-05,5.879e-10,10000000.0,0.0587,0x6c...05a3,https://etherscan.io/tx/0xe02471b018499e248299e75e43668ab9d55912eea1f7888f7cd5faebce6a74d3
2023-03-30 11:13:47,True,1.064e-05,5.914e-10,8379278.0,0.0495,0xf2...a0bb,https://etherscan.io/tx/0xd5d620657e414759f0b3123af3c2892f95ee569531881886cc69827a3ba2e3f0
2023-03-30 10:49:11,False,1.058e-05,5.883e-10,51966029.0,0.3057,0x11...12af,https://etherscan.io/tx/0x61767bbc4ce09a5efec54304292d3069ea289d1dfbde80a21846ca422729310f
2023-03-30 09:49:35,False,1.063e-05,5.889e-10,19783639.0,0.1165,0xc6...bc06,https://etherscan.io/tx/0xd9ddf54e29f4a07acb0216fd0b4e8547012709a1d26873f9d350968a942c4e47
2023-03-30 09:45:47,False,1.065e-05,5.896e-10,50000000.0,0.2948,0x5b...095b,https://etherscan.io/tx/0xecec3eef820e28f42e16f7c217d9b6c21ac1ba38d77aa778c48a929948904e81
2023-03-30 09:39:35,False,1.067e-05,5.902e-10,14540612.0,0.0858,0xc6...bc06,https://etherscan.io/tx/0x2c276e876660bffe47b0f2d7e0afd227c5a2a7ce078281f3a7c5ebb253bf269f
2023-03-30 09:35:23,False,1.061e-05,5.903e-10,1000000.0,0.0059,0x60...2ff4,https://etherscan.io/tx/0x83e284749e38253d2c2e9a5e8dcdb5fae09c1f77fb7a16b0e62de93d3cad5483
2023-03-30 09:05:47,True,1.066e-05,5.934e-10,47748019.0,0.2833,0x96...70b2,https://etherscan.io/tx/0x2e527ece22119663c610ee1f415d81bd5874c788b8c7195b483cb653d8c35de8
2023-03-30 08:57:23,False,1.059e-05,5.895e-10,9311181.0,0.0549,0x5c...4c25,https://etherscan.io/tx/0xa19389cc1ac2ec20e0e30556b094007d41b0925c6a05f5e27cd1ca17b53d7824
2023-03-30 08:54:23,False,1.059e-05,5.897e-10,4655590.0,0.0274,0x5c...4c25,https://etherscan.io/tx/0xdae5eff54d25d0368de1f50df8aae05c6046be30b95d8b5c8164ba7c0fa78fab
2023-03-30 08:40:59,False,1.058e-05,5.904e-10,81622704.0,0.4819,0xad...9de9,https://etherscan.io/tx/0xc0423af6a5dde857b273d9127484a81f44747c84b86df6452b323c7a40749e2e
2023-03-30 08:32:35,False,1.061e-05,5.913e-10,16119205.0,0.0953,0xde...6876,https://etherscan.io/tx/0xd9771e135ced0c0ea652b6b4a2c96f3a11f5d1094fdd9e546155b056d8696a21
2023-03-30 07:59:35,True,1.069e-05,5.95e-10,3042250.0,0.0181,0xd9...624d,https://etherscan.io/tx/0x835fabe6229ddb4d7aa7d83c1f32d6d1941657672c0c318959c5f0f57cca3a57
2023-03-30 07:57:59,True,1.068e-05,5.948e-10,13771317.0,0.0819,0xd9...624d,https://etherscan.io/tx/0x41aed7f921f64ef187deec638db1b0aeb3a9a098d9c5478050a72533fc25d3f1
2023-03-30 06:59:59,False,1.063e-05,5.912e-10,7953680.0,0.047,0x3b...ec2d,https://etherscan.io/tx/0x28f0976fc72e0ef1389873cc159972798693c2be103ba4cee174f1f48450fa00
2023-03-30 06:55:23,False,1.063e-05,5.914e-10,8602500.0,0.0508,0xc7...a38f,https://etherscan.io/tx/0xb152b71dadd1904753341dd6ff0c8a3dddbefb3ac554209c4d513c8a0cf70ed8
2023-03-30 06:53:59,False,1.063e-05,5.915e-10,3969708.0,0.0234,0xde...58c1,https://etherscan.io/tx/0x94c309e3983c7a74a45ec74766853b06c387f13ea9ae68ee0a3572439757d8ec
2023-03-30 06:50:23,False,1.062e-05,5.915e-10,1291472.0,0.0076,0x09...4c01,https://etherscan.io/tx/0xa2b0948940ba290067a1d77e33428bd4d88f10bb3b082ccbe56932d254b2f87c
2023-03-30 06:49:47,False,1.062e-05,5.917e-10,20000000.0,0.1183,0x07...b9ff,https://etherscan.io/tx/0xf99fa27fc5b8e9e631238edae562016015f78e7b56c9455382cdbb00eb4d7329
2023-03-30 06:42:35,False,1.063e-05,5.92e-10,6606033.0,0.0391,0x2a...1075,https://etherscan.io/tx/0x1f88a3658220128b3750f0aab256bb4953fb256486c02d51fa41c2a66b3f6807
2023-03-30 06:34:35,False,1.063e-05,5.922e-10,21450000.0,0.127,0xc8...be28,https://etherscan.io/tx/0x8f0dd147583ac32b573c669942b4b82b3e0287dc0c2733b05642d90fbf50627e
2023-03-30 06:24:47,False,1.062e-05,5.925e-10,5706039.0,0.0338,0x9e...efdc,https://etherscan.io/tx/0x8c143130f06a84bf802a0db47009a671f7b59d7581598e66ce6d0895ddab4d2e
2023-03-30 05:58:47,True,1.066e-05,5.961e-10,150086.0,8.947e-05,0x73...e4a4,https://etherscan.io/tx/0x81a3a9ec20aafe876344dd7001aa158c4e7558d46af0be3055b0215b7f22c504
2023-03-30 05:56:23,False,1.059e-05,5.926e-10,9900000.0,0.0586,0x25...e5cb,https://etherscan.io/tx/0x99f3a11eea8ff12c661f3ac3f28bd6d60b3e5d22dcfe4d93e55cdbf6e48be270
2023-03-30 05:51:47,True,1.067e-05,5.963e-10,1688982.0,0.01,0x31...50ec,https://etherscan.io/tx/0x6c21a905b5e2dece1a019f27366e9cd8794977a6b08806c1476c12c673a3bdac
2023-03-30 05:42:47,True,1.064e-05,5.962e-10,9361587.0,0.0558,0x90...59e2,https://etherscan.io/tx/0x139eaee9e055005233d71c46145c4780426236cf651027cd00095b0f10e1e66d
2023-03-30 05:27:35,True,1.063e-05,5.96e-10,8359167.0,0.0498,0x8e...058a,https://etherscan.io/tx/0x079fe78329f16abec4daf63dc15b96bc3c499b7fbc50658af4130fa251e36d77
2023-03-30 05:17:47,True,1.062e-05,5.95e-10,100000000.0,0.595,0xb2...d518,https://etherscan.io/tx/0x59efffa6feefc43c3e6beaece36003290f0485cc3d34f51c7e59708e53b69859
2023-03-30 05:15:35,True,1.055e-05,5.939e-10,26704753.0,0.1586,0x2e...8c81,https://etherscan.io/tx/0x0a67a1a3bde13bbd68573e253fba9a987ed598c62c7bf92ca6349635c0d6d38d
2023-03-30 05:11:35,False,1.048e-05,5.901e-10,6607662.0,0.039,0xa5...855c,https://etherscan.io/tx/0x2e32629c8d48c6f9f0d763da0486d7d76cd12bce0d040b70bd35f64bf76a7752
2023-03-30 05:07:35,True,1.056e-05,5.937e-10,7998519.0,0.0474,0x45...9e8f,https://etherscan.io/tx/0x82bfaa4174aa0efc711076306834d33429d3ec9829f0f6be456360a2fd7568a7
2023-03-30 04:56:47,True,1.079e-05,5.935e-10,10295872.0,0.0611,0x5d...9164,https://etherscan.io/tx/0xdc2c122d14c6011a46f2eb31c824d98a4b5c992f735cd7a3c4ac9bd72577df7a
2023-03-30 04:40:35,True,1.084e-05,5.932e-10,16711819.0,0.0991,0xbc...c867,https://etherscan.io/tx/0x9dd6f163bcf3ac21d80d123e598929aa13a026f56dbee7325d8d51b0a3a24304
2023-03-30 04:35:11,True,1.078e-05,5.925e-10,67812584.0,0.4018,0x31...eb28,https://etherscan.io/tx/0xbabee4da44bcd2fdb4c9af91e5232b7fc8db211503af29d330b85e67bee804d6
2023-03-30 04:27:47,False,1.066e-05,5.884e-10,5592706.0,0.0329,0x42...9efb,https://etherscan.io/tx/0x2212e8a5da0149eba4f7dfb9bc55d0827e6e837e8eb5d4d987bc03b6170523e3
2023-03-30 04:15:59,True,1.061e-05,5.919e-10,6679307.0,0.0395,0x0c...00de,https://etherscan.io/tx/0xa2f8076d2b13ecad80f8409f6e5015935a826c21897e3e2f676a739e22294587
2023-03-30 03:43:59,True,1.059e-05,5.918e-10,1689553.0,0.01,0x3a...5139,https://etherscan.io/tx/0x3919b57de2164e8cf8f8217befd3aea3aad3cc760066afc7452c1eb34dd5a7bc
2023-03-30 03:23:59,True,1.058e-05,5.916e-10,17590289.0,0.104,0xc0...065d,https://etherscan.io/tx/0xf73cf9e9583ce06df807a658d0707c7ed99d198d7784cc362cb63a20f0bc65c7
2023-03-30 03:07:35,True,1.057e-05,5.913e-10,24814791.0,0.1467,0xfc...374b,https://etherscan.io/tx/0xa15d8718c5c74941b265fe5b8e6d7aba52b51f6960a6c13e7496daa9e0463209
2023-03-30 03:03:47,False,1.05e-05,5.875e-10,5332798.0,0.0313,0x57...d16b,https://etherscan.io/tx/0xf092e92c3930a5c11fe5dc85fc485a0cc645a6870f4ffcc9bc62c03c6c8b908a
2023-03-30 03:02:35,True,1.057e-05,5.911e-10,2515175.0,0.0148,0x6a...10e0,https://etherscan.io/tx/0x83ca279080d056eb9d01a0c57d02fd99a98bf3ec7e1343b8d7b00bd681b4c055
2023-03-30 02:48:59,False,1.052e-05,5.876e-10,1369098.0,0.008,0x21...e8cb,https://etherscan.io/tx/0x90fab972e65538ca15d6253f8f3bbb9180cd77b60883e3763913c16603d5ab11
2023-03-30 02:48:47,False,1.056e-05,5.896e-10,220000000.0,1.29713,0x87...4a69,https://etherscan.io/tx/0xe7231ef4d0559cae364275349719f41fd9dc885eaf3bf65144a383277a0e229b
2023-03-30 02:46:11,True,1.067e-05,5.95e-10,8292752.0,0.0493,0x8c...97ff,https://etherscan.io/tx/0x54e6e4178aaa0a7f07cf430d8047093d9402911157646cc4b929571fe08c7159
2023-03-30 02:33:59,False,1.061e-05,5.915e-10,8459832.0,0.05,0x43...7ef5,https://etherscan.io/tx/0x4ab7311a05df145e070a57f7d18dcadb44c5fa8765bdb7a4db7da29c55426d57
2023-03-30 02:30:23,True,1.069e-05,5.951e-10,1671020.0,0.0099,0xb5...1c80,https://etherscan.io/tx/0x72ff0b3a2d3baebebf21d2005f1adfc554319d66e12d7cffd382ec2a99b945ac
2023-03-30 02:16:11,True,1.067e-05,5.951e-10,999377.0,0.0059,0x18...cb0e,https://etherscan.io/tx/0x3b3c739882d3766b22144354ae72c9836238bfe9215306a79a9e47ee7499cf2f
2023-03-30 02:11:23,False,1.06e-05,5.915e-10,2856356.0,0.0169,0xee...3514,https://etherscan.io/tx/0xefb3d61014f4aae0e146509f7ea6219d964cc49b679849bcad7e3bf9f837fc71
2023-03-30 02:08:35,True,1.066e-05,5.951e-10,3331186.0,0.0198,0x35...46cb,https://etherscan.io/tx/0x9963d41ff8a1acdbc884325bd3cf37301f174f46718f9040f840bc9245f9c781
2023-03-30 01:43:59,False,1.06e-05,5.916e-10,7294200.0,0.0431,0xb2...ed6a,https://etherscan.io/tx/0x155e3c3c6558beae466c162b99e47c3bc23790bf8596da3a78fd6d73d15d79f5
2023-03-30 00:52:35,False,1.06e-05,5.925e-10,92783505.0,0.5497,0xd8...0e9e,https://etherscan.io/tx/0x834f68b4ead6d301e727951b036c8d3a33cd0617664561e8d2b211fbc33144ea
2023-03-30 00:52:23,False,1.061e-05,5.934e-10,9423960.0,0.0559,0x27...54e8,https://etherscan.io/tx/0xc8d08bcfaf0838238a7037496a211134c26d74d66128c41e05c56dea28a4f59f
2023-03-30 00:46:59,False,1.062e-05,5.936e-10,8926567.0,0.0529,0xf7...1d59,https://etherscan.io/tx/0x1c3abe0838a2732119971e91ce4484c588aa1e386286ed3f440b6bc9e3432554
2023-03-30 00:44:11,False,1.063e-05,5.938e-10,20000000.0,0.1187,0x32...9ed8,https://etherscan.io/tx/0x2314720ac25d2908c85844a01bba4b39a3a32ddad8a622f1d8294691cd5b19b9
2023-03-30 00:42:23,False,1.064e-05,5.943e-10,35099850.0,0.2086,0x9f...181b,https://etherscan.io/tx/0xc83c9e9f64c3a5ea144857cfb5dbe849a7291df4ca8f38e471af2408763562c3
2023-03-30 00:40:59,True,1.07e-05,5.975e-10,76405251.0,0.4565,0x0d...538d,https://etherscan.io/tx/0x26740936723f626ca3e57984c58218d568e0645b022e2ebfe78b3c408fd6116b
2023-03-30 00:37:47,True,1.069e-05,5.968e-10,556078.0,0.0033,0x0d...a11a,https://etherscan.io/tx/0x3002ee187f8ed33b6ad65b120d57ae103313867d06391b2b44e85604ab845b13
2023-03-30 00:03:59,False,1.061e-05,5.933e-10,5000000.0,0.0296,0x22...db2f,https://etherscan.io/tx/0xbd0a36f9064dc7009a18ab0f1148f4c710336228b97fd18ff066f6b90a52a5c7
2023-03-30 00:02:35,True,1.067e-05,5.966e-10,30000028.0,0.179,0x81...be0f,https://etherscan.io/tx/0xee44d000b744048a32ba2221d2a8a50e7787ad981a16306d37680a2806a4e40a
2023-03-29 23:52:35,True,1.069e-05,5.943e-10,220801802.0,1.31241,0x51...b17c,https://etherscan.io/tx/0xc765f295122d73e10140c67a883866ff6f6abc202202b521fb2eadd96e595b83
2023-03-29 23:50:23,False,1.059e-05,5.89e-10,20000000.0,0.1178,0xdc...7071,https://etherscan.io/tx/0x2e1dd7389abb406cffe99af076480a7fa502a1964fa25b973b0f0b581e5be51c
2023-03-29 23:37:35,False,1.062e-05,5.892e-10,3818530.0,0.0225,0x12...1982,https://etherscan.io/tx/0x82e60dea1d3b5be2280ca866debb38b7b6f45b6884f3fa0d7cc2718c448f58c3
2023-03-29 23:35:11,True,1.069e-05,5.926e-10,16558399.0,0.0981,0xcd...6c3e,https://etherscan.io/tx/0xe25909f31c9b242b816f1442e8acf1f65eb602dadc63eae5bd4affe15311fb2b
2023-03-29 23:31:47,True,1.068e-05,5.92e-10,46859546.0,0.2774,0x81...be0f,https://etherscan.io/tx/0x7e23177518a047613a07ab5a11430c992d3dd5bf912bf06fb88cc3b91ce940cc
2023-03-29 23:30:47,True,1.067e-05,5.916e-10,5026577.0,0.0297,0xe2...ae5a,https://etherscan.io/tx/0x041c7684155906bf9102f2760d5b8a43245deab96c12226833e10670364e78af
2023-03-29 23:18:59,True,1.065e-05,5.915e-10,1005408.0,0.0059,0x34...a2e9,https://etherscan.io/tx/0xf5426ae35bd4b3267f3f703200d33713454961d104be07e960d788936afdb998
2023-03-29 23:06:47,False,1.058e-05,5.88e-10,5334509.0,0.0313,0xaf...9d90,https://etherscan.io/tx/0x7a992cdae2c6aee920167d5379f35165907417019c9808b80077d07d2326cc50
2023-03-29 23:04:23,True,1.066e-05,5.914e-10,20423732.0,0.1208,0xe2...ee60,https://etherscan.io/tx/0x085c2b0804c4bbabb1595cc2bd674a321c5ad151b7970dbe067a6c0561e86e2e
2023-03-29 22:07:35,True,1.069e-05,5.912e-10,5029836.0,0.0297,0x04...af59,https://etherscan.io/tx/0x900ef29f566bb1c8ab2b8cccc08f5a4fba26170bde53b33669d5da12316b0b3a
2023-03-29 22:02:23,False,1.062e-05,5.876e-10,1000000.0,0.0058,0x9c...f107,https://etherscan.io/tx/0xc729ab7a66c641e81526bf1d293f912da307858286536755d1825492f6393a33
2023-03-29 21:49:35,False,1.061e-05,5.877e-10,7500000.0,0.044,0x21...a1c5,https://etherscan.io/tx/0xcf5e99878b0b9233da8ce602b727197ffc5c4100d8234f79adaec2a1514aa994
2023-03-29 21:46:11,False,1.061e-05,5.88e-10,24801606.0,0.1458,0x71...fc89,https://etherscan.io/tx/0x87eb88a47ac60a47b5c9e693a5633bdf1c3a10fe28e31d5c11c52ca7b2e6dd83
2023-03-29 21:43:11,True,1.066e-05,5.909e-10,93159646.0,0.5505,0x97...172b,https://etherscan.io/tx/0xa8bfb390dc92c52a923c02a044deb230457a652a93bd85f5e3c732bca145c93e
2023-03-29 21:41:59,False,1.058e-05,5.867e-10,21687319.0,0.1272,0x59...d2df,https://etherscan.io/tx/0x1a7860ae2217a82d93996cd4928afec0326900bd3935f21b749985a97113b5a9
2023-03-29 21:41:59,True,1.065e-05,5.901e-10,33566108.0,0.1981,0x35...dcf7,https://etherscan.io/tx/0xb2dea02a5e3f116a5f2c0f115f63e1fd514f42af2a6d23e047d1a4075c1072ab
2023-03-29 21:37:47,True,1.063e-05,5.896e-10,22324918.0,0.1316,0x76...7d5e,https://etherscan.io/tx/0x16b4292440394e1cf293cfd19d3e65c6157f4ae19d2308df07afd33202932ab6
2023-03-29 21:16:35,True,1.061e-05,5.886e-10,93437327.0,0.55,0xcb...633a,https://etherscan.io/tx/0x042866fc98b5d21655901be224246801dc1c412180c3aa82ab8a03d675eddd41
2023-03-29 21:03:35,False,1.053e-05,5.843e-10,4361388.0,0.0254,0x36...3058,https://etherscan.io/tx/0x890e5879b3f67de4d0a7670460b3af2e89c0f7331aae8c4992d6df4a64a08088
2023-03-29 21:00:35,False,1.054e-05,5.844e-10,8953045.0,0.0523,0x67...2548,https://etherscan.io/tx/0x006fc7db7c84830f256ad3620d6a4a8b61d1fbfc202f854cfb53da4997c165ec
2023-03-29 21:00:23,False,1.055e-05,5.85e-10,55565949.0,0.325,0x7a...6dcf,https://etherscan.io/tx/0x836fe1f34ec4cb35e6476a8da34ed92016ed8b55c8d5b1fbfbe86ce17ccfc26b
2023-03-29 20:58:23,False,1.056e-05,5.856e-10,20000000.0,0.1171,0x19...1b94,https://etherscan.io/tx/0x1c5c5316225c6dce989145ad8a9b18702dfb4ad7c029fd177207dc17817da482
2023-03-29 20:57:59,False,1.059e-05,5.873e-10,162067353.0,0.9518,0x7a...6dcf,https://etherscan.io/tx/0x4929854947a00c7c8a1e917faea2fe11cfd869dd136fb819ce2220efaba2a244
2023-03-29 20:53:35,False,1.062e-05,5.888e-10,9260992.0,0.0545,0x7a...6dcf,https://etherscan.io/tx/0x1d4dbb5c69a682e98fb0a015a562ce0497409f495e2b21df1ea5a2b28de8d9ab
2023-03-29 20:52:59,True,1.068e-05,5.924e-10,50634.7,3e-05,0x1f...2d89,https://etherscan.io/tx/0x4d76d4f6c555d27b2620f6756d14ecde128dcae9bbaa41c7631fa16237b5974d
2023-03-29 20:19:35,False,1.058e-05,5.89e-10,18521983.0,0.1091,0x9f...4635,https://etherscan.io/tx/0x9cf5b03cc8ecc03f0ca67cbd044f42cdd32f8a15025938f54c4ad067286e0452
2023-03-29 20:18:35,False,1.059e-05,5.894e-10,18323411.0,0.108,0xd6...d94f,https://etherscan.io/tx/0xf83de692a1519efb524b6a15e6f2fe9ce5ecd769fda5d32106554c813668fe8e
2023-03-29 19:45:11,False,1.06e-05,5.897e-10,20000000.0,0.1179,0x02...7f5f,https://etherscan.io/tx/0x1af184003170a32584f675236aee1f417bf516c39906c0b6987a66ceae1036ca
2023-03-29 19:22:35,True,1.069e-05,5.934e-10,1452241.0,0.0086,0xda...23eb,https://etherscan.io/tx/0x00b0aa1f2bc1c885eec38f56a68c46f434a6fe3f236edd90baed368c344eadf1
2023-03-29 19:15:47,True,1.068e-05,5.934e-10,5011056.0,0.0297,0xed...57ed,https://etherscan.io/tx/0xea849174e61b9c386cef83f9ce3447a7b79ca043b3571c7a59049ee58f7190c1
2023-03-29 18:45:35,True,1.067e-05,5.933e-10,1670523.0,0.0099,0xf0...bfc1,https://etherscan.io/tx/0xe5dd5e32260b9ea86fd66c25d30447e3e275c93b1857c54305157ed83206004d
2023-03-29 18:41:47,True,1.068e-05,5.932e-10,16764755.0,0.0994,0xda...23eb,https://etherscan.io/tx/0x664ba07ff51f0ffc301850e663e3974e560214cbe4e433f15e65c83f7e186cbf
2023-03-29 18:13:59,False,1.062e-05,5.895e-10,100000.0,5.895e-05,0x84...dfc2,https://etherscan.io/tx/0x5dba5e02e998aae8318bd4ba01761bc3a998cb2af325173ffa68d05864efd9e2
2023-03-29 18:00:11,False,1.066e-05,5.897e-10,23155117.0,0.1365,0x6e...e961,https://etherscan.io/tx/0x7001fcbc7f33ea39373dd9dca22749e42348f8673ff4f53aadc99bc87d0f2f0d
2023-03-29 17:43:47,False,1.067e-05,5.903e-10,42680638.0,0.2519,0xf3...be1a,https://etherscan.io/tx/0xd061d1ce1b51a7d7bd642b05a6b39cf718f884074c523426183e079462843351
2023-03-29 17:43:23,True,1.074e-05,5.942e-10,2873149.0,0.017,0xeb...eded,https://etherscan.io/tx/0x307eb9a2bc24ad5a8507c4123476f8ad37761f4d905182422a3237f73bed5354
2023-03-29 17:36:11,True,1.073e-05,5.941e-10,1000937.0,0.0059,0x64...addd,https://etherscan.io/tx/0x39738e3f579a7c0293602c015b52c3ad32730b80a53f1907cabb64d2a381b241
2023-03-29 17:24:23,True,1.07e-05,5.94e-10,11846758.0,0.0703,0xd9...b3c2,https://etherscan.io/tx/0x0ccad83ddd670a72cd2c218ea021811c1d6bd871dd62f81a0bd3adc4b91b4290
2023-03-29 17:22:35,False,1.064e-05,5.908e-10,48181389.0,0.2846,0x57...eefc,https://etherscan.io/tx/0x045b6155733b2cb9262301de42e8d3b116c8690d500b7c95459c97ba2f741973
2023-03-29 17:02:35,True,1.067e-05,5.94e-10,83000000.0,0.493,0x27...c3b6,https://etherscan.io/tx/0x297a5ff39c011edb79ecca0eaead8172e2046decfdfa4dc4a4900f3df20c155f
2023-03-29 16:46:47,True,1.066e-05,5.933e-10,1685.4,1e-06,0xa3...4510,https://etherscan.io/tx/0x6bac197995ffe1f4288039b637d6a173b8a538dedad41fd7ecd8889f6102dc92
2023-03-29 16:41:23,True,1.064e-05,5.921e-10,135112232.0,0.8,0x49...1b16,https://etherscan.io/tx/0x1f7b2143d8e205764dea8f0ab99a82dcf0c98131907d1f3ea17c98bbb8729364
2023-03-29 16:40:47,False,1.057e-05,5.886e-10,150000000.0,0.883,0xff...0b46,https://etherscan.io/tx/0xd68a5bdf899b0d2296e8bce551155ab2f6f8955cf11d9548aadc0bf17093881f
2023-03-29 16:36:23,False,1.064e-05,5.904e-10,49800008.0,0.294,0x57...4399,https://etherscan.io/tx/0x9d2925ae6f66c82adf0dc5c5260ef883a4ef20bedfd7d972a0f3d80557c68a5a
2023-03-29 16:35:59,False,1.065e-05,5.91e-10,11000000.0,0.065,0x37...e0bb,https://etherscan.io/tx/0xf1eeb2b9798ad1d2aed6368bebcee1fd4f2b30be636dd492973cb798ec6dc1df
2023-03-29 16:14:47,True,1.076e-05,5.943e-10,38359169.0,0.2279,0x8c...1656,https://etherscan.io/tx/0xf79508689355e64131f98af098715a740e80f1c3bb686fa6dc3a09e5725ddc1b
2023-03-29 16:13:23,False,1.069e-05,5.904e-10,1434647.0,0.0084,0x65...c761,https://etherscan.io/tx/0xbd45bf115d32c73ddd96ea7fa0d9dfd258c6903f4cbb0a9f4cc64138794ce685
2023-03-29 16:03:47,True,1.073e-05,5.936e-10,37511872.0,0.2227,0x93...945c,https://etherscan.io/tx/0x7e1fe18d3e0a56fda2e8a7247caeb5bfde329075ffc7b016917d5dffb1dc4484
2023-03-29 16:03:23,True,1.073e-05,5.933e-10,1670665.0,0.0099,0xd6...5497,https://etherscan.io/tx/0xb740cc13c37d7b3647152d1ab965a64f333f32f74ec612f607bedbf3ce33862a
2023-03-29 15:58:23,True,1.073e-05,5.931e-10,22419457.0,0.1329,0x4f...7eca,https://etherscan.io/tx/0x116c44381b19f4bfa80bd8d093c389c8aea5149b3f9beb20282470251253d28c
2023-03-29 15:56:59,True,1.072e-05,5.928e-10,5607274.0,0.0332,0x4f...7eca,https://etherscan.io/tx/0x1396d2699341e2ea2dea9775f575f70e1fcfc13511095cb4960371c69dd80ee8
2023-03-29 15:52:35,False,1.066e-05,5.892e-10,1715441.0,0.0101,0x70...5eb1,https://etherscan.io/tx/0xefdf2cb700552d39b4fac7f9ee894e934e66b1de333ec60f12cf9b250caa3a2b
2023-03-29 15:47:11,True,1.07e-05,5.928e-10,2533806.0,0.015,0xa0...c7e4,https://etherscan.io/tx/0xf5a42cd091cc7d6c5060e32d5072447d9d15e219f2ef61d2a5a8fa509c5fcd87
2023-03-29 15:43:23,True,1.073e-05,5.927e-10,16363.4,9.7e-06,0x20...88dd,https://etherscan.io/tx/0x7d3a4d150729cffd445ee83f2ea4006b74c4c17e501f1172df4374d1558a32a6
2023-03-29 15:40:59,False,1.066e-05,5.894e-10,23508903.0,0.1385,0x3b...1ae8,https://etherscan.io/tx/0x88bce1a0c64b489582e7d410f6e3f829a107d91525fec626ed8e511af5373be7
2023-03-29 15:38:23,False,1.067e-05,5.896e-10,4342302.0,0.0256,0x66...a210,https://etherscan.io/tx/0xd41c42e1ddc95e940b595d8ed95dcdefe71bfb2e8e003cbe7941ca2df54406a3
2023-03-29 15:36:23,False,1.066e-05,5.898e-10,10052845.0,0.0592,0x90...8f27,https://etherscan.io/tx/0x753c76a65933160aa6783e9c19c95e01ca558e9d6f442e0b560e455112f4b98a
2023-03-29 15:14:47,True,1.073e-05,5.933e-10,12831839.0,0.0761,0x49...58c0,https://etherscan.io/tx/0xd2d201ca6907d5aac67c8905f48b13e1cc1bd61d9f0fd75b86cbe06cd5d66ea8
2023-03-29 14:54:11,False,1.065e-05,5.899e-10,23772000.0,0.1402,0x2c...4157,https://etherscan.io/tx/0x0dac64e28dab96590b3e5d0ca03edcbe474b268366a253634ac37b491ccb70a1
2023-03-29 14:05:59,False,1.068e-05,5.901e-10,1812029.0,0.0106,0x23...abf3,https://etherscan.io/tx/0x89983503afa813c3764d8a70a816e7e0d61ab7d8c26b2139557626fb3c42549b
2023-03-29 14:05:35,False,1.068e-05,5.901e-10,2061644.0,0.0121,0x9a...2140,https://etherscan.io/tx/0x944263072de86e9aa77277ca1c4c011bb94ca86e535b6b714881bb76bfa053c6
2023-03-29 13:51:35,False,1.067e-05,5.901e-10,128940.0,7.609e-05,0x18...c992,https://etherscan.io/tx/0x079a74db9a5a5bffe54441fe5216a516e6615291fb95afb10f7c9e6d1d594594
2023-03-29 13:44:47,True,1.073e-05,5.935e-10,20040034.0,0.1189,0x0b...47c0,https://etherscan.io/tx/0xadb0d03ebe3bedaa37bf1bee85af7ae125f7a9fefa470b37e01857d2b60635df
2023-03-29 13:32:47,False,1.068e-05,5.899e-10,16470168.0,0.0971,0xc7...e742,https://etherscan.io/tx/0xe23c09c10dca53a77223e52467b2538ed7fad3a8479c834576b58badf6f0564d
2023-03-29 13:26:47,False,1.067e-05,5.901e-10,6000000.0,0.0354,0x3f...214f,https://etherscan.io/tx/0xaef8fed9c6c9b5372050d92c5d42690b0f39751e667c575ccecc75eaad7fa654
2023-03-29 13:19:47,False,1.066e-05,5.903e-10,10017353.0,0.0591,0x97...4eef,https://etherscan.io/tx/0x0b6a933a33ced9613190306e3633189328ae45dff4aed0c715f76bf917efdf73
2023-03-29 13:06:59,False,1.066e-05,5.905e-10,11152000.0,0.0658,0x3d...0200,https://etherscan.io/tx/0x10775fc5f16b247b2bd728918f1d4518710812de4f0fae8f7cf9a69d40ad93ab
2023-03-29 12:50:59,False,1.07e-05,5.907e-10,19929940.0,0.1177,0xe9...7553,https://etherscan.io/tx/0x0750b88ac561d6f60fca50621aad7c9c712887e1876350901b8fd58023aeab7e
2023-03-29 12:10:23,False,1.072e-05,5.911e-10,19147851.0,0.1131,0x9e...c753,https://etherscan.io/tx/0x94cfe568ee91bead0af16ed68a5da5a9e9cf2cd410c2cb6aa4856dc50c46ac3e
2023-03-29 12:08:23,False,1.072e-05,5.914e-10,14464320.0,0.0855,0xbe...4d80,https://etherscan.io/tx/0x720a5196c9d58530321a9afc43570139e495e36ec2a4a975c1dc2617b1cf9a95
2023-03-29 12:05:35,True,1.079e-05,5.949e-10,24709096.0,0.147,0x35...347a,https://etherscan.io/tx/0x0de1314fa45ed46d6357a1dc43555d9232fae76946caf00c450e7bd415347b59
2023-03-29 12:01:11,False,1.075e-05,5.927e-10,174698503.0,1.03548,0x00...0906,https://etherscan.io/tx/0xa27a00c8864657f7b9c474bfaaf252ad50ec0af03c5a64821eb7a92dc59c210b
2023-03-29 11:59:23,False,1.078e-05,5.944e-10,16365240.0,0.0972,0x38...10b5,https://etherscan.io/tx/0x7a7a257a29c0433ebc9621a909c1c7822699428d1ed8628f5f43b3eaacbb1deb
2023-03-29 11:43:59,False,1.081e-05,5.948e-10,22948340.0,0.1365,0xa8...5603,https://etherscan.io/tx/0x3e86c083c43aa255a4e39398315f7c5564185169bbfac173d17fbc35015c5cf4
2023-03-29 11:32:47,True,1.089e-05,5.986e-10,1123950.0,0.0067,0x01...2732,https://etherscan.io/tx/0xd7c85c9c84756b7839445fc31ea580d753e71fb042eb2ff1d3170fbdbf108778
2023-03-29 11:14:23,False,1.084e-05,5.951e-10,10949309.0,0.0651,0xf3...494a,https://etherscan.io/tx/0xd76fc082fa1d57bab5f10350c629e0102b3f13f12f7f4d9073930a5fda0b0ebb
2023-03-29 10:56:11,True,1.09e-05,5.984e-10,41964390.0,0.2511,0xde...5426,https://etherscan.io/tx/0x558c01ea1be5b1374a77616980f6bedff200491b44a7624a4d183c931bdb6dc7
2023-03-29 10:23:11,True,1.086e-05,5.979e-10,3836169.0,0.0229,0x71...f3f6,https://etherscan.io/tx/0x31dee0150b4698aa8f7968034ce10f9228274a980d2d13cda2df3f994c66db33
2023-03-29 10:04:35,False,1.071e-05,5.944e-10,5417192.0,0.0322,0x17...5a5a,https://etherscan.io/tx/0x0a8501f74fe325286edb21175b214b8ed1b5cbe1572f6489292e9b6548a32404
2023-03-29 09:34:23,True,1.08e-05,5.98e-10,347617.0,0.002,0xd3...d333,https://etherscan.io/tx/0x07ff6dea54b719ded50c98dbfd22639dc94a867886fe8227d0347f2d7dbf10d0
2023-03-29 09:24:35,True,1.08e-05,5.98e-10,1115680.0,0.0066,0x29...04fa,https://etherscan.io/tx/0x81f15d3316e99d01d7df303f7520e33fd59b9dd01b8053887dc4bdfb98b91e3a
2023-03-29 09:19:59,False,1.075e-05,5.953e-10,100000000.0,0.5953,0xe5...9c15,https://etherscan.io/tx/0xc0087177c986665b90d06a54bcb76cd2644e51ce8e1f46cec959162b55eae949
2023-03-29 09:13:11,True,1.081e-05,5.998e-10,2412703.0,0.0144,0x0c...c5f3,https://etherscan.io/tx/0xe2a3d34b9f554dc21feca2b7923639ea57a79536e8896fa428bf5ef1df9249f2
2023-03-29 08:59:11,True,1.078e-05,5.979e-10,202665945.0,1.21184,0x1c...775a,https://etherscan.io/tx/0x37236419860f26ce01eb7d2f2c1b03752af2d601120247002577fb77e556ec4b
2023-03-29 08:58:35,True,1.075e-05,5.96e-10,98609.9,5.878e-05,0xcc...22bb,https://etherscan.io/tx/0x275a88a91f08ebedcea6f19c6db5f702e41aad1fc70cfb8372920f2aba9f9de8
2023-03-29 08:32:23,False,1.073e-05,5.926e-10,17476240.0,0.1035,0xd5...36be,https://etherscan.io/tx/0x51a96ad96aee34deee08e0fb20518afed24e7e90b55468ccc55ad4494bf4f801
2023-03-29 08:30:11,False,1.072e-05,5.929e-10,8309023.0,0.0492,0xd4...8cb8,https://etherscan.io/tx/0xdd17fc78b33ddf15cc60e9f6fce9004e7880bed55b31d086655ab5c076634091
2023-03-29 08:26:35,True,1.069e-05,5.964e-10,8309023.0,0.0495,0xd4...8cb8,https://etherscan.io/tx/0xd5000366ab3d156cd13834f856d0c4a44488d62da979fe194930d72dd2af65f0
2023-03-29 08:03:47,False,1.059e-05,5.928e-10,2205078.0,0.013,0x0a...267a,https://etherscan.io/tx/0xa1aea48868af1fca6fc3107eed362dbf86c3446a6649e2ce1a581c2496040248
2023-03-29 07:56:35,True,1.066e-05,5.961e-10,37101082.0,0.2211,0xe5...9c15,https://etherscan.io/tx/0xdd936f2bc64c064109283182c06383005d33be6b5a9078be37812b738940d8bb
2023-03-29 07:56:11,True,1.065e-05,5.957e-10,2059466.0,0.0122,0x48...d394,https://etherscan.io/tx/0x3bb6fde759265782cc1d0fdb40d5ff57cfa2e24b5cc14ace3953f410ad87aabe
2023-03-29 07:52:23,True,1.065e-05,5.956e-10,9319153.0,0.0555,0xa9...31ee,https://etherscan.io/tx/0x766403df46e5fcbc6b457997461c1227f14cc76f789e5a4db1ce2ceb83bf0fa9
2023-03-29 07:49:59,True,1.065e-05,5.955e-10,1390352.0,0.0082,0x41...25ff,https://etherscan.io/tx/0x8c73f54080af983cec4e523c63b2dd29a73343e2c828514402866fd17f1cb1c6
2023-03-29 07:46:47,False,1.059e-05,5.92e-10,10000000.0,0.0592,0x0c...2e13,https://etherscan.io/tx/0x1651689d50c825a1af05c80e3d51694663d7ab5242190abf28fb9d214514bec5
2023-03-29 07:38:47,False,1.06e-05,5.921e-10,2948828.0,0.0174,0xfd...5774,https://etherscan.io/tx/0x73e962cdbb0ffffde5d66d45e90ab71ff6c6c4eb9639c3b9beebf6c5c423da37
2023-03-29 07:32:59,False,1.062e-05,5.924e-10,25000000.0,0.1481,0x0c...2e13,https://etherscan.io/tx/0x71973a762864aa62616076df4bfceb407b7695517c250ac77f2cc678905a8835
2023-03-29 07:31:11,True,1.069e-05,5.962e-10,426069.0,0.0025,0x1d...3358,https://etherscan.io/tx/0xd220ae4b0fd9b526da5eff9dd724e8876e684faf0747af60845cc56341081268
2023-03-29 07:29:35,True,1.066e-05,5.944e-10,190386083.0,1.13183,0x19...eff0,https://etherscan.io/tx/0x7556a11f4b244e9981721977f09047675e12d6b4e0e030fff36cc43165c0ca37
2023-03-29 07:12:47,True,1.061e-05,5.926e-10,16726683.0,0.0991,0xee...264f,https://etherscan.io/tx/0x98098419ec53b72d2b6316e4f5387ceec6d32c47fd7e456c2b86f70ec82b4503
2023-03-29 07:10:59,False,1.055e-05,5.89e-10,11968587.0,0.0705,0x11...21f2,https://etherscan.io/tx/0xaf5c3b7dede77a75153f0b713d11c468d1d89769b2e02cc5c46709238205073d
2023-03-29 07:05:47,False,1.055e-05,5.893e-10,23283161.0,0.1372,0xf5...f768,https://etherscan.io/tx/0x2538bfd91209cd5adb0091274e3d2e66432fcdbd43534985ab180f142ead3ecb
2023-03-29 06:57:59,False,1.056e-05,5.899e-10,50091174.0,0.2955,0x32...9ed8,https://etherscan.io/tx/0x10db245f4673961d38de2e4228d4c06366b2f26331686668db89a296c64394a1
2023-03-29 06:52:59,False,1.062e-05,5.939e-10,385686283.0,2.29075,0x50...81c9,https://etherscan.io/tx/0x1c40d48b6ed5ce2d8cd601dc2476cbebcab78a97078cae1fcd7b6908d10c9895
2023-03-29 06:52:59,True,1.068e-05,5.975e-10,376934555.0,2.25249,0x50...81c9,https://etherscan.io/tx/0x8003b93e8567ca2941a580a205956e6e1a775180aa374804b15594c077ab0191
2023-03-29 06:46:11,True,1.064e-05,5.939e-10,20000000.0,0.1187,0x2b...393c,https://etherscan.io/tx/0x9032835c743e9de502d68605a12f565a13dfe072c3da3ae8b2b4d6b3a822b115
2023-03-29 06:45:11,False,1.056e-05,5.902e-10,1835373.0,0.0108,0x10...95db,https://etherscan.io/tx/0x5a487641a397c6ce19491e1eb24e4384ac269a7a2e30799b10ef2253fb0c0c57
2023-03-29 06:44:23,False,1.056e-05,5.902e-10,3239626.0,0.0191,0x7a...fadc,https://etherscan.io/tx/0x7dc5016faca680ae80b91550531da61d223622e71f5f3965e85e5b2f9ee4ac78
2023-03-29 06:31:35,False,1.055e-05,5.904e-10,12507713.0,0.0738,0x03...aa9b,https://etherscan.io/tx/0xfc5dafc9c263917784d29561aa67ada563b55e1e96a622952ae073831ed50456
2023-03-29 06:28:47,True,1.06e-05,5.938e-10,27628250.0,0.164,0xeb...138e,https://etherscan.io/tx/0x7226b4d881845453515b2cfdb5613967e573df9f8a982937806e91221c240316
2023-03-29 06:16:35,False,1.05e-05,5.901e-10,10000000.0,0.059,0x2a...d0f8,https://etherscan.io/tx/0x2e489cbc00636ad6f7fe2253607769b85d627609bf25a1d7d7d1f16c8ede3b2a
2023-03-29 06:08:35,True,1.055e-05,5.935e-10,24158707.0,0.1434,0x5d...a5f1,https://etherscan.io/tx/0xe66bc019b71eb446508e08f9e947cc16a50a9e0aa779a240a28423f48801a966
2023-03-29 06:07:59,True,1.054e-05,5.932e-10,6925854.0,0.041,0x45...9e8f,https://etherscan.io/tx/0x1fb798f56ca3ae2421361e435cb35302a7cc1859cef25b0f792742c53fd5d071
2023-03-29 06:03:59,False,1.049e-05,5.906e-10,108818289.0,0.6427,0x16...c650,https://etherscan.io/tx/0x31218142d8f331e609c312eb591300ae0adc15769195cd1b9eb314f1ddb17e45
2023-03-29 05:50:59,True,1.054e-05,5.936e-10,165028687.0,0.9797,0x76...7d5e,https://etherscan.io/tx/0x1ba80e58a79db5a7123c928b579e93f2a93add1979f8eb88d2172a8df991f508
2023-03-29 05:44:23,False,1.046e-05,5.887e-10,15000000.0,0.0883,0x79...a03b,https://etherscan.io/tx/0x0cfb569f8159b574b30f9d24243862495500b7b1e8546bb4db6db6ef2f9e62aa
2023-03-29 05:35:47,False,1.048e-05,5.896e-10,76874907.0,0.4532,0x56...5de3,https://etherscan.io/tx/0x371eeaa8283c95f8a8910a047009c9f22b64d4c2512e505dc798359fcf98434e
2023-03-29 05:32:47,False,1.05e-05,5.906e-10,42907152.0,0.2534,0x79...a03b,https://etherscan.io/tx/0x754efc7afb592aa439ae9fc50af74ee05cd638d141d70b2aae9b55e1381250f7
2023-03-29 05:25:47,True,1.057e-05,5.945e-10,3296346.0,0.0196,0x05...6189,https://etherscan.io/tx/0x74e421ac70b0f722314f73a1402f054dec3e9232bd5ed7d0b0778535a732335b
2023-03-29 05:24:35,False,1.051e-05,5.91e-10,8449719.0,0.0499,0x89...79ad,https://etherscan.io/tx/0x1af4ce3f9a5059d8f273e0e508f4699fc20d98efdfb0bd6c2764726948f42366
2023-03-29 05:23:47,True,1.058e-05,5.946e-10,10382350.0,0.0617,0x39...0621,https://etherscan.io/tx/0xe3e2f0352639acddd917e21a235f75836b6b6eb10758d6a38d00feac87bafa5e
2023-03-29 05:22:47,True,1.058e-05,5.945e-10,187291.0,0.0011,0x39...0621,https://etherscan.io/tx/0xfb16a2e0515814a06d8788f237f66ba923dea142e3274b2d7e9b0923aab549b4
2023-03-29 05:16:35,False,1.051e-05,5.91e-10,10000000.0,0.0591,0x1a...8e32,https://etherscan.io/tx/0xfc52d8370e75796b6f1c046fc3e9610ba723ea045de0dcc64d5141331407f57b
2023-03-29 05:00:47,False,1.052e-05,5.914e-10,33157975.0,0.1961,0xc6...fed0,https://etherscan.io/tx/0x6d571728eca3ccf239aff4f4b696b694db156ea16f913e8eaa26f734c60cd83b
2023-03-29 04:55:35,True,1.059e-05,5.952e-10,5509381.0,0.0328,0xf0...ebb1,https://etherscan.io/tx/0x62197b4b34ba2d95e4c89c26c2cff6d9811381cc49b4a8a22f601def1abe48ed
2023-03-29 04:52:23,False,1.052e-05,5.916e-10,6000000.0,0.0355,0x1c...5286,https://etherscan.io/tx/0xf1344a9cdaf1b71b75f0d05f25a78a7260957c6f2600569afadc9e0c52fc9580
2023-03-29 04:37:47,True,1.06e-05,5.952e-10,4162941.0,0.0247,0x25...df5d,https://etherscan.io/tx/0x43a99345b659cf76dd02c5197be05f31933fc2fea74743c1e5701e09826fdeba
2023-03-29 04:05:35,False,1.052e-05,5.918e-10,19707330.0,0.1166,0xdf...0b25,https://etherscan.io/tx/0x9fdbef9c1ceae077829e14330cd550fbbf38004299e3c6e247610c5b58ee4c14
2023-03-29 04:01:47,True,1.054e-05,5.935e-10,222830673.0,1.32267,0x91...8081,https://etherscan.io/tx/0x7f9a60661c2e2de9a08398d7de557a79f8ad3c6adc02c4d65626d0e8cddb0f37
2023-03-29 03:56:11,False,1.045e-05,5.88e-10,6404213.0,0.0376,0xc3...297d,https://etherscan.io/tx/0x8ca07ddb722943e24b45e0cadc3609962cfb11bf72d25e9c1092445cb8005d99
2023-03-29 03:38:47,False,1.046e-05,5.882e-10,16000000.0,0.0941,0xae...8326,https://etherscan.io/tx/0xaa18631017bfea611aafd877ff07d1d41994c47fef7d10100a91cd0458c14848
2023-03-29 03:19:23,True,1.053e-05,5.896e-10,255995137.0,1.5095,0x09...9760,https://etherscan.io/tx/0xf685ca2716b0f155ae62a2ac8d55e9ca2dbd3b8f8aa3ee9a4f620d534d1f277c
2023-03-29 03:17:11,True,1.046e-05,5.873e-10,4532426.0,0.0266,0x75...f5e4,https://etherscan.io/tx/0xc96c3e94a510afe74f9c27aab1fca33e6e33f57c37dbf73a31e5a5fb047318ab
2023-03-29 03:07:23,True,1.043e-05,5.872e-10,8440278.0,0.0495,0x3c...5ed9,https://etherscan.io/tx/0x7ecaa89f3a7c2a7f1ca1cf6e0e38019fc6124e8a0e2734bbf3b8ca3679decba8
2023-03-29 02:54:23,False,1.036e-05,5.837e-10,17949234.0,0.1047,0x16...b833,https://etherscan.io/tx/0xaf210c24f1fb952207f4a81ef35837d69dc9b2dfcbe48f7e2bfc462a790dbb1b
2023-03-29 02:49:47,True,1.042e-05,5.874e-10,337473.0,0.0019,0x52...9484,https://etherscan.io/tx/0xd4c4cbba599df22a44bb3f9b60364e0b138853820acb4694689a634f6ce688ae
2023-03-29 02:39:23,False,1.036e-05,5.839e-10,4268199.0,0.0249,0xd5...657d,https://etherscan.io/tx/0x8985dfb9c14484edf230c01867197e8f77dfdc72c41ba0593f50e4d8293a100e
2023-03-29 02:38:23,True,1.043e-05,5.874e-10,10828982.0,0.0636,0x45...96a3,https://etherscan.io/tx/0xdb40fd286468f58045b188954321a0dda87cf6231542a52682423c8f9daf3f41
2023-03-29 02:22:47,False,1.037e-05,5.842e-10,46380792.0,0.2709,0x1c...e29f,https://etherscan.io/tx/0xad6a87c9c025eff24f9816076049981621affdda9eea6c1b856572131c7017ec
2023-03-29 02:16:59,False,1.037e-05,5.847e-10,7977437.0,0.0466,0x16...b833,https://etherscan.io/tx/0xc403571d6f5b5df651843914e5b8d4f8d2dbfd6862c75568018fc9fbed367a40
2023-03-29 02:06:11,True,1.043e-05,5.881e-10,16853631.0,0.0991,0xc5...b842,https://etherscan.io/tx/0x8b98456bd64537e30edc1ff833934cfb1e4ccdf5e8c76c869e09e31a70d9e871
2023-03-29 01:59:47,False,1.038e-05,5.853e-10,100000000.0,0.5853,0x50...9e41,https://etherscan.io/tx/0x1e3e3dfd881cfb8c9b8884e20362a9280824ec2a973208307cb2b1e896e91af9
2023-03-29 01:59:23,True,1.042e-05,5.879e-10,206329715.0,1.21309,0x43...74f3,https://etherscan.io/tx/0x842e4d808211927db34944f55a21113a7f4ad4a0aa1e8c5ae2a8404a0d406ba1
2023-03-29 01:58:35,False,1.034e-05,5.834e-10,100000000.0,0.5834,0x50...9e41,https://etherscan.io/tx/0xfddd7226b990be3505b08f0414e0fb12e0838a676a4071b19688feb586cc523e
2023-03-29 01:57:59,True,1.041e-05,5.871e-10,77936215.0,0.4576,0x99...3903,https://etherscan.io/tx/0x0fdf602cc3644fd7bb6bbe01c46a22f54df4e77209cb1576bc73b5ee7376a84b
2023-03-29 01:57:35,False,1.034e-05,5.83e-10,13914991.0,0.0811,0xd7...ad0f,https://etherscan.io/tx/0x88e43d64fe8fedfb86e83b3919e4a87f82e756f98b2e2939d477a170b582d6af
2023-03-29 01:57:23,False,1.035e-05,5.836e-10,49400000.0,0.2883,0x5c...2b51,https://etherscan.io/tx/0xf8ec07be17d46540720cc4c0545e5406d494055360501aee01e374aebc8d943c
2023-03-29 01:57:11,True,1.041e-05,5.869e-10,77146820.0,0.4527,0x00...3d00,https://etherscan.io/tx/0x767b0c3606c94f3274c9d8e3ef1f1022a33231d641d1fade607ea53d77895549
2023-03-29 01:56:59,False,1.035e-05,5.836e-10,103519281.0,0.6041,0x50...9e41,https://etherscan.io/tx/0xbfcaa3c1b537d2ed691593a161a61b2faa035b9377c94efc47ccce82f1d26e57
2023-03-29 01:56:47,False,1.037e-05,5.845e-10,4802837.0,0.028,0xd7...ad0f,https://etherscan.io/tx/0xac8af18f7361980cd7fb3d043ebec4532574a2697b0ac60edb0ab540a133017b
2023-03-29 01:47:59,True,1.043e-05,5.881e-10,3400584.0,0.02,0x29...f11d,https://etherscan.io/tx/0x244ef30879e09c3084bc18b220533d39a5e8fe22a6b5558b2cd6d5645dd7e702
2023-03-29 01:15:35,True,1.043e-05,5.88e-10,1685545.0,0.0099,0x24...4c04,https://etherscan.io/tx/0xbe018b002a181e94247f1828b3d3ca229856e8bb28cb46cec20298c6e02ffee6
2023-03-29 01:04:35,True,1.041e-05,5.88e-10,4969294.0,0.0292,0x43...ab07,https://etherscan.io/tx/0x9d552c39f4defedfbd2244ee67678db3860e3456296a5df1e643a98107e81955
2023-03-29 00:59:59,True,1.04e-05,5.879e-10,4678615.0,0.0275,0xf5...65c6,https://etherscan.io/tx/0x25cfe056cbc6f35d5e2eae3b660c0fbe5839f63eb6212fc212c700e48b7b0041
2023-03-29 00:26:59,True,1.041e-05,5.879e-10,85486.9,5.025e-05,0x4e...05f9,https://etherscan.io/tx/0x34bc5ffa95a5951dd8da2d4402ebd0dd30af1fc12a0d415e6ac853f0ab4a6187
2023-03-28 23:43:35,False,1.036e-05,5.848e-10,52610525.0,0.3076,0x41...74da,https://etherscan.io/tx/0x362207672c6701354aa291682b14265d41a6d9a665edf24157597ed948c8820d
2023-03-28 23:30:23,False,1.037e-05,5.853e-10,3343288.0,0.0195,0x37...3a19,https://etherscan.io/tx/0xf67a0402bb1b9604848b9dc92ebb3e346728842342ebdb1eed16e2ba9e015318
2023-03-28 23:28:59,True,1.043e-05,5.887e-10,17795810.0,0.1047,0xe2...8535,https://etherscan.io/tx/0xe04cb6ea8003ab8972fc3796af53d1bcbb0aa5e041e7da4ba59c0eff6ed4f231
2023-03-28 23:26:47,False,1.037e-05,5.851e-10,6000000.0,0.0351,0x04...bbbb,https://etherscan.io/tx/0x4a82d69ef97e564855502745236ac48e1444855a4c9e2582406d051dec154726
2023-03-28 23:16:59,False,1.035e-05,5.852e-10,9246682.0,0.0541,0x7a...8f86,https://etherscan.io/tx/0xe88f138a340b954ee1a2cfdbb6013d728ba3a79d4fc96e9f1ea68f7c79fb398d
2023-03-28 23:10:35,False,1.037e-05,5.854e-10,19810000.0,0.1159,0x35...fc6e,https://etherscan.io/tx/0x38cf07d2bcb138399cd1ebfef2ac779183f1b83458f4ab011d22317e7c4b74d3
2023-03-28 23:00:35,True,1.045e-05,5.891e-10,9927369.0,0.0584,0x3c...be71,https://etherscan.io/tx/0x45d940d55fc41cfe621c31faf5bf447715894b4a2916d192f97d7cdb9f1be157
2023-03-28 22:57:59,False,1.038e-05,5.854e-10,5000.0,2.927e-06,0x84...dfc2,https://etherscan.io/tx/0x4f8643f3934b4adf43fc139007f6ed68393b3628122eaade442a7d2c1344e3f4
2023-03-28 22:56:23,False,1.038e-05,5.854e-10,50000.0,2.927e-05,0x84...dfc2,https://etherscan.io/tx/0x8df31348a2315415733c38623744f0f07feb5944bc00e340edc38d4a6325b205
2023-03-28 22:51:23,True,1.044e-05,5.889e-10,3775738.0,0.0222,0x7f...2b43,https://etherscan.io/tx/0x411776e785336bafe360b63cc1613bad30324bfbd63ff66ba8d32f3698c553d4
2023-03-28 22:43:35,True,1.046e-05,5.889e-10,5616580.0,0.033,0x7f...2b43,https://etherscan.io/tx/0xc1c9c58619ee0b6b3423448142b1c2a6645c81085f415594bf9031e1a4ab58de
2023-03-28 22:38:47,False,1.041e-05,5.854e-10,8952645.0,0.0524,0x87...884e,https://etherscan.io/tx/0x047c6502c772366341db3b2fd25978558a37c222248425e208c987623601e892
2023-03-28 22:36:23,True,1.048e-05,5.89e-10,617806.0,0.0036,0xe1...bab5,https://etherscan.io/tx/0x791de185485069b38df1eb9231377e4f7ef33afeb92f2495211442332e5d572c
2023-03-28 22:24:23,False,1.042e-05,5.86e-10,67672031.0,0.3966,0xc6...4014,https://etherscan.io/tx/0xe4239b87d99981b73d313b4b965b151d24926acb582cb2136f3f80915f55585e
2023-03-28 22:20:23,False,1.044e-05,5.867e-10,4697826.0,0.0275,0xb6...a5ab,https://etherscan.io/tx/0xc5f8a5b6bb8147bd87c3063be257acfee4390fbd91743210410f85fe868faf5c
2023-03-28 22:14:23,True,1.052e-05,5.902e-10,3914237.0,0.0231,0xe5...9726,https://etherscan.io/tx/0x31db22c84cf7ab6eabb799faafa2b740bec5c5a179a1b3c83fa648914367ecdb
2023-03-28 21:53:23,True,1.057e-05,5.9e-10,25000000.0,0.1475,0x90...59e2,https://etherscan.io/tx/0xaabb0b294fa36880df56ba14c0c5b91d6c2ebd7d28de99374f3e927c188eb944
2023-03-28 21:51:47,True,1.049e-05,5.895e-10,25000000.0,0.1473,0x90...59e2,https://etherscan.io/tx/0x092a1f425eef08f96963315ffee878d43bde7cd2d4fce28275da82b573e482dc
2023-03-28 21:44:23,True,1.044e-05,5.892e-10,15000000.0,0.0883,0x90...59e2,https://etherscan.io/tx/0x7085ed521e967391128c9fdfc2eb369e0544bf0ef98894a40bddc70c7920d9ac
2023-03-28 21:43:23,False,1.038e-05,5.857e-10,28179496.0,0.165,0x74...5740,https://etherscan.io/tx/0x8701dc79fa6c4f4efc57cf39dcdf6172c2a3e17120aaff4d7ec742c04ae859b6
2023-03-28 21:43:11,True,1.045e-05,5.893e-10,28639288.0,0.1687,0x90...59e2,https://etherscan.io/tx/0x28c929037a20099e5af40b1db2444b4f41f067329bb830fe7e238be885263407
2023-03-28 21:39:11,False,1.038e-05,5.864e-10,99134819.0,0.5813,0xbf...9a66,https://etherscan.io/tx/0x170de0d73b8b17e73b0c2e28f937afe94065c920fa7f45863370e18a828a2bc6
2023-03-28 21:30:35,False,1.041e-05,5.873e-10,2338982.0,0.0137,0x4e...4017,https://etherscan.io/tx/0x7b4ca65568ff5e304dc59b9f09d8a879bb3877dc8e34696ea6c488dbb3bef309
2023-03-28 21:29:23,False,1.04e-05,5.873e-10,5335388.0,0.0313,0x6a...2ab9,https://etherscan.io/tx/0xca9329ac05c242dd8d45bf252712071e2c2ef7e150bf2f1c279f93b24c0217e8
2023-03-28 21:23:11,True,1.044e-05,5.909e-10,169214.0,0.001,0x12...2876,https://etherscan.io/tx/0xf673c6fd4cb1c1a2e586d25f323a23d92f810b5d3468eb544e1b4270ceba5e8f
2023-03-28 21:23:11,True,1.044e-05,5.909e-10,169214.0,0.001,0x4c...497a,https://etherscan.io/tx/0xb74181cd3027afba16dc209df44fe452fff847fb18a96ed16066e8a3658d6c92
2023-03-28 21:23:11,True,1.044e-05,5.909e-10,169215.0,0.001,0x31...990b,https://etherscan.io/tx/0xccd72dcbdbb1bbc1d9880d26cd21a53ba82a9c7cf1c0ecfd7c6105f5cc58e153
2023-03-28 21:23:11,True,1.044e-05,5.909e-10,169216.0,0.001,0x0a...6813,https://etherscan.io/tx/0x63941e4d5af557583452751c44a304eb82cae0e40d178d413e6eeaf505219b4f
2023-03-28 21:23:11,True,1.044e-05,5.909e-10,169217.0,0.001,0xe7...dc51,https://etherscan.io/tx/0x344a72eb243d80a50e27b9e629faa7ba4bf54df2f865f5a6e3589c1e53fb7816
2023-03-28 21:23:11,True,1.044e-05,5.909e-10,169218.0,0.001,0x22...195f,https://etherscan.io/tx/0xadbbb0e9f2dc9ad07fa096f23ef35cca69131f1cef04dd761c2e10c1dff6ac45
2023-03-28 21:23:11,True,1.044e-05,5.909e-10,169219.0,0.001,0x20...ddc4,https://etherscan.io/tx/0xee650061ed886a9bf97d019c9a9e27b142f5f9ccd654ca20398fc1fc767d7040
2023-03-28 21:23:11,True,1.044e-05,5.909e-10,169220.0,0.001,0x55...27e0,https://etherscan.io/tx/0x8f5a0422036706e6edb5f459bac61d30b0efe146f96044c43c5efb071fdb96e7
2023-03-28 21:23:11,True,1.044e-05,5.909e-10,169221.0,0.001,0xe2...597e,https://etherscan.io/tx/0xbba4968e42c61d2cea698d96887b862429504286fade2c6776712a9f6445bc6f
2023-03-28 21:23:11,True,1.044e-05,5.909e-10,169221.0,0.001,0xcb...2f7d,https://etherscan.io/tx/0x849fe4071b5454561cdbda4f242ef54ad4ea13bf86851453d4d13b02964f63b0
2023-03-28 21:23:11,True,1.044e-05,5.909e-10,169222.0,0.001,0x1b...e633,https://etherscan.io/tx/0x1b5991fd0bdafc765ed0a2805e5beb03a3eabe650841fec8ed5444ed55cd5439
2023-03-28 21:23:11,True,1.044e-05,5.909e-10,169223.0,0.001,0xa7...c624,https://etherscan.io/tx/0xa4c3bc85974eb47ebdc37951d2736eed0e6c6bd7c732e82a9d1c6a2cfe20826a
2023-03-28 21:23:11,True,1.044e-05,5.909e-10,169224.0,0.001,0xcc...5b62,https://etherscan.io/tx/0x18ab7cc89f3a3480c030e2f4a61b296014aa4193f660cfc5ef6a1f5dc72fad7b
2023-03-28 21:23:11,True,1.044e-05,5.909e-10,169225.0,0.001,0x2c...3001,https://etherscan.io/tx/0x558e45fb164bc1f37f0e083c5d5979d09df816d1b2bbff679db65c214a0324c5
2023-03-28 21:23:11,True,1.044e-05,5.909e-10,169226.0,0.001,0x7e...9d98,https://etherscan.io/tx/0x58a1216aeb5d234a820eb61f674dffaa99ab1f39c811a0dd108be84686333c95
2023-03-28 21:23:11,True,1.044e-05,5.909e-10,169227.0,0.001,0x7a...865f,https://etherscan.io/tx/0x5a0bd4bf9fdf8064d67d3988a7b360f8cd08dadfb7805de38d88790d944cce10
2023-03-28 21:23:11,True,1.044e-05,5.909e-10,169228.0,0.001,0x69...5e7c,https://etherscan.io/tx/0x31a2c4b1bf8bcf8b30e6ef85eafe55be304705c280cc0ee531c60b7e3e235e84
2023-03-28 21:23:11,True,1.044e-05,5.909e-10,169228.0,0.001,0xe2...0a59,https://etherscan.io/tx/0x50cdc47ec767b71f9daa761d73a8cf6b899c0c9a14198bbaef997c921bdc345d
2023-03-28 21:23:11,True,1.044e-05,5.909e-10,169229.0,0.001,0x1f...94d4,https://etherscan.io/tx/0xff7bb883af55e5ca04442ed073e7ebe7f3524ae2a0a14e65ee12bdf75ce50ae6
2023-03-28 21:09:47,True,1.047e-05,5.908e-10,3003915.0,0.0177,0x37...c9d5,https://etherscan.io/tx/0x4a213c3a5aafa7884f17b45761e7ba2eba59f36d644bf75fd407242d3b1cdaa4
2023-03-28 21:03:35,False,1.044e-05,5.873e-10,4375300.0,0.0257,0x79...d58e,https://etherscan.io/tx/0x262061343a918818ed4ce3c76374052e7bd1b4d51c242a8bcea9582d9341145d
2023-03-28 20:45:59,False,1.038e-05,5.897e-10,257017717.0,1.51564,0x56...aad5,https://etherscan.io/tx/0x59a3e0196811c887ba7b547ebb5a5bff2f2016599347581f2c6af315b5dd28f6
2023-03-28 20:28:47,True,1.036e-05,5.955e-10,6161694.0,0.0366,0xf4...e47b,https://etherscan.io/tx/0xd770ce853bd9ee851955aa91d55ed879aca64089cf582cad2272a5c3fee50b29
2023-03-28 20:19:59,True,1.035e-05,5.954e-10,1664702.0,0.0099,0x88...855e,https://etherscan.io/tx/0xd2dfa369fef3d64bf6b78db6f5826b49b67ca6bc4a580fd8db03e2f1ffe0b930
2023-03-28 20:15:23,False,1.027e-05,5.919e-10,10513629.0,0.0622,0x64...a923,https://etherscan.io/tx/0x4d323779f73b733f1ca31a020a4c3f9ea9f0634668f39553506bf9b322a8740d
2023-03-28 20:10:59,True,1.034e-05,5.955e-10,7714500.0,0.0459,0xc9...2ccf,https://etherscan.io/tx/0x83ddd7a8106ba0e8a744280ea3db78f2f10b1f008994474dd38433ddea13baca
2023-03-28 19:54:59,True,1.032e-05,5.954e-10,332922.0,0.0019,0x79...fb41,https://etherscan.io/tx/0xf03ff8a4400ba8cc58ac7caac18f867d8effdc663c934f3326ded2b9c1032dc9
2023-03-28 19:40:47,True,1.029e-05,5.939e-10,163301046.0,0.97,0x31...d1d5,https://etherscan.io/tx/0x33cd658c836c99ac8ef7eed6192be72d53143df9b178c21456fff838cc21c95b
2023-03-28 19:33:11,False,1.021e-05,5.889e-10,202541.0,0.0011,0x67...288e,https://etherscan.io/tx/0xef6478cc39225cd05c673b565d4eb3d4ebe407f0cc93b72f4a65c00b6609cf64
2023-03-28 19:33:11,False,1.022e-05,5.896e-10,80611432.0,0.4753,0x67...288e,https://etherscan.io/tx/0xef6478cc39225cd05c673b565d4eb3d4ebe407f0cc93b72f4a65c00b6609cf64
2023-03-28 19:10:59,False,1.027e-05,5.908e-10,42478029.0,0.2509,0xe5...d820,https://etherscan.io/tx/0xf916ac16891605cd383f24a8f3499a3593532bdb2fd91b18f412f17801b290d6
2023-03-28 19:10:47,True,1.034e-05,5.947e-10,333337.0,0.0019,0x90...fb98,https://etherscan.io/tx/0x6fe13b30b3df4983576a1d904760fc917278765c237eae32be6b32f71d41024d
2023-03-28 19:07:47,False,1.027e-05,5.921e-10,106072890.0,0.6281,0xa7...40dd,https://etherscan.io/tx/0xc84edb7f41ba9a84e5679d879545a3240e34b8918f7ef592f303b826841fa0f0
2023-03-28 19:01:47,False,1.028e-05,5.93e-10,255750.0,0.0015,0x67...288e,https://etherscan.io/tx/0x174af77e2980838c60a3d386cf05df9017a3b4204103dbfedf41eca45efe3884
2023-03-28 19:01:47,False,1.03e-05,5.94e-10,101788500.0,0.6046,0x67...288e,https://etherscan.io/tx/0x174af77e2980838c60a3d386cf05df9017a3b4204103dbfedf41eca45efe3884
2023-03-28 19:01:23,True,1.038e-05,5.984e-10,5134433.0,0.0307,0xba...cced,https://etherscan.io/tx/0xf463d96ef74aeb7185f177843a685f8e00a3504430d707f6ea1c53237d7d2ffa
2023-03-28 18:58:47,False,1.032e-05,5.952e-10,39752381.0,0.2366,0x95...2fcd,https://etherscan.io/tx/0x221cdbeca6e7c83d911cc74465ef01deeac7c7dbc37869fe855abceebd2fb4f7
2023-03-28 18:57:59,True,1.038e-05,5.987e-10,48995304.0,0.2933,0xa7...40dd,https://etherscan.io/tx/0x8df694ed526998d9a17a25208fbfc89e693a3b0a23b36040947a7c6e5860df52
2023-03-28 18:57:23,True,1.036e-05,5.977e-10,57077586.0,0.3411,0xa7...40dd,https://etherscan.io/tx/0xc7a78d7538e022cc2b563829a59069f4d6a932e978b7b195208ebe5a298949e1
2023-03-28 18:54:59,True,1.035e-05,5.971e-10,2575706.0,0.0153,0x94...12d7,https://etherscan.io/tx/0x6fba8e50a1f652b668ee43623490de44defa072328519a41cbe61520581b9faf
2023-03-28 18:48:47,True,1.037e-05,5.971e-10,6640303.0,0.0396,0x6a...308d,https://etherscan.io/tx/0xc02d86795b0a6fcbefc138014045235a3ab98ea8aae613d5af739154fe6cdb4c
2023-03-28 18:45:47,True,1.036e-05,5.966e-10,41899410.0,0.25,0xe5...d820,https://etherscan.io/tx/0xa86da1decaae624a42620b12bae85b045cae31347a2bb66b53f677f8b871febd
2023-03-28 18:44:23,True,1.034e-05,5.955e-10,83960453.0,0.5,0x20...fe0a,https://etherscan.io/tx/0xfb97bc31dc66c7801906715f02984b428c02b335884f761895e62fc73d51039e
2023-03-28 18:38:59,True,1.033e-05,5.947e-10,1752928.0,0.0104,0x7a...8285,https://etherscan.io/tx/0x6304fa6cc9e31e268f6c3b4a551d664fce40b1c84863e63d2c0d3b313de33db1
2023-03-28 18:27:35,False,1.028e-05,5.921e-10,110207223.0,0.6526,0x15...4fe4,https://etherscan.io/tx/0x32adbf54b7da45a2619bb222a79fa9d268b44040e67c6a3a861cca06b188afd4
2023-03-28 18:26:47,False,1.03e-05,5.932e-10,14964348.0,0.0887,0xa6...e509,https://etherscan.io/tx/0x4316aa7d0bb7012f1bd2e6d4600e70b62bcafba463ecc2e8581985ed90ff54f0
2023-03-28 18:24:47,True,1.036e-05,5.967e-10,23860849.0,0.1424,0xf0...c620,https://etherscan.io/tx/0x534c845d6b3466f08b03ad5000c76a31d07561e3eb055cc28ab12ea1a691ff7e
2023-03-28 17:58:47,False,1.033e-05,5.93e-10,2500000.0,0.0148,0xca...129a,https://etherscan.io/tx/0xec500798e08d61e3ff0d01ff7cf131b195f805b7c3c8fc0052982a81959483ac
2023-03-28 17:49:47,False,1.032e-05,5.932e-10,20135065.0,0.1194,0x94...d7f3,https://etherscan.io/tx/0xb1baf4903853ab8d62320bba3d4923eb0790bdc89ac2b5ab5cd9a92b7d02d6aa
2023-03-28 17:40:59,True,1.041e-05,5.969e-10,7796724.0,0.0465,0x6f...7e19,https://etherscan.io/tx/0xb6e47c4f6d5dd9327cc24bd5f8c317646e132e084bdc08185cbc08357b4ab950
2023-03-28 17:39:59,True,1.041e-05,5.967e-10,8083936.0,0.0482,0xc4...4ab5,https://etherscan.io/tx/0xd5a4e4c7a295c01ebb78d5ab0fabafa586631e50755a64cd1d3e372b0089f94e
2023-03-28 17:38:35,False,1.035e-05,5.934e-10,35000000.0,0.2077,0xf8...9b05,https://etherscan.io/tx/0x6e1daec0caf89e92358d2f3bbece8ddcc8bd5f62d3be9a1487196fb3b244900a
2023-03-28 17:30:35,True,1.039e-05,5.97e-10,34965559.0,0.2087,0x4c...663d,https://etherscan.io/tx/0x8cc4d62ef3c7b9ad0bb9638731409f669fb4746147f52f3f092b227c516db74e
2023-03-28 17:27:59,False,1.031e-05,5.931e-10,4284327.0,0.0254,0x62...810f,https://etherscan.io/tx/0xcded6f6a432d5d965e07b5940cc57ca72cc354952fba76152d7078fe03e586bf
2023-03-28 17:20:23,False,1.032e-05,5.932e-10,4738732.0,0.0281,0x9b...72d8,https://etherscan.io/tx/0xceefef0aa73f3d3c55960c643c870820fc4d0e961d89c46fdfd6fb6d7939cfb4
2023-03-28 17:17:47,True,1.036e-05,5.956e-10,132271008.0,0.7878,0x3e...6c30,https://etherscan.io/tx/0x5a204e27e7bedddf9e703d01cfe3b299bad5ca7a3a4a4924c6b794703d3f0ab5
2023-03-28 17:17:23,True,1.034e-05,5.943e-10,5003012.0,0.0297,0xc0...dfbc,https://etherscan.io/tx/0xbc69104594d392eda3ce655a97f6fa49483cc00ae4712e7e0696a3ba928ac49d
2023-03-28 17:09:35,True,1.035e-05,5.943e-10,4129121.0,0.0245,0x92...f15d,https://etherscan.io/tx/0x877ee41e0880d15e0d1ead2da6c8d7ba1b88350d19c18a0cdd2656d336a8a7ee
2023-03-28 16:53:35,False,1.03e-05,5.911e-10,47733848.0,0.2821,0x63...cfbb,https://etherscan.io/tx/0xf7203774439cc776486127f02005df180390bc887dc901ed69a1a624fafa8973
2023-03-28 16:47:23,False,1.032e-05,5.924e-10,99841528.0,0.5915,0x79...0fa0,https://etherscan.io/tx/0xf87c0a14096951b6387a20d533f83a7601279fecd9d42b54579730988bdfd864
2023-03-28 16:44:47,False,1.034e-05,5.935e-10,14788786.0,0.0877,0xcf...116f,https://etherscan.io/tx/0x86f3e459b5b23f91c5e10fa6c79b1c9401328f4fe4117fcea66157eb3d40a96d
2023-03-28 16:41:35,False,1.032e-05,5.936e-10,830076.0,0.0049,0xa5...792b,https://etherscan.io/tx/0xa93d05f20d5559e5e8f64c159c2aa3a58c45bdb5f30dbc02e75e736b6ddc526c
2023-03-28 16:38:35,False,1.032e-05,5.937e-10,10531915.0,0.0625,0x74...3718,https://etherscan.io/tx/0x3092eeaf882a74dc2dfeb1bd548ad98190937a7863ffb350da7d280dcb6ad553
2023-03-28 16:38:11,True,1.038e-05,5.973e-10,11450422.0,0.0684,0x77...516c,https://etherscan.io/tx/0xf6cfe28ab9101f20e75af2ae1d55325c4838dbcf6efd5a89af7fd15adbef67db
2023-03-28 16:31:11,True,1.041e-05,5.971e-10,4979697.0,0.0297,0x4b...f459,https://etherscan.io/tx/0x1c1b8ab5316360af2c55709e64ab847bd1c014023995febef3712f2f9fa63eff
2023-03-28 16:30:23,True,1.042e-05,5.971e-10,2087285.0,0.0124,0x69...6af4,https://etherscan.io/tx/0xfcd14c6356ab5384cdd04647fe3de1176fc9934ee1b8b033225dbcab59801724
2023-03-28 16:29:47,True,1.041e-05,5.967e-10,33485452.0,0.1998,0xb1...2b0f,https://etherscan.io/tx/0x261f9a4dd2cdfd8b7d897b1f9a5ecd50ca88c219ee493db26cec416484f5efa7
2023-03-28 16:28:59,True,1.041e-05,5.964e-10,496997.0,0.0029,0x69...6af4,https://etherscan.io/tx/0xf51fed3f05f6069fde7b8f20966bf1099878df0b253b1d9b13be1868acdeb8b3
2023-03-28 16:25:35,True,1.041e-05,5.964e-10,197472.0,0.0011,0x85...f5e1,https://etherscan.io/tx/0x1d03afbddfcbf1a706e6929cf123f31552eccee44b262c8edea0a544537f1d0c
2023-03-28 16:12:59,True,1.042e-05,5.964e-10,1745747.0,0.0104,0x2c...13e2,https://etherscan.io/tx/0x4e9b6134b28d53d15f6001ce67b37b4cf12bd31a491acb6c2d15730c038e8a5f
2023-03-28 15:49:59,False,1.031e-05,5.929e-10,9583737.0,0.0568,0x2e...5be1,https://etherscan.io/tx/0xc2c05462dd055a7e28a9a86ce2093c5b476c1e636da5eb7d28331aa248ed11d2
2023-03-28 15:44:23,False,1.03e-05,5.933e-10,33336379.0,0.1978,0x77...516c,https://etherscan.io/tx/0x854873abd7d87588f0a25f3d5ea98d6f66ff150e540da0160ebccf8998477d90
2023-03-28 15:28:35,True,1.034e-05,5.969e-10,27194683.0,0.1623,0x12...87a4,https://etherscan.io/tx/0x34c2083d69b8ed71c758ca263f0d41aa3532ce9117c90e1d302bd56de3b3d326
2023-03-28 15:26:59,True,1.034e-05,5.967e-10,332235.0,0.0019,0x36...615c,https://etherscan.io/tx/0xb26ddb5a02f3518b5f431d248a06f510f8e0edaa1088a2363bf0b1e310c8e278
2023-03-28 15:24:47,True,1.033e-05,5.966e-10,2824133.0,0.0168,0x6b...b8a3,https://etherscan.io/tx/0x84fa26df2925e63176e9f2aa0fb5d7c004617f033e00b2c88e1b4a75ce850b1a
2023-03-28 15:21:59,False,1.027e-05,5.931e-10,9966963.0,0.0591,0xd9...df06,https://etherscan.io/tx/0xd386a20d858cb38cf4543fdbc60a21f235752743dbf0163ef9566ff035023051
2023-03-28 15:20:59,True,1.033e-05,5.968e-10,1689196.0,0.01,0xd9...ba9f,https://etherscan.io/tx/0x1e39c234ade4a8f2dde0504758a339d8b15187cf71ca4efe0b113a0812486587
2023-03-28 15:19:23,True,1.033e-05,5.967e-10,9966963.0,0.0594,0xd9...df06,https://etherscan.io/tx/0x5575d71bb5935f07bf8771fec7c3c6544ad7a3586ecad252823e64286fab3d5e
2023-03-28 15:18:59,False,1.027e-05,5.93e-10,3575852.0,0.0212,0x7b...55d7,https://etherscan.io/tx/0x553e641d46c11b9ae08a79512e043c6bf6e0326ace4fd26a4358db27c788e521
2023-03-28 15:18:47,False,1.027e-05,5.931e-10,1500000.0,0.0089,0x36...615c,https://etherscan.io/tx/0xcc0440589c51083e50811c6f96ef17c8f24a99ce9059d13799aff9ef3ed5b333
2023-03-28 15:17:23,False,1.027e-05,5.932e-10,11490763.0,0.0681,0xdb...86ce,https://etherscan.io/tx/0xe02aa024d56817712c53f3e9ffac49bcf44ed582230c7dc8419b47922b28cabb
2023-03-28 15:07:59,True,1.036e-05,5.967e-10,16111543.0,0.0961,0x02...59e2,https://etherscan.io/tx/0xeb7ccdd0686807afa73a384486b53e932bafe26cc716c52dc4e4c2e190d3a0da
2023-03-28 15:06:35,False,1.03e-05,5.932e-10,16610344.0,0.0985,0x02...59e2,https://etherscan.io/tx/0x1afb523a1c5edc2f5c7e0f274a87c2b1139264d14529defbd575ed37fe99a480
2023-03-28 15:02:35,True,1.036e-05,5.968e-10,6280726.0,0.0374,0xbb...d15e,https://etherscan.io/tx/0xcf30c589a1221eb493be7a60b779fdfeb4221e5d100a520e78b28c31fb361a60
2023-03-28 15:02:23,True,1.036e-05,5.967e-10,8305408.0,0.0495,0xed...a781,https://etherscan.io/tx/0x9173316a1163baa9a0dfff2e794bac79de9c3d3c93e8c7d0aa707911ef4404bc
2023-03-28 14:57:35,True,1.036e-05,5.965e-10,8591203.0,0.0512,0x6b...414b,https://etherscan.io/tx/0x245baa98c72565a23622f1c5678e228ca3a3bac2b0dabbd4651e799e996a919b
2023-03-28 14:47:11,False,1.029e-05,5.935e-10,64417871.0,0.3823,0x92...b778,https://etherscan.io/tx/0x2430479a3838bd11f136333cff8adfabfb3bbc70ebc36c2e4104fec48793e8e9
2023-03-28 14:23:47,True,1.039e-05,5.976e-10,1658505.0,0.0099,0x18...3ac6,https://etherscan.io/tx/0xa4c81f9703b8ab1f6e5f6bb87488e229ef0c4a704ac7bda28ced65caf06f67ee
2023-03-28 14:16:11,False,1.037e-05,5.942e-10,17669156.0,0.105,0xbe...6985,https://etherscan.io/tx/0x98c2d3bbbfb87c7194523a4acbe951ab67227eaf670fc307935a0c21546fe725
2023-03-28 14:03:23,False,1.04e-05,5.944e-10,10000000.0,0.0594,0x41...a72f,https://etherscan.io/tx/0xab63facbf828f98519d07b5b4d9fec9c98d27edd3f56794cfd904c6b81f5ce93
2023-03-28 13:57:47,True,1.044e-05,5.979e-10,18932653.0,0.1132,0x4d...10e1,https://etherscan.io/tx/0x1f9c6f18b2d5d5a2ea45b7d18e214cac648d8ccc6531067e53e38c8a56abbeb8
2023-03-28 13:55:35,False,1.039e-05,5.946e-10,43821356.0,0.2605,0x26...98ea,https://etherscan.io/tx/0xc23822a279305712897c942777900fff142ae10871ed31898039b6f58f757807
2023-03-28 13:42:59,True,1.038e-05,5.986e-10,165589.0,9.912e-05,0x4a...9101,https://etherscan.io/tx/0xb3fdc3626379f41a2e1f9ee0484a22378415707cf3df2c40c12243e5a5907cd0
2023-03-28 13:32:47,False,1.03e-05,5.951e-10,16669180.0,0.0992,0x32...574a,https://etherscan.io/tx/0x4eed01d382cf9781f9d569f198118d9a1841da3bdbd2f20faeedf2f22abff3f9
2023-03-28 13:30:47,True,1.037e-05,5.984e-10,48193533.0,0.2884,0x04...bc40,https://etherscan.io/tx/0xb13990420ec04b38f2aefe0bee099058d3a9e78447b2975882684cc7feabf104
2023-03-28 13:20:47,True,1.031e-05,5.978e-10,16270465.0,0.0972,0x05...0a8c,https://etherscan.io/tx/0x9cff7b87e8ff04e36a054523b550d2cb1a91965022618a09dfda2f951994dff6
2023-03-28 12:55:11,True,1.023e-05,5.976e-10,12484952.0,0.0746,0x00...2e3c,https://etherscan.io/tx/0x9c1955d0117e603d3969deccb64a680b5bea8675adafb1f4ecd5f4ea229a058a
2023-03-28 12:52:11,False,1.02e-05,5.957e-10,201486893.0,1.2004,0x6c...ffbd,https://etherscan.io/tx/0x49c12015b252ed857652c514a98f97d791f312fa3c4e8c116b6ef21cb088ef19
2023-03-28 12:50:35,True,1.031e-05,6.011e-10,7677307.0,0.0461,0x1a...e96d,https://etherscan.io/tx/0x4afc6199b3c7c718c0b38b994d63eb591388fa1f7c65e5b0a56bed32d309828a
2023-03-28 12:33:59,False,1.026e-05,5.974e-10,1665529.0,0.0099,0x88...0aa3,https://etherscan.io/tx/0x06f8b1cd511c59a2a85e3feac4bf68af934d4ccf8b894159f8612bad02a14679
2023-03-28 12:32:23,False,1.028e-05,5.976e-10,13100000.0,0.0782,0xe5...3ed4,https://etherscan.io/tx/0xcae11e827f9d01b920a73640a123826e1e0b764bf341d42c7e391a110c745b68
2023-03-28 12:28:47,True,1.034e-05,6.013e-10,1648449.0,0.0099,0xcd...14fd,https://etherscan.io/tx/0x03e6d1a8807322ffd7235f8f3d3dd5b16e9c98a4b7e3bb246b6e219416efe49d
2023-03-28 12:26:47,True,1.034e-05,6.012e-10,1648532.0,0.0099,0xf9...ee0d,https://etherscan.io/tx/0x6d07942348b062cab4762b03f46838d596a4a7ca5c232267c1586562e6429b29
2023-03-28 11:31:35,False,1.031e-05,5.979e-10,34538759.0,0.2065,0x75...d545,https://etherscan.io/tx/0x7b8f8252cd9935a1c2f55586827143b5f7855beab6dcd161573ddb63c16cd0e6
2023-03-28 11:27:47,True,1.036e-05,6.013e-10,64713557.0,0.3891,0xb5...2424,https://etherscan.io/tx/0x73ecef9906d4937cd7babf4e0c8db9dba9703fe99d9cc1a56b42854517816f91
2023-03-28 11:14:59,True,1.036e-05,6.005e-10,14310699.0,0.0859,0x92...57d3,https://etherscan.io/tx/0x2d617558f2e8617a03ba920f53e6fcb5e91db5e7a5bae972c00a4fb3e6a2b69a
2023-03-28 11:06:23,False,1.031e-05,5.969e-10,5468272.0,0.0326,0xe0...17a1,https://etherscan.io/tx/0xda57f2f806766b8ca63dad9ed23ac440500a499b45fc37564fc7bf1593caef53
2023-03-28 10:55:35,True,1.038e-05,6.005e-10,791871.0,0.0047,0x08...e1d7,https://etherscan.io/tx/0x2b6480b792f9137135faf3f010412931443d85d242d62f5e431cdbff8ea90c4c
2023-03-28 10:49:23,True,1.036e-05,6.005e-10,587700.0,0.0035,0x19...fccf,https://etherscan.io/tx/0x6559e2d98416b761d95570cd4249a7ae9d3fc7c7673e8401d70d95c14e6da363
2023-03-28 10:49:11,True,1.036e-05,6.004e-10,4126833.0,0.0247,0x75...8d39,https://etherscan.io/tx/0x93192a837edcb2ba78c9cea7d2231b60223bba323188293fff5d5d9d6dd3b8f8
2023-03-28 10:41:23,False,1.028e-05,5.971e-10,28177519.0,0.1682,0x41...0e24,https://etherscan.io/tx/0x3891f3780328966eac83bdd166cb2c203f83a789778feb9da757dd84e62dc3f3
2023-03-28 09:53:11,False,1.032e-05,5.977e-10,42963615.0,0.2568,0x81...6275,https://etherscan.io/tx/0x5e4c5b1df63f4c8e23db8d990777b2222593e6fcc503528b1d8ba0c5fe652ebc
2023-03-28 09:49:35,True,1.04e-05,6.013e-10,43235124.0,0.26,0x42...24a3,https://etherscan.io/tx/0x58f50ca32c7b9e964650030c57f0b352958f3104ca38ad7f2be013ce7b067334
2023-03-28 09:38:59,False,1.032e-05,5.974e-10,6432565.0,0.0384,0x56...2b74,https://etherscan.io/tx/0xa98591972366d91896475c0ad5a38f8aeac46569e01b1fa9744d1d018252f412
2023-03-28 09:30:35,False,1.032e-05,5.975e-10,6432532.0,0.0384,0x64...4dae,https://etherscan.io/tx/0x0cdaf5fddc660c87b568d26b17788a1d1b806715b0c0098b697fad0ff951f012
2023-03-28 08:54:23,True,1.041e-05,6.011e-10,412198.0,0.0024,0xea...8223,https://etherscan.io/tx/0x22e3b9b9fd6c39595e0512e83a1002e39864c6914ae7e5914b6899644dcc8798
2023-03-28 08:48:23,False,1.034e-05,5.977e-10,15756783.0,0.0941,0x40...b1b6,https://etherscan.io/tx/0x13d2c036de8f8c84ca75907cd0dea78c1cbd96585333c0e1907358c6bd595a2c
2023-03-28 08:37:35,False,1.036e-05,5.98e-10,20000000.0,0.1196,0x19...1b94,https://etherscan.io/tx/0x9f27ce741d9e1f3d359e834213c98c6aa13cada09b6b04ae32fb7d759ee5f7f0
2023-03-28 08:20:35,False,1.036e-05,5.983e-10,14511914.0,0.0868,0xa8...bc55,https://etherscan.io/tx/0x68d52268671f9ad58235e4b4d5e4fe40f4a38404ee864a42e93d99d5e50039c1
2023-03-28 08:00:11,False,1.031e-05,5.989e-10,43786446.0,0.2622,0x12...6d6d,https://etherscan.io/tx/0xec30eedf752fb228746b816f52ba069a3edc156915a8fd1a4758e70dff5f4f1b
2023-03-28 07:44:11,True,1.035e-05,6.028e-10,3288275.0,0.0198,0x32...3d6c,https://etherscan.io/tx/0x220bf978b8a7bf66fbadfb5767df13a7bacedecc1d255c258144c2f041514792
2023-03-28 07:22:47,False,1.029e-05,5.992e-10,1148031.0,0.0068,0x11...4c6d,https://etherscan.io/tx/0x747bb152b3bee51b218d8ac16a156ee8422d1a2dee6815c9431439809f259242
2023-03-28 07:10:35,True,1.035e-05,6.026e-10,21378196.0,0.1288,0xeb...138e,https://etherscan.io/tx/0x372160222e40c794d26e9af223d0651f695386b6cd3a74fe654ed70bbf9096f0
2023-03-28 07:07:59,True,1.035e-05,6.024e-10,3715634.0,0.0223,0x87...8578,https://etherscan.io/tx/0x48dc22118c8e59356b8a6374ab45270cd5e7a568fbb1f2b7e86605be456b6333
2023-03-28 07:07:11,False,1.029e-05,5.988e-10,8155701.0,0.0488,0x6c...6690,https://etherscan.io/tx/0x737dccbb0e105300ebaba137e5b0f0eaf3cc3ddcc5b09b3e458bc0873af223bf
2023-03-28 07:05:35,True,1.035e-05,6.024e-10,8155701.0,0.0491,0x6c...6690,https://etherscan.io/tx/0x4aae25ebf817e5c83de420e6790ef26826b8d559cd4e0b0fa794371015adce68
2023-03-28 07:04:11,True,1.035e-05,6.023e-10,12507713.0,0.0753,0x03...aa9b,https://etherscan.io/tx/0x86da3da3e62206a814d09308e993ebb487026c8d44ec3691875698ee79f77286
2023-03-28 06:52:59,True,1.031e-05,6.019e-10,21241225.0,0.1278,0x0b...47c0,https://etherscan.io/tx/0xdc95077f527c1b028a2dd249d6446e42d4b9d26062a79bc40308f62a98d75654
2023-03-28 06:49:47,True,1.03e-05,6.016e-10,14400510.0,0.0866,0x17...24ba,https://etherscan.io/tx/0xcdb6f69b1ab00b11903dd266ebbb3a7c9cea42a8981a8a8148e2b19eb507a53b
2023-03-28 06:49:11,False,1.024e-05,5.98e-10,15128447.0,0.0904,0xfb...50a0,https://etherscan.io/tx/0x3df4ed45d841f55692a973c215983749df0840320f20e133389f382553cf4fd3
2023-03-28 06:46:35,False,1.025e-05,5.985e-10,38648512.0,0.2313,0x1e...a472,https://etherscan.io/tx/0x1c61161e8f31d5534d650f3a22fafa4c2162529630e07f1cf0cc3475a78a786b
2023-03-28 06:39:11,False,1.026e-05,5.989e-10,7239667.0,0.0433,0x0a...9d9f,https://etherscan.io/tx/0x8100f43f1305d56e30c86e32b81c0d87ec18e657cb4dbbc7f1f1699ef53f3032
2023-03-28 06:21:47,False,1.026e-05,5.99e-10,1032305.0,0.0061,0x86...0b9e,https://etherscan.io/tx/0xee8151c755fdd56c8cf1f085cf0f956137e7519e85d2161dfcd96cdcb1c81313
2023-03-28 06:17:23,True,1.03e-05,6.015e-10,118148832.0,0.7107,0x5c...d3e8,https://etherscan.io/tx/0xa0393c3bcb4c5851c8c7db7497ba471d2e98659bd1669b6f20766a8df661e68a
2023-03-28 06:15:47,False,1.022e-05,5.969e-10,10015855.0,0.0597,0xd5...d67a,https://etherscan.io/tx/0x29b82729f65b845cd1660deadfdf88c3b155830e055ccbd6636fedfa729a5153
2023-03-28 06:11:47,False,1.023e-05,5.983e-10,138996139.0,0.8316,0x82...788a,https://etherscan.io/tx/0x90f0a8bb1e74527d32a68794273ab61738183281b031a0ceb7641d5ca4a93052
2023-03-28 06:08:11,False,1.026e-05,5.998e-10,18989772.0,0.1139,0x6f...9b45,https://etherscan.io/tx/0xfee39c7a68007cfa51980e517b06ccb16bf17a46250a478c202d9a70e862f827
2023-03-28 06:03:59,False,1.026e-05,5.999e-10,1175004.0,0.007,0x9b...8246,https://etherscan.io/tx/0xbe25553c08fd6edfb640acc8ec1f0088d12909d47660052abeb6a10052c1a899
2023-03-28 06:02:11,True,1.032e-05,6.033e-10,31216510.0,0.1883,0xf6...ac2c,https://etherscan.io/tx/0xc72d9aae5bfeaf8f918060387fa24f056fb60fb65806939d49cafb519793451b
2023-03-28 05:59:35,True,1.031e-05,6.029e-10,10448802.0,0.063,0x63...c68e,https://etherscan.io/tx/0x792436c70cf67b343bee176bdfa812ff69500a6f18275af75d4d9c8fb47b8f02
2023-03-28 05:57:23,False,1.025e-05,5.992e-10,3920000.0,0.0234,0x09...b765,https://etherscan.io/tx/0xf8ecc44419ac59c11347ba158fe1253020eb7f119fb861ad3204fc9e1272a7e2
2023-03-28 05:47:59,True,1.031e-05,6.028e-10,1956531.0,0.0118,0xc0...065d,https://etherscan.io/tx/0x6e758414312e66404915c00d5f23b1a4601fdbd8601690aceda2530a51c962ec
2023-03-28 05:44:35,False,1.024e-05,5.992e-10,1000000.0,0.0059,0x13...8a9d,https://etherscan.io/tx/0xccc64e3a64f937271ecf73288a23fcc080c776521b3036571bebfbe67130ff8b
2023-03-28 05:39:23,False,1.025e-05,5.998e-10,60204123.0,0.3611,0x95...acb9,https://etherscan.io/tx/0xd5c3d4e03017b7c2257d3bd0e808d34e135b4058de21182ce623fd997ff1be1d
2023-03-28 05:34:11,True,1.033e-05,6.039e-10,1641170.0,0.0099,0x0f...6fc0,https://etherscan.io/tx/0xe35f5aac91b3bee9682a0e3db1fb2d227508d76e9798f1b849495770a7196a58
2023-03-28 05:32:59,False,1.027e-05,6.004e-10,9749578.0,0.0585,0x5b...ed88,https://etherscan.io/tx/0xa46a5037e644c9033e868adc5755404d591f2a13210a575dd65bb85aab8b4d8f
2023-03-28 05:17:59,False,1.028e-05,6.008e-10,29187717.0,0.1753,0xb1...0d8f,https://etherscan.io/tx/0xd0e11a2f9c126471fe05603dd8f67232b6267dfacfd7219c8c82936f5b54c4fb
2023-03-28 05:11:11,True,1.036e-05,6.046e-10,2480694.0,0.015,0x87...0ee9,https://etherscan.io/tx/0x8838ba57e997988bf1dc3432e6873495a2c8c0b2bee00a97db3da10827fda8a4
2023-03-28 04:59:35,True,1.035e-05,6.045e-10,5472255.0,0.033,0x69...a082,https://etherscan.io/tx/0x980ecddf4fbbdc01325189cc0c7bbb6dc067755b02c69bbf8ea24bacb47abfb1
2023-03-28 04:45:23,False,1.029e-05,6.012e-10,31000000.0,0.1863,0x04...bbbb,https://etherscan.io/tx/0x923f0deaa29026a0953a16e96c1961302bf53da686d1274f6354ef607934fd5c
2023-03-28 04:40:59,True,1.036e-05,6.049e-10,21005925.0,0.127,0x8f...b6c4,https://etherscan.io/tx/0xc2594624bd3c9b725624a4c1209710fc52cf40f69380ea14454855da1097fed3
2023-03-28 04:40:35,False,1.03e-05,6.011e-10,10158054.0,0.061,0x76...7d5e,https://etherscan.io/tx/0x3ae075c3c5755e92c787a6b133694b20cc36c22518b76a0a2c441f651e9274c5
2023-03-28 04:28:59,True,1.035e-05,6.048e-10,4947428.0,0.0299,0x63...f8f5,https://etherscan.io/tx/0x93ff66ed720850942666224271f157cebd0dafc1a4b61d419b86793621fb8d63
2023-03-28 04:16:35,False,1.032e-05,6.012e-10,9140154.0,0.0549,0x9e...5b1d,https://etherscan.io/tx/0xe23ae187a26980b368f2527391d418f09b736f5f5d4c94e47cbb7db328604d63
2023-03-28 04:14:23,False,1.032e-05,6.014e-10,7823387.0,0.047,0x8c...3e04,https://etherscan.io/tx/0x73cb9b9bf726140548f848736a9f40ef1e3e910589d2d876ff9cf7a715920661
2023-03-28 03:58:11,True,1.039e-05,6.05e-10,5548895.0,0.0335,0x9d...a338,https://etherscan.io/tx/0x85a57079fa17698901e6fb3a8a661d02c93f361a26fdbf9409f77aee91a22f34
2023-03-28 03:51:47,True,1.04e-05,6.049e-10,6896893.0,0.0417,0x63...f8f5,https://etherscan.io/tx/0xd5dfd6da703240425842876ee2a60acf8ff0670cbd3e90bd08ce868bd515deba
2023-03-28 03:48:23,False,1.034e-05,6.013e-10,4000000.0,0.024,0x10...76ff,https://etherscan.io/tx/0xeccf4f515d0651f204f0ae4304e66d771cda454449edefff619d35980836733f
2023-03-28 03:46:35,False,1.035e-05,6.015e-10,16457358.0,0.0989,0x7d...985d,https://etherscan.io/tx/0xf9b5e5865174db9d483b0eb9352718bc5a581132883001da277228b600724d98
2023-03-28 03:46:11,False,1.035e-05,6.018e-10,23959342.0,0.1442,0x45...c757,https://etherscan.io/tx/0x2ade899e4348eb12a178626a340df23d1653244672e69c1a6b37a4662a349cee
2023-03-28 03:45:11,True,1.041e-05,6.056e-10,7824058.0,0.0473,0x63...f8f5,https://etherscan.io/tx/0x89c4da59b22841da673a807ad6e53e6c839ec6277acf77972e4d455acab8ab8d
2023-03-28 03:43:35,True,1.041e-05,6.055e-10,4141327.0,0.025,0x10...76ff,https://etherscan.io/tx/0x5b5d0824d899674be924b6a36e582cf802c30122c73839efc6621cc788ed0f1a
2023-03-28 03:40:47,True,1.043e-05,6.054e-10,9939001.0,0.0601,0x10...76ff,https://etherscan.io/tx/0x58814edaefdcec49e2efefdc14380d302736e0d0bc7a90b35f41746dfec17c7e
2023-03-28 03:40:47,False,1.037e-05,6.017e-10,6380998.0,0.0384,0xb6...a921,https://etherscan.io/tx/0x65262130cec63202f9eb30c069f82c8aab2f2a86dbbbaf31e4b7394c17b699fd
2023-03-28 03:39:11,False,1.038e-05,6.02e-10,22306000.0,0.1342,0xa9...778d,https://etherscan.io/tx/0x5186a793a50f8351522e08f5cee751f171e34d3882b380f8f27d8db527e86746
2023-03-28 03:26:35,False,1.029e-05,6.024e-10,22492352.0,0.1355,0x02...079d,https://etherscan.io/tx/0xcefc2eb3d1ce104cae267cc74b24263a6508b701fed8bd1d6c147e3bf229c0e3
2023-03-28 03:17:59,True,1.034e-05,6.062e-10,4789668.0,0.029,0xa9...c3d9,https://etherscan.io/tx/0x5619bcbb50de4275741228523a03eae6a7327e7b981d6e2fc5b581c1b75bbc31
2023-03-28 03:14:59,False,1.027e-05,6.026e-10,15000000.0,0.0904,0xf9...f1c4,https://etherscan.io/tx/0x925f1ac3f83dcb7f9f3d102304690fe17ab45a3239f185ee9e0fbfb45ab1bd6c
2023-03-28 03:09:11,True,1.033e-05,6.064e-10,1494382.0,0.009,0xbb...f92b,https://etherscan.io/tx/0x7d55e5253964676cd778350fcbc517a44057874e5e2e0c5e84555f000216bd23
2023-03-28 03:07:47,True,1.034e-05,6.063e-10,5806026.0,0.0352,0x3e...9426,https://etherscan.io/tx/0x71a8dd019cf7360b6c0e83b5bce76dd047cd7dc0362a4e13b11061b7b69d9069
2023-03-28 03:00:59,True,1.035e-05,6.06e-10,26648238.0,0.1615,0x0e...acc4,https://etherscan.io/tx/0xe911d80e5059d863fd1834c7077fdd4257bf1ddd96836fc9b3d7528325b06dcb
2023-03-28 02:58:35,True,1.034e-05,6.056e-10,23780132.0,0.144,0x09...be6c,https://etherscan.io/tx/0x56e1ee8186b7ade36377c2fcdc5f48110c71d54061a8acce1525a736379acd0c
2023-03-28 02:57:59,False,1.028e-05,6.018e-10,9000000.0,0.0541,0x37...e0bb,https://etherscan.io/tx/0xde8307cd035f35a77adc1fb36abb5196af70b3a9deecb715ea081fd3bbf7dd76
2023-03-28 02:52:59,False,1.03e-05,6.02e-10,9020497.0,0.0543,0xee...6fd8,https://etherscan.io/tx/0x79ba946b70188cccd7034cb6cefc37b9a58fb5934d4091cb7abd66b98f810e37
2023-03-28 02:51:59,True,1.036e-05,6.056e-10,9538268.0,0.0577,0xa9...c3d9,https://etherscan.io/tx/0xde1f6e136d094ed77fc6dce64a44b38e47da9b2f0f9e58472e677e9bf6bfa32b
2023-03-28 02:39:35,False,1.032e-05,6.031e-10,130437591.0,0.7866,0xe9...a6b7,https://etherscan.io/tx/0x51c78e41dbcff859bf392288f1e5d3223fc8f93d02b8cdf61bfb7e5964c53123
2023-03-28 02:00:11,False,1.036e-05,6.043e-10,3073878.0,0.0185,0x02...8731,https://etherscan.io/tx/0x30eb59cabeecacef3c7c978ec790062f071afd05234039463b89b9bc178f4a3e
2023-03-28 01:49:23,True,1.041e-05,6.08e-10,1321986.0,0.008,0x0f...53d7,https://etherscan.io/tx/0x404439d734fa4ca9b0976c33292f24a8d60c6decabee9578dafea72279ee3cbd
2023-03-28 01:43:47,True,1.041e-05,6.079e-10,6848247.0,0.0416,0x78...7656,https://etherscan.io/tx/0x5b500970c3c0492d163dbe73ca7b3ab43a1f22eb415f47f453093234574fd14f
2023-03-28 01:36:23,False,1.036e-05,6.047e-10,51452237.0,0.3111,0xc9...08b1,https://etherscan.io/tx/0xbf183e70af71c157b3cd6d327c7802b2b24e203ee25596e7796d68122b092fea
2023-03-28 01:35:47,True,1.043e-05,6.087e-10,2847735.0,0.0173,0x1b...3015,https://etherscan.io/tx/0xec3d4bf88872eb6c7adc1cb93f65cefa42e3cddc9256695ccfc75dfe499d5dbc
2023-03-28 01:25:11,False,1.036e-05,6.051e-10,1812029.0,0.0109,0x23...abf3,https://etherscan.io/tx/0x77ab4a155942ed34bb8a0711189dc6b53955dfd490892acedf02555d758acd5b
2023-03-28 01:23:59,True,1.042e-05,6.087e-10,5441436.0,0.0331,0xda...20d1,https://etherscan.io/tx/0x191fc9131f844424ff6bbb5f98e85f410d22f85bba3ab74c6443b43c6c9520f4
2023-03-28 01:16:35,False,1.035e-05,6.051e-10,9800000.0,0.0593,0x9a...1979,https://etherscan.io/tx/0x84f99d8569b91585d975004792f11a7b6491d25edf5b7cafc8fb97561a4a9b43
2023-03-28 01:15:23,False,1.036e-05,6.053e-10,15340733.0,0.0928,0x75...64f7,https://etherscan.io/tx/0xad38b3ea6048188f4a10dacbbeb90427037a5db31562864bad47a2ecab0fb580
2023-03-28 01:08:47,False,1.036e-05,6.06e-10,52311379.0,0.317,0x50...81c9,https://etherscan.io/tx/0x9d67e596d001804bd6f644fedc4ed26ea7a37262bec4e12f32d223f6700466cf
2023-03-28 01:08:47,True,1.042e-05,6.096e-10,49689281.0,0.3029,0x50...81c9,https://etherscan.io/tx/0x88bc461a33beee7ef5c17a7fd6b14ff5d1196579fb811acf3e7f4c904ccfb5e4
2023-03-28 01:07:35,True,1.039e-05,6.082e-10,104755312.0,0.6371,0x6c...c6b0,https://etherscan.io/tx/0x37a944f99e15f235fd7699fcbdd7b70a23752d640e3b073dff08fb1b4640d122
2023-03-28 00:53:23,False,1.032e-05,6.037e-10,8525399.0,0.0514,0x24...aad2,https://etherscan.io/tx/0xd79a6861703c1f56be425ef4181da881296aa0b7080f97e26b04cb8fb2d64409
2023-03-28 00:27:59,True,1.029e-05,6.017e-10,610583146.0,3.67435,0x0c...b993,https://etherscan.io/tx/0x8e3960a7c290144558741f0fc17728b4da600aac5c1d5bb792914d473da59b10
2023-03-28 00:27:59,False,1.021e-05,5.973e-10,521669871.0,3.11624,0x6f...c6f6,https://etherscan.io/tx/0x62ce50c8db9e765e1633e63fe0cc0bc1066c6bc08c4f6e7a331017c1393dabc8
2023-03-28 00:26:35,False,1.03e-05,6.022e-10,11735382.0,0.0706,0xd1...d476,https://etherscan.io/tx/0x9d3cac32461dcf8248a717c7a86d56c06cd9bbe499ebf6b439b3ad67aa89b75d
2023-03-28 00:19:47,True,1.037e-05,6.058e-10,7625689.0,0.0462,0xaa...d84c,https://etherscan.io/tx/0x7ac3e4f6d7be6389c6521d6d515f93180d90712bda88f0397ac2a1965adbd50e
2023-03-28 00:18:11,True,1.035e-05,6.043e-10,155576224.0,0.9402,0x5c...d3e8,https://etherscan.io/tx/0x80192adba797418a3d7335f91b0d93047cc2c4c01cfec335bec1c8a7381050da
2023-03-28 00:17:35,True,1.018e-05,5.948e-10,886530884.0,5.27368,0x26...bb19,https://etherscan.io/tx/0x373dc85b7df98ba4180ea8f00650fed1c89cef460c26e0cec635a11b14ed9908
2023-03-28 00:17:35,False,1.01e-05,5.896e-10,700000000.0,4.12738,0x6f...c6f6,https://etherscan.io/tx/0x5fd752a310316038a6980955ace44ee3544663c8fd8bfffc5e49b0e63aba8303
2023-03-28 00:17:35,False,1.024e-05,5.983e-10,268921271.0,1.60905,0x26...bb19,https://etherscan.io/tx/0x07dc14bb78be0cb141f97e6c4e8a44c5f821584b6f5ed5b2516223c449416e77
2023-03-28 00:08:11,False,1.028e-05,6.008e-10,9551362.0,0.0573,0x63...cfbb,https://etherscan.io/tx/0xcb88b88af4d5b3077d672996dc6509af11769aed2ad4176e82ca14330d69286f
2023-03-27 23:55:47,False,1.027e-05,6.01e-10,10000000.0,0.0601,0x04...5a40,https://etherscan.io/tx/0x48a316779ff78d36dc06cfc1773e5c18de3a8b8b718b8757acf4d9cd4e6f0b6b
2023-03-27 23:36:23,False,1.027e-05,6.011e-10,4022833.0,0.0241,0x7f...6422,https://etherscan.io/tx/0xe169d2018dd5f9d55c9c8140744b91943355eb9ccc9c6549953075434a4e7f28
2023-03-27 23:26:11,False,1.029e-05,6.012e-10,5000000.0,0.03,0xe4...c57b,https://etherscan.io/tx/0xd0d9effe3620bdf7a7a21eab2630416ce3fda1fc2ce9db3aefd874f580a903bb
2023-03-27 23:14:47,False,1.029e-05,6.013e-10,4792429.0,0.0288,0xe5...82a4,https://etherscan.io/tx/0xc1b7f3f33af81b1f95a8f0dbf88b1d7747bc98ca00baefdd584f802c0b2b4ef5
2023-03-27 23:10:35,False,1.032e-05,6.015e-10,11528310.0,0.0693,0xf4...2665,https://etherscan.io/tx/0x8b1daf859233e49fecc48f02b41a26ef2219da3c8211b55f091d061c99467380
2023-03-27 22:53:59,True,1.031e-05,6.051e-10,4094753.0,0.0247,0xe0...2ca0,https://etherscan.io/tx/0x477d62e83c80a6f603cf3d1bafc7ae5a09383082cda1058703baeb22e38d850c
2023-03-27 22:53:47,True,1.031e-05,6.05e-10,14136767.0,0.0855,0x76...7d5e,https://etherscan.io/tx/0xc00320d0e066e15d325367297565490cf67271498845cad83686b1cef5ec3fb9
2023-03-27 22:52:35,True,1.031e-05,6.048e-10,5735999.0,0.0346,0x73...1075,https://etherscan.io/tx/0x3fcc65b47436169f7f7b45e3083bcb2acdf882f9c47ca53b1b210d0e148bd31b
2023-03-27 22:33:59,True,1.032e-05,6.047e-10,4097758.0,0.0247,0xf1...d847,https://etherscan.io/tx/0x01c92e8e3e462c55bf67aea5763ed0c99fad26b22c997864aec612e150fb056e
2023-03-27 22:32:59,True,1.032e-05,6.046e-10,8197060.0,0.0495,0x63...f8f5,https://etherscan.io/tx/0xbc603abb3a54c4909ae5ac6f9a6394470b9bbab9a93313e6278e0fb12fc9ee9b
2023-03-27 21:54:47,True,1.032e-05,6.044e-10,9883732.0,0.0597,0x31...48a3,https://etherscan.io/tx/0x43dbbeae5d262bff52f0a8a1e331cdb137595afbe317eb8ebee9f2c5139a45d2
2023-03-27 21:45:47,True,1.031e-05,6.043e-10,1419268.0,0.0085,0x5c...a375,https://etherscan.io/tx/0xfff35ca742ae49772e1c14f4e226958a77339c5a8b37daee2f0dde871d170970
2023-03-27 21:32:23,True,1.038e-05,6.043e-10,2379465.0,0.0143,0x81...1f29,https://etherscan.io/tx/0x7374a666a1c36f8d5a767cbd7d6bbd4340d8aff56c945322a231cc075785cbcc
2023-03-27 21:29:35,True,1.034e-05,6.025e-10,191515946.0,1.15396,0x5c...d3e8,https://etherscan.io/tx/0xa57ba26a3adb6e14d4411252b0c225cd5a4a921d44c8bdcbf46c6733aabac078
2023-03-27 21:29:35,False,1.027e-05,5.981e-10,104483293.0,0.6249,0xc4...a2e0,https://etherscan.io/tx/0x51b06a6a145b4731793f411d9098d3349d78e83c3a1630dd6bdb8e8461d661fa
2023-03-27 21:27:35,False,1.029e-05,5.996e-10,61140742.0,0.3666,0x50...9e41,https://etherscan.io/tx/0xc8c084bb221e46a22b8d527f16723cc30332e4192a2f22cf69a96a393f6b4221
2023-03-27 21:22:47,True,1.035e-05,6.037e-10,2977838.0,0.0179,0x39...7c31,https://etherscan.io/tx/0xb8e5c9a38927ebe9e55700ab1ab03a5d5e02cb475b3fde443d48d027fabe67c4
2023-03-27 21:17:35,False,1.029e-05,6.005e-10,45209318.0,0.2715,0xfb...3302,https://etherscan.io/tx/0xa160a58cf3545e4977d3c56e6eec862b1959be86b5c7226d71e11c757a661efd
2023-03-27 21:03:35,False,1.03e-05,6.009e-10,1455590.0,0.0087,0xa1...eb49,https://etherscan.io/tx/0x86a013cce2a91eff2110f5385b7d9c8c244a94599763cebdaa6fe3023ec58dc3
2023-03-27 20:58:47,True,1.036e-05,6.037e-10,96145458.0,0.5804,0x2a...221e,https://etherscan.io/tx/0x0e6dbe3c372c35d711d473c434dc48f47d42823c1058e57e63708f4c3fe928ac
2023-03-27 20:55:59,False,1.029e-05,5.993e-10,12000000.0,0.0719,0x37...6cf0,https://etherscan.io/tx/0xef8c5a00550b2d2b9b65923c393d9b1302c3f9eed6607c50500a74db3fb4a7c9
2023-03-27 20:55:11,False,1.029e-05,5.994e-10,4424965.0,0.0265,0x7a...f1b0,https://etherscan.io/tx/0x4bf242ef7b63781854cec7b2cfc322ffb766ff2e6be8264fc0d142f8e56fca0e
2023-03-27 20:39:23,False,1.027e-05,5.997e-10,26830750.0,0.1609,0x0e...acc4,https://etherscan.io/tx/0x0bbbcc90baa5b474bbdd60f61d9e720b8ce7800c31426a14ad8e2e6b402674ad
2023-03-27 20:25:47,False,1.028e-05,6e-10,6705729.0,0.0402,0x02...f1f0,https://etherscan.io/tx/0x5cd0c08472f536404c378f66065fab72c62d2268803a83cbfd1ca35b820b8af0
2023-03-27 19:57:11,True,1.031e-05,6.037e-10,4204786.0,0.0253,0x23...63c7,https://etherscan.io/tx/0x3dea0c31df3064ff8881e42b87c17984f3e701e10af834c974f7b3f220d0bd12
2023-03-27 19:55:47,True,1.03e-05,6.034e-10,26309843.0,0.1587,0xb5...2424,https://etherscan.io/tx/0x3519547e47d32f1b6271d65947adf1c291c589ac14f4c09eff42ccf19dd84dd9
2023-03-27 19:54:11,True,1.029e-05,6.03e-10,15746440.0,0.0949,0xb5...2424,https://etherscan.io/tx/0x2ccac38be8794168dbdcae5803934f5f8c2985f3cf0d3153008da7de4fcfeaca
2023-03-27 19:53:35,False,1.023e-05,5.999e-10,68759395.0,0.4125,0x6a...80e8,https://etherscan.io/tx/0x1d1004b034a4f5c9cdce1d115947fa1a412115a520def0f9e91d903576bf6087
2023-03-27 19:52:59,True,1.03e-05,6.04e-10,9465962.0,0.0571,0xb5...2424,https://etherscan.io/tx/0x5c1b3233f7f1e0bfe9c01f21625c99d1b9826117fc5d1fcb7b77713d3ee73da8
2023-03-27 19:52:23,False,1.024e-05,6.004e-10,1346701.0,0.008,0xfb...58f9,https://etherscan.io/tx/0xe0b9e000df93dedd8e04b69493eea25f43f4e57e3e528295eeefea4c198d260d
2023-03-27 19:46:47,False,1.028e-05,6.004e-10,2000000.0,0.012,0x6e...9217,https://etherscan.io/tx/0xde6f90b7a509108f50b7d93f942998addc897b177865a1f0b9478b8603d39d4c
2023-03-27 19:39:35,False,1.027e-05,6.004e-10,150000.0,9.006e-05,0x0d...a023,https://etherscan.io/tx/0x726ca3009b6216ee57c9f0ac372a9d91c996b00f2155d22a61ae5edeaac6541c
2023-03-27 19:34:23,False,1.03e-05,6.015e-10,120057168.0,0.7222,0x1c...22fa,https://etherscan.io/tx/0x01e61d6c96d9224c2759d0ef4119f65cbdd1086f9d8ca674669db85205fe5cb7
