datetime,buy_order,price_USD,price_native,amount_token,total_native,maker,etherscan_url
2023-03-22 19:15:59,True,1.084e-05,6.08e-10,208581136.0,1.26825,0x00...3ccd,https://etherscan.io/tx/0x4bd91e51172601f47786fd8ae8a732452a56c42c905de22211c337b46f456114
2023-03-22 19:15:47,False,1.074e-05,6.028e-10,44748820.0,0.2697,0x9c...09a3,https://etherscan.io/tx/0xec412d9e38b0535c351d0a2c38907156f5e21a3ce84bd68e8545aa1a24780dd3
2023-03-22 19:04:47,False,1.082e-05,6.033e-10,7466937.0,0.045,0x92...c30e,https://etherscan.io/tx/0x44923745ce21750e9877bd575af8a1216f766c5b4fa04df225f4748d421aff91
2023-03-22 18:59:35,False,1.078e-05,6.036e-10,22178872.0,0.1338,0x0a...e2ed,https://etherscan.io/tx/0x86614a49147267cf52d085187fd6fc1ff80611833047a0bdf437a0ab5f5c43e8
2023-03-22 18:58:59,True,1.085e-05,6.073e-10,10608117.0,0.0644,0x35...b247,https://etherscan.io/tx/0xa23c01cde5e3cc080a9e361189a3dc9e2c052130488a34c57634906dfce817e7
2023-03-22 18:58:59,True,1.083e-05,6.064e-10,87075805.0,0.528,0x14...e9f6,https://etherscan.io/tx/0x84b62c7d0e159535f2f25429af9b8258d028a8523934ccdcd817f02d925a7712
2023-03-22 18:53:47,False,1.074e-05,6.02e-10,4566210.0,0.0274,0x86...4a32,https://etherscan.io/tx/0x7f71df0ee215041df432bb28e3650502e1682ea987903d68ff242d4d4c4da4c8
2023-03-22 18:50:35,False,1.07e-05,6.021e-10,4888735.0,0.0294,0x1a...494b,https://etherscan.io/tx/0x4746e0c0c7af05858e1438f118ac64f7b1f4ed0fa62734c159ba376ecd40409d
2023-03-22 18:33:59,False,1.073e-05,6.024e-10,21475849.0,0.1293,0xd7...9589,https://etherscan.io/tx/0x33af1534b78a14c8b066a123e8e2e59509dfb384e836541e5831c38fb7093c8d
2023-03-22 18:33:11,True,1.082e-05,6.061e-10,3307490.0,0.02,0x2d...8ae0,https://etherscan.io/tx/0x14ade24d96fbde62ffe5b8df1639e20748acfd260367e28d7072cbce5eaaedcf
2023-03-22 18:15:11,True,1.088e-05,6.06e-10,8968677.0,0.0543,0x03...11f8,https://etherscan.io/tx/0x934eb347259ecf25dde847ee1f39cd56efda38992500bc922060dfdff5bfacfc
2023-03-22 18:13:47,True,1.088e-05,6.055e-10,48550836.0,0.294,0xcf...f59e,https://etherscan.io/tx/0xa268428a94836280845b895904af0e351f295b4e83f5eed78b6392796555f14c
2023-03-22 18:12:11,False,1.081e-05,6.015e-10,3624769.0,0.0218,0xa4...a827,https://etherscan.io/tx/0xf9d970b28110da8385816ad1f2535da731c2ca0a8820195d8a234a83ab130fa2
2023-03-22 18:11:11,True,1.088e-05,6.051e-10,4778032.0,0.0289,0x7e...a282,https://etherscan.io/tx/0xae663744372f48519e168c08e9799f398fc3cebb05d2a87edda0d253ad23c3e6
2023-03-22 18:09:59,True,1.088e-05,6.05e-10,688374.0,0.0041,0x8c...1443,https://etherscan.io/tx/0x488f6c122aae6832c8c21f84d626373e0346d6b851fed6d15fadc9bfe99268b2
2023-03-22 18:08:35,True,1.088e-05,6.05e-10,631409.0,0.0038,0x81...6c0a,https://etherscan.io/tx/0xa81a338461de04b97e9297c0f7f0feb9e4bcd55c85d81cd0dd1b495edbd1824f
2023-03-22 17:53:23,True,1.09e-05,6.046e-10,44752891.0,0.2705,0x95...f160,https://etherscan.io/tx/0x186f871666cec366c732bd9c2816a0dc724093584e9015b020b6f3511e1c96b3
2023-03-22 17:46:47,False,1.084e-05,6.008e-10,29698803.0,0.1784,0x7b...2ed1,https://etherscan.io/tx/0x10b2dbf78a12acb6aee240f369f00042ab1554b6fcd9621d4821be7d10436190
2023-03-22 17:45:11,True,1.091e-05,6.047e-10,755747.0,0.0045,0x81...ff80,https://etherscan.io/tx/0x90ca746a7e3829ed91fd0034a324dff666c90c6111ded383da5ab363dfe525f3
2023-03-22 17:44:11,False,1.084e-05,6.015e-10,45264156.0,0.2722,0x6e...133b,https://etherscan.io/tx/0x073874b1320f05c02568b939e75b13c5c11e0ebd615d174155cdc2319b88e1df
2023-03-22 17:38:11,True,1.092e-05,6.055e-10,3954910.0,0.0239,0x6c...920d,https://etherscan.io/tx/0x5382b54a201e335305d942ad3abe84d7612503ed0e930e502ff89162da6a7f6e
2023-03-22 17:33:47,True,1.093e-05,6.055e-10,215960.0,0.0013,0x3e...459b,https://etherscan.io/tx/0x2d4170e33fb1e63ab491645326dd8a24473911791ec109866acbf315edccd163
2023-03-22 17:23:11,False,1.084e-05,6.02e-10,12558153.0,0.0756,0x44...93d1,https://etherscan.io/tx/0x5b956f1a1dba932fcb193ec5dba26528371b115d045eb5c5fe36bc63f10ec5cc
2023-03-22 17:18:59,False,1.084e-05,6.023e-10,22641202.0,0.1363,0x14...f0d9,https://etherscan.io/tx/0x6314f1a28f3e9f55540fbcb2836fcd3dbbbf50a7bc65f0cedd73816c7bb88a3d
2023-03-22 17:12:11,True,1.093e-05,6.061e-10,163527.0,9.912e-05,0x09...218b,https://etherscan.io/tx/0x644b3555ac80f8c95772fd6857138ad0699c57c05a908b82592ab138eb5d06e2
2023-03-22 17:10:35,True,1.093e-05,6.058e-10,34479123.0,0.2088,0xf9...660b,https://etherscan.io/tx/0x154d471c515c9e90e639ced46bf649dc433a6527db716c374327b2a8308d6217
2023-03-22 16:53:35,False,1.086e-05,6.019e-10,4863933.0,0.0292,0x90...03f8,https://etherscan.io/tx/0xdc1f0d9b85d81154ae9f229f2a92eca00fe131aee2b6a2a58073ba3ec66af6a3
2023-03-22 16:38:59,True,1.094e-05,6.055e-10,11261501.0,0.0681,0xae...92df,https://etherscan.io/tx/0x6fa5a2baea69327ec8295db507b7a45f645c7827c347aa1e89e8281b7dfcf2e6
2023-03-22 16:36:59,False,1.09e-05,6.019e-10,20234009.0,0.1218,0xca...3396,https://etherscan.io/tx/0x86a56eb23c003cc88491a35d89c68db2d3700ee8d96cf5605b042aefe6f17296
2023-03-22 16:30:11,True,1.098e-05,6.055e-10,27829155.0,0.1685,0x67...d306,https://etherscan.io/tx/0x14a2811a6dde3ba6b7b98b77d3077d43436b9d4df12f35b9fd1d2a9c77f43ff9
2023-03-22 16:25:47,True,1.099e-05,6.051e-10,15054960.0,0.0911,0xfe...c860,https://etherscan.io/tx/0xbb028d351d9d14ac7199ff85448df29059b5b591f63c5fd52dd7d1019b7d5b02
2023-03-22 16:22:47,True,1.098e-05,6.049e-10,4478585.0,0.027,0x90...03f8,https://etherscan.io/tx/0xd9209fe9bd527a2909c0cd6291ee7f3d3c19a2989df603ffa2d17ad89dcbfa33
2023-03-22 16:13:35,True,1.095e-05,6.046e-10,28115722.0,0.17,0xfd...5044,https://etherscan.io/tx/0x898642a3d6a96e7578ee5073bff5e19cdd706b35d083c49047d4fefa534bef99
2023-03-22 15:58:47,False,1.083e-05,6.008e-10,8027580.0,0.0482,0x76...a367,https://etherscan.io/tx/0xfefd15df32228d4124d50ffd52d1c303b016645bab84b202663ed5df913a4d91
2023-03-22 15:57:23,False,1.082e-05,6.01e-10,20000000.0,0.1202,0x91...325b,https://etherscan.io/tx/0xb8c642a68630798875790c1ba4e783deed4254e0aad24ce8005d175312f7664b
2023-03-22 15:51:59,True,1.094e-05,6.048e-10,1638737.0,0.0099,0xfd...e206,https://etherscan.io/tx/0xa3ce28e07cdb3a06876a5369b1b4cf2e0650268cf2dee799ea412987bd5f7b81
2023-03-22 15:33:11,False,1.084e-05,6.012e-10,4588692.0,0.0275,0x07...aa10,https://etherscan.io/tx/0xd301c62b02053b21b12b95b4de755106868e8b31aa8ae51e3e9ed1d4e301d6fb
2023-03-22 15:28:59,False,1.082e-05,6.013e-10,906727.0,0.0054,0x85...19c0,https://etherscan.io/tx/0xca714e107cdb42e7a385dd90cffa1119006f88b5456790dfd7c205e2956a6a07
2023-03-22 15:26:59,False,1.082e-05,6.013e-10,906727.0,0.0054,0x85...19c0,https://etherscan.io/tx/0x24c973c46ecde3a52ad8e1674b23059ba8eb049fc75dd938d7051d0034c517ed
2023-03-22 15:26:23,True,1.088e-05,6.049e-10,5243487.0,0.0317,0x2e...d432,https://etherscan.io/tx/0x969b73e37236b72751e5962e69de4fdbf32ccf5c0fee6aff91af54d60a826a28
2023-03-22 15:21:59,True,1.089e-05,6.048e-10,5552055.0,0.0335,0xf9...660b,https://etherscan.io/tx/0x3531bd0325cdb7df7dbef43116be95e825238c920ecce901c3d2a3b28a55956f
2023-03-22 15:20:47,False,1.082e-05,6.012e-10,4542806.0,0.0273,0x85...19c0,https://etherscan.io/tx/0x2cb01ccab61b234f2c7de4b0b156bcb4d278340c56c63df746dd314efc801ce0
2023-03-22 15:12:23,True,1.088e-05,6.048e-10,4916689.0,0.0297,0x2e...d432,https://etherscan.io/tx/0xdd757385298c36b16e1061fc39729b1b1589c073b3349bfb542647a388c460df
2023-03-22 15:06:59,True,1.088e-05,6.045e-10,23637500.0,0.1429,0xa4...a827,https://etherscan.io/tx/0x91249c1f1e39ac56354f099736609ad50483a17a3cc1935d24a560bc79e63a3a
2023-03-22 14:48:23,False,1.079e-05,6.007e-10,1516316.0,0.0091,0x34...bcac,https://etherscan.io/tx/0x19542ffe0a87483e25eae54a16bddc791507c4bb88122bff72323d32ddac2f67
2023-03-22 14:35:47,True,1.088e-05,6.043e-10,2927766.0,0.0176,0x32...668f,https://etherscan.io/tx/0x22419ef187b8cd460e224d077d586db1e7f7631c523600e7121682ef008a4741
2023-03-22 14:28:47,False,1.085e-05,6.025e-10,196858971.0,1.1861,0xa7...2041,https://etherscan.io/tx/0x23ad526e945d5ab47f7da48e09deada164bced9f046e94446e0c80310c642e59
2023-03-22 14:28:35,True,1.094e-05,6.075e-10,45665541.0,0.2774,0x26...ce1a,https://etherscan.io/tx/0x8bf4e2626d171cd22f080a721ac9f99f366b764079a9ac54f55f4439638fb723
2023-03-22 14:16:11,False,1.084e-05,6.035e-10,7649727.0,0.0461,0x9b...ca4a,https://etherscan.io/tx/0x450b2af6d08bd2891f2647861067b6741563c27d2b44faac027ac8139e66d635
2023-03-22 14:14:11,False,1.084e-05,6.04e-10,45628917.0,0.2756,0xbd...71ea,https://etherscan.io/tx/0xc2c615e2184f818bd0eae0f514a231322bc298d1ca32614eef0d54414ca79149
2023-03-22 14:11:23,False,1.084e-05,6.045e-10,13000000.0,0.0786,0x95...1c11,https://etherscan.io/tx/0xbf9610c6c6479dda471d5d5dcb41ebd4b33ca24c71c563a9d97238b979c653dc
2023-03-22 14:08:35,True,1.091e-05,6.083e-10,29170.6,1.774e-05,0xd9...a81a,https://etherscan.io/tx/0xab08de806a8eeaf0cbed6d047f0dd00b3dbfc2ce5eb4289efa65343036a9e0fc
2023-03-22 14:05:59,True,1.091e-05,6.083e-10,334312.0,0.002,0xd9...a81a,https://etherscan.io/tx/0x43a43753373d3fcdb03b422ef764f17b15e117474f1acb89c4b57c772d7c19b2
2023-03-22 14:04:59,True,1.088e-05,6.066e-10,185271277.0,1.12388,0x76...7d5e,https://etherscan.io/tx/0x3e4af387a69f6d13f6defd26cb45329c7b5c11c1711f27ed7db7938ca8c152d3
2023-03-22 13:50:47,True,1.086e-05,6.048e-10,66246.7,4.007e-05,0xef...c5fa,https://etherscan.io/tx/0xa1968b5caf62db2056d331efe8238a47ee4f185d7831030f5363fe1942f646ce
2023-03-22 13:47:47,False,1.081e-05,6.021e-10,101000000.0,0.6082,0x63...f1ad,https://etherscan.io/tx/0xf97c800ccd49e99b58c9c7443c3cfa5cef72af5b7be6f97c2e8c983009ddfa26
2023-03-22 13:45:35,True,1.089e-05,6.067e-10,326735.0,0.0019,0x82...9c98,https://etherscan.io/tx/0xd347520ae5b91fe7a03f0eb94b057038b6bfa84ddd0a12b8ee17f687cb987d54
2023-03-22 13:43:59,False,1.084e-05,6.035e-10,45000000.0,0.2715,0xef...b4f2,https://etherscan.io/tx/0xc53efac1452765d8753d5f8ccee9ba7e2b38f262392ab7290a5abb1f33610fb3
2023-03-22 13:41:11,True,1.092e-05,6.074e-10,15363194.0,0.0933,0x85...962c,https://etherscan.io/tx/0xa5172c3c92300882e52d2e51d35e998350d3a58c21d0b24ffd19bd80dede15fa
2023-03-22 13:36:47,True,1.092e-05,6.072e-10,11141744.0,0.0676,0x5b...05b6,https://etherscan.io/tx/0xe0814621ce7b84fe553dfcef08b2fad8253012997a8e148d8b3cbb649f531935
2023-03-22 13:34:47,False,1.085e-05,6.035e-10,11209044.0,0.0676,0x5b...05b6,https://etherscan.io/tx/0x628150f5c95d8b4a322e52f021231d76d500a94ce73e36d9c02262c0b56014f9
2023-03-22 13:31:35,False,1.085e-05,6.037e-10,7027789.0,0.0424,0x13...7ba8,https://etherscan.io/tx/0x82d53f906bcf78a2b8045f80e84d50d3592ce6227fd7595c4cc375f8a75c0855
2023-03-22 13:27:11,False,1.086e-05,6.038e-10,1324273.0,0.008,0x99...b706,https://etherscan.io/tx/0x842745ac29327fe192efdae682bf6d38e7f034a4eec35a996a4323573b9406c4
2023-03-22 13:23:23,True,1.092e-05,6.074e-10,6248720.0,0.0379,0x8f...7cbd,https://etherscan.io/tx/0x0257e9386b9887e82ab0cad423bc2a77e0addc00beb059f701d378cc23c46598
2023-03-22 13:22:59,False,1.085e-05,6.037e-10,4050281.0,0.0244,0xea...96ee,https://etherscan.io/tx/0x363389b223d20cc89feaf07b8c01e958034287c13f529efc9705842ebecc5c16
2023-03-22 13:20:11,True,1.09e-05,6.073e-10,3400709.0,0.0206,0x86...134b,https://etherscan.io/tx/0x09c6958324934070c6a9761ab03d1f7a286b5304c3c6eafe54e3397b53832642
2023-03-22 13:11:23,False,1.082e-05,6.039e-10,29168247.0,0.1761,0x4e...4d41,https://etherscan.io/tx/0x7a5d10f41d0eae0826cab563934c894b1e0279cc33fb6322e82d785bb9f8be97
2023-03-22 13:08:47,False,1.078e-05,6.044e-10,22176832.0,0.134,0xcc...f3aa,https://etherscan.io/tx/0x25004ac587babe689e3dbd7099c6967716911b4d5821386b987aa3ea59097694
2023-03-22 12:51:59,False,1.078e-05,6.046e-10,455752.0,0.0027,0x81...fac8,https://etherscan.io/tx/0x9e94e478b2781657220036f31c014d0458c6e85adf188d99354f1382584e1689
2023-03-22 12:51:11,False,1.079e-05,6.047e-10,3646015.0,0.022,0x81...fac8,https://etherscan.io/tx/0x44b1af27c186ce55df6e43ea4b50e17dd7677283705f341a0bfb48a578d8fa72
2023-03-22 12:45:59,True,1.086e-05,6.083e-10,1203815.0,0.0073,0xd0...b711,https://etherscan.io/tx/0x737fe8f2a2b42e24f4be8b60e2021badbc77c5f0c2a5a685b018cd5c986c4229
2023-03-22 12:35:47,True,1.087e-05,6.078e-10,52642341.0,0.32,0x49...81f0,https://etherscan.io/tx/0x7af145eaa6939f697c9ab991b3f81ade7f27e453670dedc39ffda4d12f95ca06
2023-03-22 12:10:59,False,1.081e-05,6.037e-10,10.0,6.037e-09,0x64...b339,https://etherscan.io/tx/0x9443c9c59faa9356e7929a9bc1b3c237c87091af7c83a98c289aa59589090359
2023-03-22 12:09:59,True,1.088e-05,6.073e-10,1632037.0,0.0099,0x70...2992,https://etherscan.io/tx/0x7d91d0af01cf080d9eec944b8a387beae8c0cab0e42218deb8ac23be26654215
2023-03-22 12:08:47,False,1.083e-05,6.042e-10,60000000.0,0.3625,0xa4...7d64,https://etherscan.io/tx/0x5c5e37bd754bf14e18589936abe22cd26c6076e5be63cad2974828c177b34f24
2023-03-22 12:07:23,True,1.09e-05,6.084e-10,3092652.0,0.0188,0x6c...c4e7,https://etherscan.io/tx/0xb2bc4fb394298e071488a0eb1137ff8d0156a9ae5087ec15b4cdd3a64c4621df
2023-03-22 12:04:59,True,1.089e-05,6.082e-10,18615220.0,0.1132,0xd0...b711,https://etherscan.io/tx/0xf9266616ce9f2d99f7595ba09048303e2bb11ce07c7eb6ad63911876f6c4edbe
2023-03-22 12:00:47,False,1.082e-05,6.045e-10,9101570.0,0.055,0x85...962c,https://etherscan.io/tx/0x1be4a40dfe7c0a30ee6a6d44a633aad1d40069afb66446c922bb8f7071e8cbcc
2023-03-22 11:55:11,False,1.081e-05,6.046e-10,4189897.0,0.0253,0x9c...5a2b,https://etherscan.io/tx/0x97e40f34397745a01aef9640fdd08293005dc688e0dc2b1ae858391f3ca562bf
2023-03-22 11:54:23,True,1.088e-05,6.083e-10,69666.5,4.237e-05,0xc5...08af,https://etherscan.io/tx/0x81e74a2d741ae18bba09440caa6c732d2e23a5926acd4d6901a2669109ddc5c0
2023-03-22 11:48:59,True,1.085e-05,6.072e-10,115666240.0,0.7023,0xf4...f869,https://etherscan.io/tx/0xb6a48b4e60178dd6a180e22973bd780bd01b7630598c84ff9b2cc86decc90cf9
2023-03-22 11:44:35,True,1.083e-05,6.059e-10,18925990.0,0.1146,0xe1...3de2,https://etherscan.io/tx/0x66c734b2633359b2ce0322656ad4577a63b678fb6ada7bfe72f5c13ba7c39049
2023-03-22 11:40:47,True,1.082e-05,6.057e-10,6545680.0,0.0396,0x38...10b5,https://etherscan.io/tx/0x72cff6edea23e1851d8af75735f879d6652acaec56ac2972ded1f43fbd4d5ab9
2023-03-22 11:33:47,True,1.084e-05,6.056e-10,601393.0,0.0036,0xd6...d6ad,https://etherscan.io/tx/0xf9e8ffb61f4595b803e0696eed55ecbd12f2a3e6fef8f13b0dd3790f7bc57bb0
2023-03-22 11:11:11,False,1.077e-05,6.022e-10,18495607.0,0.1113,0xe1...9dfa,https://etherscan.io/tx/0xedba6a0e0d0a42b6c383ff765cb8e19fad38d0c42628e7d83eb2f1eab6024210
2023-03-22 11:04:11,False,1.078e-05,6.024e-10,11004162.0,0.0663,0xa7...14fd,https://etherscan.io/tx/0x3abf84a56875e5db3da2062ec973fca912eee641c3f149d885f70fcf821aa20a
2023-03-22 11:02:47,True,1.083e-05,6.059e-10,24094318.0,0.146,0xb1...9f4d,https://etherscan.io/tx/0x8cee213dc3e92a0df13aa010aa30d229b273771acaf708541d82ce9494d73a40
2023-03-22 10:55:11,True,1.08e-05,6.056e-10,9819565.0,0.0594,0x38...10b5,https://etherscan.io/tx/0x690f1329ef3b1b5f49a8c94001ef670a93ed3013642c8f1c414d3f936af8fca3
2023-03-22 10:50:59,True,1.081e-05,6.055e-10,3188371.0,0.0193,0xbd...20ad,https://etherscan.io/tx/0x56f91b633110a1017061097ed2794a54de1665096b2ada60365f43027f32f073
2023-03-22 10:49:47,True,1.08e-05,6.053e-10,21004162.0,0.1271,0xa7...14fd,https://etherscan.io/tx/0x14de9a4aead7775676d9f35594830be1ad4064a52e2a0b56e8fdfc5ee231dc19
2023-03-22 10:36:47,False,1.076e-05,6.015e-10,1704566.0,0.0102,0xb1...22f5,https://etherscan.io/tx/0x3617e289de979c20646332fb38005c996267e326200a81052411d754ee474206
2023-03-22 10:31:47,False,1.076e-05,6.016e-10,15077437.0,0.0907,0x81...fac8,https://etherscan.io/tx/0xf8cd9ec5bfcc957a56471f89751e78e98a024f1fe7a4f503751ee9b9b4584738
2023-03-22 10:30:35,False,1.076e-05,6.018e-10,5931835.0,0.0357,0x05...0965,https://etherscan.io/tx/0xacc6e483ab857e7ccfe8b39f503ed6621ad64cae0a04409842888d1a1ef82317
2023-03-22 10:28:59,False,1.076e-05,6.019e-10,2045470.0,0.0123,0xdc...6ad0,https://etherscan.io/tx/0x735c87d530508942fd99ee1adede2ce4e22c7fdc657b004b7df5815bd580306d
2023-03-22 10:25:11,False,1.075e-05,6.019e-10,3224472.0,0.0194,0x34...ec82,https://etherscan.io/tx/0xec48f112e23a59fac85584bf1e5e3cdf24464e92fa7c0986f3532091e827d1d2
2023-03-22 10:21:47,True,1.081e-05,6.056e-10,2070433.0,0.0125,0xe1...3de2,https://etherscan.io/tx/0x3901889c724834143acce707e9206c1dc6fb502f1d469a6c2e226d54d72c5e16
2023-03-22 10:10:59,False,1.074e-05,6.02e-10,8205553.0,0.0494,0x43...fc1f,https://etherscan.io/tx/0x9f7e067e71437db5376acb248bb53ec99dc4454066d879a8db3234fdb09b1f92
2023-03-22 10:08:11,False,1.075e-05,6.022e-10,10193226.0,0.0613,0xde...6e3e,https://etherscan.io/tx/0x424c72d78935f6d3377eb85acc1cc826c1d9912b4e5cd4582627931d348dbdcd
2023-03-22 10:02:35,True,1.077e-05,6.035e-10,260884655.0,1.57454,0x04...f8b3,https://etherscan.io/tx/0xa556d5ec65c8140cfc934a85ac9a76eba3317a5582452dfb69fbb7b783f75514
2023-03-22 10:02:23,False,1.07e-05,5.996e-10,232637166.0,1.39504,0xc6...fed0,https://etherscan.io/tx/0x2f95a61c32ce0543e261609851023fa7139e3e1abb247e58547ec2795ae7316a
2023-03-22 10:02:11,True,1.077e-05,6.032e-10,233335202.0,1.40762,0x43...9672,https://etherscan.io/tx/0x961bd2e1ac7fff63c9df9dd04ecd1db7fed694c822c3715458d201aaa509daa5
2023-03-22 10:01:59,False,1.07e-05,5.994e-10,206788592.0,1.2395,0x17...272e,https://etherscan.io/tx/0xb108cf9c1507e845f8e627d2e1b47e948dd5429f85e48d449b355f9f375ecac1
2023-03-22 10:01:35,True,1.077e-05,6.036e-10,139812897.0,0.8439,0x5c...d3e8,https://etherscan.io/tx/0xacca50f020e0c7e17b8bba6590264ca5c0594a4822506efcde48d3027906e797
2023-03-22 10:00:11,False,1.071e-05,6.003e-10,179503986.0,1.07769,0xc6...fed0,https://etherscan.io/tx/0xccfb05365dcc2d92df0eab778ef8131917060a29c8401623b692d4db3350cb70
2023-03-22 09:57:47,False,1.076e-05,6.033e-10,146198517.0,0.8821,0xc6...fed0,https://etherscan.io/tx/0x0d0040fd255adc2f6e813c4a80fbc9cd992b2a1cb043512a6e004a9b006b3ded
2023-03-22 09:55:59,False,1.079e-05,6.048e-10,19007637.0,0.1149,0x18...0902,https://etherscan.io/tx/0x18c5c73c1bb1bf10ec51767810aec2e74277068f8a42d4f93fd57bff49d3c1cc
2023-03-22 09:39:59,True,1.089e-05,6.086e-10,7693963.0,0.0468,0xb3...3761,https://etherscan.io/tx/0x1c3b1e70d2dfcd8b5fd9982a6c3377c88c71fdb99ad47eb846f0e8365da33918
2023-03-22 09:27:23,True,1.089e-05,6.085e-10,2117530.0,0.0128,0x23...5b3a,https://etherscan.io/tx/0xd34847b7971f0da7fd78a67b8b1ba21ab001fe8a9390e14ac67bd941f6313028
2023-03-22 09:21:47,True,1.089e-05,6.084e-10,8145633.0,0.0495,0x95...25fc,https://etherscan.io/tx/0x49ee382f993e97e3a22d72b04e1521aa46d41434767d4c451c3f7a9dcbaad012
2023-03-22 09:20:11,True,1.089e-05,6.083e-10,526827.0,0.0032,0x74...d510,https://etherscan.io/tx/0xeaacdbaee57189b720db0edeef2bce06b7ff7df3bac5e18527ede27596de0a41
2023-03-22 09:19:11,False,1.083e-05,6.048e-10,11864555.0,0.0717,0x6c...0d88,https://etherscan.io/tx/0x9081653095ca078e7a4d645701f41296dce46bc7d2cbfacb32fc7295895c9323
2023-03-22 09:17:47,True,1.089e-05,6.085e-10,8144843.0,0.0495,0xbc...d6c2,https://etherscan.io/tx/0x19de3fbbdcedac2309d64c5ca5d8d0b4e00facce2c1b9eb183988be308a033ec
2023-03-22 09:08:35,False,1.084e-05,6.049e-10,16951225.0,0.1025,0x42...9212,https://etherscan.io/tx/0x81de42521ba991a753bc58e346f91c4e78855a3ac8b000935843cd01c34c6c0e
2023-03-22 08:37:47,True,1.089e-05,6.084e-10,34802813.0,0.2117,0x52...b8be,https://etherscan.io/tx/0x550af9d85dff9290e3249111d4f70039e67b745629e987c9f0bfcc5b34d0307f
2023-03-22 08:30:23,False,1.084e-05,6.044e-10,2847601.0,0.0172,0xa3...8dca,https://etherscan.io/tx/0x40ff9c02c361f1c234cdc3fb9539450a3e2871479c14ccc51d0ae95ee16fc4a7
2023-03-22 08:23:23,False,1.085e-05,6.045e-10,6713070.0,0.0405,0x81...c0f0,https://etherscan.io/tx/0xd89fcc12f3c157bc3889545fa37d56e9b330acc7f4a41dd4a4f20ece77fb3317
2023-03-22 08:13:11,True,1.092e-05,6.082e-10,359773.0,0.0021,0xff...1a39,https://etherscan.io/tx/0x7281d183c0c4ed71561cd53dcbf29edaa002a6e854fbfaea66d39fb1b7098e15
2023-03-22 08:11:47,True,1.092e-05,6.082e-10,715153.0,0.0043,0xd2...295c,https://etherscan.io/tx/0x3e4cf1e0d106c1b2be3b727c4f2f9886f0bc5409e238c83dc46ba0e4b8113dcc
2023-03-22 08:11:11,False,1.086e-05,6.047e-10,19157680.0,0.1158,0x51...513e,https://etherscan.io/tx/0xf27a521d951c607020bc186158d508acb0fe8adfe49de31f132b0a42875f51e7
2023-03-22 08:02:35,True,1.093e-05,6.084e-10,13012542.0,0.0791,0x14...8dcb,https://etherscan.io/tx/0x0ab07a8ee7750e6d62da8674c48d671b8bb1b991d6c8c8c221fa97685a9ada9f
2023-03-22 07:48:35,True,1.093e-05,6.083e-10,554845.0,0.0033,0x56...2e83,https://etherscan.io/tx/0xbfc5bd89a761284d16b097878c2ff65746758790633696c85847b94ffe1bc253
2023-03-22 07:45:47,False,1.087e-05,6.048e-10,12874443.0,0.0778,0xff...272f,https://etherscan.io/tx/0x4edc4b8084f979f5090fe8049072691880aa4b7e8132f2364dc2b127a5975309
2023-03-22 07:45:11,False,1.087e-05,6.05e-10,12874443.0,0.0779,0xff...272f,https://etherscan.io/tx/0xf66df265f167a7a71e266ec4ecc590d2111f32efd64129526b9f0c831b85da43
2023-03-22 07:42:35,True,1.093e-05,6.083e-10,54246262.0,0.33,0xa1...85cd,https://etherscan.io/tx/0xfdc9b0703ec43b832806c5500ea026002e69b8a2dd0216fa4e179ab1eddc5d51
2023-03-22 07:35:35,False,1.086e-05,6.042e-10,1707079.0,0.0103,0xf5...f999,https://etherscan.io/tx/0x242471eaf0caae2aff8d2835fde4e279854cd558f5f2df69bcbc1f05a043fe11
2023-03-22 07:34:59,True,1.093e-05,6.077e-10,13864028.0,0.0842,0x0e...eac9,https://etherscan.io/tx/0x98f82b1e1586f0a295981d3412ed017da8987c998aee16eae1d82245251ce5fa
2023-03-22 07:34:59,True,1.092e-05,6.075e-10,1174198.0,0.0071,0x8b...23af,https://etherscan.io/tx/0x197d449856e49e207a1b34b361c6f5f17b5d1df3db12bfea0e8ad8dda6684f14
2023-03-22 07:33:35,True,1.092e-05,6.075e-10,5259730.0,0.0319,0x8b...23af,https://etherscan.io/tx/0xf948a21ee9d8802d5c100088eee08ee480b870e3f8500d29a57d874672c58a3c
2023-03-22 07:21:35,True,1.093e-05,6.074e-10,4811703.0,0.0292,0xef...8289,https://etherscan.io/tx/0x06e8b926dd3a79c309248a59a30c6cfbd8b43aafbad5fd9a4c4288f42b9af683
2023-03-22 07:18:11,False,1.086e-05,6.037e-10,2088849.0,0.0126,0x88...6280,https://etherscan.io/tx/0x05a951a740611707539034d4c4fa76e63270452992b03fc8f524770f643b5ee8
2023-03-22 07:13:11,True,1.092e-05,6.074e-10,238269.0,0.0014,0x30...114e,https://etherscan.io/tx/0x9ab97e8cce9343848825286bcdafc0dc177bd130a852c5f7e9ee9b7264349400
2023-03-22 07:12:59,True,1.092e-05,6.073e-10,9023061.0,0.0548,0xa6...b071,https://etherscan.io/tx/0x14bf7a12290a55dc284a732340a07ae91885b107d73c7a0890c0a4f9e8b0df25
2023-03-22 07:07:35,True,1.093e-05,6.071e-10,8980649.0,0.0545,0x16...7058,https://etherscan.io/tx/0xf3797db45c09cdea761183f7f502befa0055d3d5402b60ed9239c3499c4c44aa
2023-03-22 07:03:47,True,1.093e-05,6.07e-10,1899046.0,0.0115,0xb4...0002,https://etherscan.io/tx/0x65efc41af0b81ba3e84cd0f80fe2d66985270b1a9ae0e7191bc662cce5493603
2023-03-22 07:02:11,True,1.094e-05,6.07e-10,1387976.0,0.0084,0xbc...b920,https://etherscan.io/tx/0x675ef965b11f81ae8ddbeefec91239d5e336ed55f4d75527808837342c7cb0e2
2023-03-22 06:56:23,False,1.087e-05,6.034e-10,1340852.0,0.008,0xfd...593b,https://etherscan.io/tx/0xf6dee17dd8ea92d0222e88f84ecfba2cbee49dd02335850ccf8fae465bac4db3
2023-03-22 06:42:47,True,1.094e-05,6.07e-10,816450.0,0.0049,0x63...5626,https://etherscan.io/tx/0x50eb9527925c4978c93ba94fee5f40c72db3685e5bb32a04da2357bde485e000
2023-03-22 06:37:35,False,1.089e-05,6.035e-10,11505272.0,0.0694,0xd5...ae48,https://etherscan.io/tx/0x7e8588decb7b8733a592570a249b98a4f9299bd1d87ad610c85c9426ecf857f3
2023-03-22 06:35:47,False,1.09e-05,6.036e-10,2211323.0,0.0133,0xf7...7378,https://etherscan.io/tx/0xc05b0d13924d670685d892cf04b38ae50f76bb5aee0723bf30f27fac7f872ca1
2023-03-22 06:34:47,False,1.09e-05,6.038e-10,16686410.0,0.1007,0xa4...b068,https://etherscan.io/tx/0xdf8e72121a3c3bee87cde7cd72f40ab39b359f5af9e68c3a154c73f2b760e08c
2023-03-22 06:31:11,False,1.09e-05,6.04e-10,4393491.0,0.0265,0x71...3359,https://etherscan.io/tx/0x25a25cebc13ae8c35487c04ebd173fcfe7fae1d266e0e61550d9160c9172b84f
2023-03-22 06:22:47,False,1.091e-05,6.045e-10,55976554.0,0.3384,0xc3...fd6c,https://etherscan.io/tx/0x8c9cc9e846f19a672c9bebfc44af8c18d99513ba03d1c8518c987a2474c061da
2023-03-22 06:21:59,True,1.099e-05,6.087e-10,1692088.0,0.0103,0x85...e7f3,https://etherscan.io/tx/0x6801668f3ae99dc89c9ccef8bae5e7ddb53a1f3db265d6d15603732bb5d938b5
2023-03-22 06:18:35,True,1.097e-05,6.085e-10,14352895.0,0.0873,0x1b...7f98,https://etherscan.io/tx/0xbf9fc24ec38ad0a6cfeeb291a1bb398db5163b798b764e98c1cebcf2aabcd6d3
2023-03-22 06:14:47,True,1.096e-05,6.083e-10,8423039.0,0.0512,0x1b...7f98,https://etherscan.io/tx/0xca4fb4ee1bb67f9c2611ac79a7a4e83a005dfd8017a8f4a13569cd8ec9676537
2023-03-22 06:14:23,True,1.096e-05,6.082e-10,977782.0,0.0059,0x0b...47c0,https://etherscan.io/tx/0x7176a0f69f700606d738a0a2fe6dd4eb0beb32017a04032d4243150f3cabafbd
2023-03-22 06:13:47,True,1.096e-05,6.082e-10,1466728.0,0.0089,0x43...3359,https://etherscan.io/tx/0x2c6bc716076f16562023bf988e13dd9ef022b2f855a27cf871e6117d2fe6a648
2023-03-22 06:10:47,True,1.096e-05,6.08e-10,17414936.0,0.1058,0xae...25a9,https://etherscan.io/tx/0xd8ea79a3ab8eeb6943beb1b241c88775bf8d2a48d43dc2d4afb2c9edf5e7cb4e
2023-03-22 06:09:23,True,1.095e-05,6.078e-10,7537616.0,0.0458,0x1b...7f98,https://etherscan.io/tx/0xbed7a3655256b489dd3386e73fb6a89ad3cf1286ab3cbf459fd81367c61f25ec
2023-03-22 05:55:59,True,1.093e-05,6.077e-10,4397715.0,0.0267,0x00...6872,https://etherscan.io/tx/0x33bf641e67219f0753b42e859cab9a4209a6ab13fbcd1077e5375056246b54f6
2023-03-22 05:53:23,True,1.092e-05,6.076e-10,3005409.0,0.0182,0x3a...3ef9,https://etherscan.io/tx/0x038e5a57dd86f1e44bc8b0c4618f5b0e32d3751f0b14e9aaf55bdfdb0057d8f1
2023-03-22 05:53:11,True,1.092e-05,6.075e-10,3360469.0,0.0204,0x4d...f765,https://etherscan.io/tx/0x7d84b35e1d75fc51490570c756a7400e7b5e811909dc45c579b3bb727828879c
2023-03-22 05:48:11,False,1.086e-05,6.039e-10,7032000.0,0.0424,0xa4...4b92,https://etherscan.io/tx/0x31e03ff568376047dc20594269e595d0f1761acfaa5713824159a77ce40c816c
2023-03-22 05:46:23,False,1.088e-05,6.053e-10,143143251.0,0.8665,0x5c...d3e8,https://etherscan.io/tx/0xf848d79e9f49c70b79b70ddd8b60d2476d75f8bc9855c63f0e60fc3a3dc68a0b
2023-03-22 05:40:23,False,1.09e-05,6.067e-10,1482591.0,0.009,0xd2...0d7f,https://etherscan.io/tx/0x860655ae83cc3fec6ddd9c1748783c180450cb210887351174a80504e7982ad3
2023-03-22 05:31:35,False,1.091e-05,6.071e-10,47520000.0,0.2885,0x9a...1cbc,https://etherscan.io/tx/0x080bc45682b4c1623b5e12d7245315f029459298f8876bdad5b5d5c544ff7a03
2023-03-22 05:04:23,True,1.099e-05,6.112e-10,416225.0,0.0025,0x89...f365,https://etherscan.io/tx/0xa419e77facdf4edff7aed82629c78745f3007bf6de1f112f44529c2f90c82dff
2023-03-22 05:03:11,True,1.099e-05,6.111e-10,10812019.0,0.066,0x60...a407,https://etherscan.io/tx/0xef4d2de1d3e86ffa18c8770dcac057b010d17abc58312e01085dc727fcc1362f
2023-03-22 04:55:11,True,1.1e-05,6.11e-10,9784.44,5.979e-06,0x81...beb6,https://etherscan.io/tx/0xbd2907dfce3cb455e86097effdbacb79ed9d048fe8244a10ddd66cc724aec4d0
2023-03-22 04:36:47,True,1.101e-05,6.109e-10,8966887.0,0.0547,0x58...e468,https://etherscan.io/tx/0x23066c89563aa26aa9cefed3582f3084c54a25364182cc7657d70bf47b7060db
2023-03-22 04:32:59,False,1.093e-05,6.072e-10,1670457.0,0.0101,0x19...7994,https://etherscan.io/tx/0x1f05439b06d7fe262038d2af05c0423ad30fbaaf71fd8ae6db5f46291a4f2ef2
2023-03-22 04:29:23,False,1.095e-05,6.073e-10,6081993.0,0.0369,0x9c...a557,https://etherscan.io/tx/0xb9d66569f1ea39fa240884d59f4f76ad12c7a5ec3cc160f447e08f9f2d13fc60
2023-03-22 04:15:59,True,1.101e-05,6.11e-10,631253.0,0.0038,0xf2...0a29,https://etherscan.io/tx/0x3b0dcdec2db7619a3dcec1b2ea6fc252aef33ea291c382b5ffaa2f6a14de8d45
2023-03-22 04:10:35,True,1.096e-05,6.11e-10,1332691.0,0.0081,0x46...2e4a,https://etherscan.io/tx/0xb43e18685db3595196dd5ffa637c2aa3b7759dd190ea7eb86352b9ad373f59be
2023-03-22 04:06:11,True,1.094e-05,6.11e-10,685040.0,0.0041,0xf3...c080,https://etherscan.io/tx/0x6899db9d511fc500b43e3c041a215b518dc2e51d02c660fb96dee84a45c31836
2023-03-22 04:00:11,True,1.097e-05,6.109e-10,993961.0,0.006,0xb7...ebac,https://etherscan.io/tx/0x9455f04da2bd06174c8067ba1aea159ea357e4edfb51ac48ba57042dfea68018
2023-03-22 03:59:47,True,1.097e-05,6.109e-10,2250412.0,0.0137,0x81...2769,https://etherscan.io/tx/0x6eab8952ad84208f64a9bb49fee57536d150f7cbbf791f6ac893e5a69772eea9
2023-03-22 03:59:11,True,1.096e-05,6.109e-10,377929.0,0.0023,0xf0...fb6c,https://etherscan.io/tx/0x940406e66224cdcdb7a52b6e75e57a0ef7ba6609609303b73e905081d5105ad2
2023-03-22 03:58:23,True,1.097e-05,6.109e-10,3245211.0,0.0198,0x9b...28f0,https://etherscan.io/tx/0xf60edd71fd478d2525c5e4a634e634e78da62c464c6c5d14c20ff9b622f49bec
2023-03-22 03:58:11,False,1.09e-05,6.074e-10,24743534.0,0.1503,0x41...ffc2,https://etherscan.io/tx/0x745b2b5c630a2b9dd469491537fe5a0166773060eb68936fad66447d7df1f5cd
2023-03-22 03:57:11,False,1.091e-05,6.077e-10,11073385.0,0.0673,0xc3...6dce,https://etherscan.io/tx/0xb2f2ac7a1815e21f404d9a45f5e0a9239d7acd04b0e345a90f1e0137d7090190
2023-03-22 03:56:47,True,1.098e-05,6.114e-10,7898886.0,0.0483,0x18...6647,https://etherscan.io/tx/0x51a6c7d1c6fb3a608b4d24606f46d060f1b43336a7b0a3e8db1c9304e8580f0a
2023-03-22 03:56:23,False,1.092e-05,6.078e-10,16999409.0,0.1033,0x3f...b29b,https://etherscan.io/tx/0x5f854f7ab68cfbce5b642a549cb39f2dfc3a1d01528193093ded2ff0f2766a5e
2023-03-22 03:54:47,False,1.092e-05,6.082e-10,16724697.0,0.1017,0x76...7d5e,https://etherscan.io/tx/0x044b0750f84a604e591d173fba2bde63e834e937e1358c623514c3bff1cd2132
2023-03-22 03:43:23,True,1.098e-05,6.119e-10,4142237.0,0.0253,0x19...4633,https://etherscan.io/tx/0x4226ba8127e83c698b9f21cd5f5d98220c6bef5a2cdf8d47e63463fd01f4420a
2023-03-22 03:38:11,True,1.098e-05,6.119e-10,557557.0,0.0034,0x2b...6cf3,https://etherscan.io/tx/0x6300e40a2dee05e77bd86a8458a376c5deeb3cc706b6cb855458426cddf4f87f
2023-03-22 03:25:11,False,1.093e-05,6.087e-10,52000000.0,0.3165,0x0b...9e52,https://etherscan.io/tx/0xb9d8c673bb60666522d8c371a1aa0cc1e081ae747932b756bcf330d23c98b5b2
2023-03-22 03:20:11,False,1.095e-05,6.093e-10,11180245.0,0.0681,0x7c...f265,https://etherscan.io/tx/0xe5022afd32c53db266a2b2da38e964c10eb6f5add4e8d5de9d48e54294826e24
2023-03-22 03:09:11,True,1.1e-05,6.13e-10,9082456.0,0.0556,0x90...59e2,https://etherscan.io/tx/0x90c5f50a05bb9088e6f8f27e7a128eb50cda7019937f59b7889f0c7ec7121740
2023-03-22 03:06:59,True,1.099e-05,6.129e-10,3234484.0,0.0198,0xad...2343,https://etherscan.io/tx/0x763de85779eb01ea3ba9fe0351f209b5e0707362075a20c44f89822cd4f4ee16
2023-03-22 03:02:35,False,1.092e-05,6.093e-10,9476350.0,0.0577,0x53...3d55,https://etherscan.io/tx/0x5f0dd47d18dde80b924496ef288c6e3ae7ac62b959d5ae226f228873a8805d0f
2023-03-22 02:57:59,True,1.096e-05,6.115e-10,163021599.0,0.9969,0x26...3b2e,https://etherscan.io/tx/0x9c130741fbea952fba670993781405e5497abf8852502eae121300dd0818092c
2023-03-22 02:57:35,True,1.093e-05,6.098e-10,19706251.0,0.1201,0xfd...61f2,https://etherscan.io/tx/0x72c19a376d5b654e41862322c436ed098ed196ea21f1a7807d583a37844d4749
2023-03-22 02:53:35,True,1.093e-05,6.096e-10,813000.0,0.0049,0xa9...f641,https://etherscan.io/tx/0x9b27e0d2e6405d3e6e8ce284567030596902f71c3c5c5ce5698dba4bbce8aeef
2023-03-22 02:53:11,True,1.09e-05,6.082e-10,144107115.0,0.8765,0x9a...a1ee,https://etherscan.io/tx/0x783c3af88944a40678859d986154212db43017f0dee4f51b81e2eca89ca0ff19
2023-03-22 02:50:23,False,1.081e-05,6.033e-10,4916807.0,0.0296,0x1c...b579,https://etherscan.io/tx/0xa259eb08f247026747237ed75bffa6cb7a8801dc4e16acff9107375e4bf04afd
2023-03-22 02:48:11,False,1.08e-05,6.033e-10,1759324.0,0.0106,0x12...cb39,https://etherscan.io/tx/0xe7900f9cc3297138954d57fa04f645f877d9ede9ff579c41b3514a2800d51a3d
2023-03-22 02:39:59,True,1.086e-05,6.07e-10,245826.0,0.0014,0x81...6f51,https://etherscan.io/tx/0x873d2329fc6994b66e3c2964797e5e7611cc94328fdd9f500a111d41d0f74b39
2023-03-22 02:38:59,False,1.08e-05,6.034e-10,6810000.0,0.0411,0x1f...d406,https://etherscan.io/tx/0x959e3d3bfa3810975c944313301aed4fb680f27dc4d1b172cb0fe81853e9d749
2023-03-22 02:37:11,False,1.08e-05,6.037e-10,22681395.0,0.1369,0xf4...58fc,https://etherscan.io/tx/0xe961f75dabc564efc54184b52ba2a6b18ab4c10f741cca966284b103071dc5c3
2023-03-22 02:35:11,False,1.081e-05,6.039e-10,1889463.0,0.0114,0x6d...79cd,https://etherscan.io/tx/0x6df401d85b383bc1dc4f9f80fee1632181335a0c08401d03ba5a22421e0e6d20
2023-03-22 02:31:47,True,1.088e-05,6.076e-10,72054.4,4.378e-05,0x62...74b7,https://etherscan.io/tx/0xf7594de8d2c6c36b1f8786a49556d588fd78d537b263974422ae8e490d99e712
2023-03-22 02:31:11,False,1.083e-05,6.044e-10,49956838.0,0.3019,0x9c...4ede,https://etherscan.io/tx/0x944f8be051df0594f6db62688aa1a9e78a32c0096297393e5599e9320a7fb569
2023-03-22 02:21:11,False,1.08e-05,6.049e-10,9000000.0,0.0544,0xde...ad7f,https://etherscan.io/tx/0xeb7ae3610bf4d8e5ff3c283fded53e9885c674ecf75f5d79b53065ec1be2f0cc
2023-03-22 02:07:35,False,1.083e-05,6.052e-10,21024585.0,0.1272,0x25...2cc1,https://etherscan.io/tx/0xc2c2888460539862f410823d35a4c8260213a216cd480509c0eeff02637962ad
2023-03-22 01:55:23,True,1.087e-05,6.083e-10,78892625.0,0.4799,0x05...d5cd,https://etherscan.io/tx/0x03d5892f2425810a7e9548992cce001ace972f038765cf017194aff3cb73d71c
2023-03-22 01:52:11,True,1.086e-05,6.075e-10,4538899.0,0.0275,0x92...089a,https://etherscan.io/tx/0x19d320ce0a267ba45b5a804ab89a69cd21ddff729b0f50f7d09d7b6cb646a148
2023-03-22 01:51:47,False,1.08e-05,6.045e-10,66000000.0,0.3989,0x35...b50e,https://etherscan.io/tx/0x8c0536bd38f690f6b4bd35edcc6306684f74cc6c6a247a302ee3706b9fcfe75d
2023-03-22 01:45:23,False,1.079e-05,6.052e-10,8010000.0,0.0484,0x1f...d406,https://etherscan.io/tx/0x9da094bf1536357302e52d4b8127fd661e32f380f8e6b50b90013df5a71c8b5b
2023-03-22 01:41:23,False,1.08e-05,6.052e-10,462412.0,0.0028,0x7a...1b37,https://etherscan.io/tx/0x729d59e05b681c33fdfec8f99ccbd9a218042db8217f4f739d7aa0062859cb7d
2023-03-22 01:33:47,True,1.09e-05,6.089e-10,1465070.0,0.0089,0xdf...0e20,https://etherscan.io/tx/0x34373bb66fb2603fa956fe1c3cf76202c7605aeaac390483443e0202cc36ec83
2023-03-22 01:32:35,True,1.092e-05,6.088e-10,5419917.0,0.033,0x0c...5464,https://etherscan.io/tx/0x2777e92a42e54578a539e893a8c0ad040fbd61985db824f1315247443be50d8d
2023-03-22 01:31:47,False,1.086e-05,6.052e-10,9545355.0,0.0577,0x00...4ac0,https://etherscan.io/tx/0x5b5336b7c4610fdd688e1c7d31609f5fd712fc2036b1c89b85e4d9237b0df3dd
2023-03-22 01:28:35,True,1.095e-05,6.089e-10,1263472.0,0.0076,0xbf...01f5,https://etherscan.io/tx/0x2409f94e351a9871e782d0af5169ca1d69878f981280104cd4bff9029e4e13d1
2023-03-22 01:10:35,True,1.096e-05,6.088e-10,15394984.0,0.0937,0xb5...158d,https://etherscan.io/tx/0xbc9aa15807470709b57eb92efeb1ab4e95baacf315175e8e7cc0bacacec40140
2023-03-22 01:04:23,True,1.096e-05,6.086e-10,1628562.0,0.0099,0xcd...710a,https://etherscan.io/tx/0xc81cd6dfcfe1ba1e04783189f05054d42781487c98b11e14be3cf41d5fac9a89
2023-03-22 01:03:47,False,1.09e-05,6.052e-10,29695903.0,0.1797,0xc4...a7a3,https://etherscan.io/tx/0x652917d57ae93661d565a035a6fa8843abae4d64ac13675701276680f1e845d1
2023-03-22 00:46:59,False,1.089e-05,6.055e-10,4077212.0,0.0246,0xe4...c57b,https://etherscan.io/tx/0x4f7d6d4d7ee976c781cff2c6b8bbeeae3905b329840326770563c9d3866caccf
2023-03-22 00:31:59,True,1.095e-05,6.092e-10,889987.0,0.0054,0xa6...c66f,https://etherscan.io/tx/0xc43ef75b6265c1c65bf1bd4360d20925dac4f36e467144e35b94a1da07e319e7
2023-03-22 00:29:11,False,1.088e-05,6.056e-10,1073787.0,0.0065,0xb3...a05c,https://etherscan.io/tx/0x1ffd7d70fce29361d5964c1e67fff4e16fa31c5b1243d94c26126235a2b35241
2023-03-22 00:28:47,True,1.095e-05,6.092e-10,1078770.0,0.0065,0x14...dcef,https://etherscan.io/tx/0x91c2086c8d295a9180cce0dfddb4fc7f05fbd0f4760d975ea9dea84d69233bf7
2023-03-22 00:26:23,True,1.094e-05,6.091e-10,11390732.0,0.0693,0x76...9637,https://etherscan.io/tx/0xb2212f3c6d2985d7d62abf179e853749f712fd6c7ef8c8f21c1052cf12a07a3f
2023-03-22 00:16:11,True,1.091e-05,6.088e-10,18272649.0,0.1112,0x90...59e2,https://etherscan.io/tx/0xd461dd436c976b43d53b15d2f67b569b27755a6f6ea3cc2a7f02c2ae23f6600a
2023-03-22 00:13:35,True,1.091e-05,6.086e-10,8001921.0,0.0487,0x3d...5e30,https://etherscan.io/tx/0x62d474069a2376b68f84ed9b12f46669b4e03bf127454ec896cdb903495f2630
2023-03-22 00:08:35,False,1.085e-05,6.05e-10,13252262.0,0.0801,0xf2...266c,https://etherscan.io/tx/0x2c6595f680c70349efa2a1ad04e2f76d655fdc4823fdb3d6dbe00e53ef8e2a9c
2023-03-22 00:06:59,False,1.085e-05,6.053e-10,17800000.0,0.1077,0x03...125b,https://etherscan.io/tx/0xc37c17496f564214cdf72ca614c3972541a73c83f71eafc066e1baff26372c53
2023-03-21 23:58:11,False,1.085e-05,6.055e-10,4170952.0,0.0252,0xe4...ead8,https://etherscan.io/tx/0x275778cbbc062d05b65975e9aafa7b80f14b9cfd2ba3f3389884cc98b09b33ce
2023-03-21 23:55:23,False,1.085e-05,6.057e-10,20205046.0,0.1223,0x4f...d65c,https://etherscan.io/tx/0x9e5208a5665338c667ea913c7435e5c3ffcd236f99353aadc84eb09c3844654a
2023-03-21 23:54:11,False,1.085e-05,6.06e-10,15463374.0,0.0937,0x6d...afba,https://etherscan.io/tx/0x6bdc0c57db450f37d66c86fd6e8a210fda9db00ed09d1fd6523d533d26f876eb
2023-03-21 23:42:23,True,1.09e-05,6.098e-10,2438057.0,0.0148,0xb9...755f,https://etherscan.io/tx/0x7b783f97f7864ff0b4ae42451d378020cc4829001e6f396a33e859f4aab86179
2023-03-21 23:41:59,False,1.083e-05,6.062e-10,5636233.0,0.0341,0x11...38b8,https://etherscan.io/tx/0x2c2a493b0e3f5e7420c442cb5604bc6ab7b11939cad2ffd5a1b719a312eddca6
2023-03-21 23:41:23,True,1.09e-05,6.099e-10,615068.0,0.0037,0x05...93c8,https://etherscan.io/tx/0x40ead1aab53d1795d7959cf63e42317c0ba03326047976ea53babb5fd8001477
2023-03-21 23:38:23,True,1.09e-05,6.094e-10,50126265.0,0.3055,0xef...b4f2,https://etherscan.io/tx/0xf0a571731ef02cf544cf7f8eac55f94e407eba8bc2fc417bdc25985121e1bfed
2023-03-21 23:36:35,False,1.084e-05,6.054e-10,6890043.0,0.0417,0x9b...987f,https://etherscan.io/tx/0x7e8f3f88f83940ff524c8d71935121928cd6d8f3d70e2e73d9a37810e5d784cf
2023-03-21 23:36:23,True,1.091e-05,6.091e-10,16384.3,9.98e-06,0x2f...51e7,https://etherscan.io/tx/0x142b661f13deae246f43aed1e2f324f757cc1b8f71d8bf2cd0fb2903384f0325
2023-03-21 23:35:59,True,1.09e-05,6.089e-10,20000000.0,0.1217,0xd1...9171,https://etherscan.io/tx/0xe4711dc85649f6b67990cff1ae1a5126dc4833f6202ab77d86e20d0bce6e7466
2023-03-21 23:34:59,False,1.084e-05,6.051e-10,7000000.0,0.0423,0xb3...a05c,https://etherscan.io/tx/0x99a7b1c4e8d50f7c5bf19d49153436d0dd821b094b91e708ed3125fe851c3cb0
2023-03-21 23:32:59,False,1.084e-05,6.053e-10,9546240.0,0.0577,0xb9...a1ae,https://etherscan.io/tx/0xbf2e706073bdb143ee4052d70dba4cea6990bd3949f7710f39072c931c257e17
2023-03-21 23:22:47,True,1.091e-05,6.089e-10,10972405.0,0.0668,0xa8...2c55,https://etherscan.io/tx/0xde93d745b0c9f878758c31838d712f2ce2372c88101729fdfb9250a7eb9909d2
2023-03-21 23:16:23,False,1.084e-05,6.052e-10,4949535.0,0.0299,0x0e...4a1a,https://etherscan.io/tx/0xd4a81bbe700f294298373ed18b52ecdddb521ee83d7b9463e22dede2b9088f93
2023-03-21 23:14:59,True,1.091e-05,6.088e-10,8140143.0,0.0495,0xec...c791,https://etherscan.io/tx/0xacf48b67bca6d91c7c5db8455a116ed625afceae220cc09cedb1033f1a9c0965
2023-03-21 23:08:11,True,1.092e-05,6.087e-10,3256628.0,0.0198,0x95...8dbe,https://etherscan.io/tx/0xcb6f1b9340d236f147677e26d9f7c4f86c31ee1bf0158bcc43c0627ccafc2f40
2023-03-21 23:02:59,True,1.092e-05,6.087e-10,1628436.0,0.0099,0xb6...0995,https://etherscan.io/tx/0x817e6218c8f0f1c14d9e408ef33d38fe4cd03e27cf309c88089e93d95705ae4c
2023-03-21 22:59:35,True,1.091e-05,6.084e-10,22402116.0,0.1363,0x95...06f0,https://etherscan.io/tx/0xa49ea3489e48e1435e3dc78f03bfb82b3e3ee16663b6df73f6bfda193504a81a
2023-03-21 22:50:23,True,1.09e-05,6.081e-10,9865399.0,0.06,0x15...faa7,https://etherscan.io/tx/0x4d18a6e69168e98cf69d9d567e3da2427862e5583bc20c3ef2d9f530c4955e96
2023-03-21 22:30:35,False,1.083e-05,6.044e-10,164042.0,9.915e-05,0xca...d2a6,https://etherscan.io/tx/0x5603a172197ef026bc5c12586a23a90871c914eb55962359df602aa64e4b7c8b
2023-03-21 22:25:11,True,1.089e-05,6.08e-10,165699.0,0.001,0xca...d2a6,https://etherscan.io/tx/0xaed27c75cb23b7ff5b50e15bbcd8c8eb5cd93455eaa94c5a455aaaae62e7dac7
2023-03-21 22:23:59,False,1.083e-05,6.046e-10,18713786.0,0.1131,0xde...d163,https://etherscan.io/tx/0xce5590e09e394e45519c21760b8d4bb749a72e192a8416b388906f9af833fd20
2023-03-21 22:21:59,True,1.09e-05,6.084e-10,3421413.0,0.0208,0x66...154b,https://etherscan.io/tx/0x6e4a0a8bac2b90ff451d77da10232e227cf12de620f0e973668b1be732011df7
2023-03-21 22:18:47,False,1.082e-05,6.052e-10,59121194.0,0.3578,0x87...e6ee,https://etherscan.io/tx/0x111c6b5bce4f0d04451cb4df8d9955ec564e2815cdb75f087f23a741ef8c5ecc
2023-03-21 22:18:23,True,1.09e-05,6.093e-10,13481154.0,0.0821,0x7e...e8bb,https://etherscan.io/tx/0xde260754fc91086e94724539dd608af2e82cbac96ea0f6ea891658061acaaca7
2023-03-21 22:16:47,False,1.086e-05,6.064e-10,93000000.0,0.564,0xc9...08b1,https://etherscan.io/tx/0x6279455b891265333bdcbb46b7db43d7edc47ab78b477e36735a694e7eac4f1b
2023-03-21 22:11:11,True,1.095e-05,6.109e-10,324485.0,0.0019,0x07...f991,https://etherscan.io/tx/0xe2e44250a21ae717d7acae5df2de008cc6833e0d8cccc8324c25167c36ad5327
2023-03-21 22:10:23,True,1.094e-05,6.104e-10,55623266.0,0.3395,0x9b...cb95,https://etherscan.io/tx/0x88128bc988be2817f5bf9fef2e21530f99ac7580a0ac840a8ddb62465eb3c760
2023-03-21 22:09:59,True,1.094e-05,6.098e-10,4876007.0,0.0297,0x08...b6ed,https://etherscan.io/tx/0xe052c5e1b5b4d62957eb9132e21e6bcbf3ca62b3cb156102cfee10fdba89a5e4
2023-03-21 22:08:59,False,1.089e-05,6.063e-10,14999613.0,0.0909,0x05...93c8,https://etherscan.io/tx/0x3a3f03c24ebf863c2643e55d98d39a40d18ee093a0a099d484db691f9e635035
2023-03-21 21:51:47,False,1.088e-05,6.064e-10,3746725.0,0.0227,0x11...7a91,https://etherscan.io/tx/0x4adfc33920045bbcc0f5eaf48b8975bb861d3d8987dc5ad742a77c4c10b93fb8
2023-03-21 21:46:59,False,1.091e-05,6.066e-10,9035445.0,0.0548,0x1f...0743,https://etherscan.io/tx/0xe79a07867d055e1885430d69d697e4027eedf6825959228cc88be92edf0a509b
2023-03-21 21:36:59,True,1.098e-05,6.102e-10,13109916.0,0.08,0x48...f98f,https://etherscan.io/tx/0x1249ab8adcbdf8135d04fc68623c9ade81d96378d83b2b83c0c43cdd0ee30296
2023-03-21 21:34:47,False,1.092e-05,6.067e-10,35000000.0,0.2123,0x51...74e9,https://etherscan.io/tx/0x4001b9909f63e41204dbf3037a51295ef8e625c7dd24047918410a01f9b761b5
2023-03-21 21:23:47,True,1.093e-05,6.106e-10,16377231.0,0.1,0x3b...0268,https://etherscan.io/tx/0x64301b0892e229e9ffe353d62cca5241d638159225cda9f4f91f9c14c5f9cfbf
2023-03-21 21:17:47,False,1.086e-05,6.068e-10,1261871.0,0.0076,0x54...872b,https://etherscan.io/tx/0xb07ce304b81450e930355f33dadf516f9a517f5b703faf30db678025745ca801
2023-03-21 21:14:11,True,1.093e-05,6.103e-10,16264935.0,0.0992,0xa8...2c55,https://etherscan.io/tx/0xe756613e045f61526ecc57e36824e6f533b2b16be1f18b1907622a999bdf3458
2023-03-21 21:13:35,False,1.087e-05,6.067e-10,20715310.0,0.1256,0x4d...f765,https://etherscan.io/tx/0xe78cfd5431be6a635eb4c7c3109bc43b12f718bab2fcb5ff030746a3a8f45f48
2023-03-21 21:09:59,True,1.093e-05,6.104e-10,8005872.0,0.0488,0x88...95a6,https://etherscan.io/tx/0x1b406f11e659d4518816e9e74373a4d100671b9116ac5c23163bde459682a008
2023-03-21 21:03:35,True,1.089e-05,6.082e-10,232597116.0,1.41471,0x43...74f3,https://etherscan.io/tx/0xa612ce3d1abcc537cb13ef888a1c7ee409f34bdba8cab2eb19b220c14a82d9a2
2023-03-21 20:58:59,True,1.086e-05,6.059e-10,9814904.0,0.0594,0x18...0902,https://etherscan.io/tx/0x3502ec9a5514868c50ebbeed2dcd7e452788872391d3f2c87d90bedd1cebf3bd
2023-03-21 20:57:59,True,1.086e-05,6.057e-10,10506691.0,0.0636,0xfb...2ebd,https://etherscan.io/tx/0x550cfffd8566a540f9fefab5ec5e3aa8a1e7c9c1d892b49fc15f10e214b7ba5a
2023-03-21 20:57:59,True,1.085e-05,6.055e-10,9192732.0,0.0556,0x18...0902,https://etherscan.io/tx/0xccd173dd107f3283d6512e3fd7326f4ba3ac13a912b3a11a6120a62b5ae7c4c9
2023-03-21 20:36:47,True,1.085e-05,6.055e-10,491119.0,0.0029,0x7a...7257,https://etherscan.io/tx/0x232eea81d862f830905a271140fd6faf6e7e131932aeb76b6ce3e38f455dcfb3
2023-03-21 20:33:47,True,1.083e-05,6.033e-10,226911539.0,1.36918,0x46...738d,https://etherscan.io/tx/0x888682d69f2d02715596374a692b047d3db49fe28a761e44ed20b0325cfcccff
2023-03-21 20:16:35,True,1.076e-05,6.013e-10,175746.0,0.001,0x70...b681,https://etherscan.io/tx/0x928861b4bade3edbacae3f49359baaf6b7de623c7b9b06cc2907f1cb499bd2d7
2023-03-21 20:03:11,False,1.067e-05,5.977e-10,1840206.0,0.011,0x1a...c65a,https://etherscan.io/tx/0xea978d1d9627874522ffb28adc5afbb3a4d8316ab472a1f7707cfc96a62ebad5
2023-03-21 19:59:47,False,1.068e-05,5.977e-10,4591407.0,0.0274,0x1a...c65a,https://etherscan.io/tx/0x8ac252ce5709a3e450d6291f5a637ad3c2e15bdafedf3397f8968f57a280e62d
2023-03-21 19:57:35,False,1.068e-05,5.978e-10,2754844.0,0.0164,0x1a...c65a,https://etherscan.io/tx/0x6793bda54cd0c1198c2e91396de6e1ac8d5f576f3dac988a59828033e1ae4a28
2023-03-21 19:47:47,False,1.071e-05,6.006e-10,300754112.0,1.80641,0x49...3fc2,https://etherscan.io/tx/0xd94e8c73c70cf33920955c9c87df686cd922326d277be6dccef6de43af58aea5
2023-03-21 19:45:47,False,1.076e-05,6.035e-10,13654028.0,0.0824,0xdb...686e,https://etherscan.io/tx/0x782e4af83938a2ee087474063f52507828a19b0d0867d475b4ceb525b5ada9b7
2023-03-21 19:14:11,False,1.079e-05,6.037e-10,11015435.0,0.0665,0x62...9245,https://etherscan.io/tx/0x10dcee58312e312930d9a08e8efa0f11f2e9ae5dc7ca8cc023a496e30208d1f6
2023-03-21 19:11:47,True,1.087e-05,6.074e-10,3849140.0,0.0233,0x19...c802,https://etherscan.io/tx/0x3356519eb09f4da544b71e0640d0c676312cd6f607891efe052f9f8cf22feb57
2023-03-21 19:07:23,False,1.081e-05,6.038e-10,10000000.0,0.0603,0x9d...f5df,https://etherscan.io/tx/0x4e3f7845a97c8b02f3d07d46a67fb6c426a33ec6dbf7655ef26b22dc2f1c28be
2023-03-21 18:56:11,False,1.084e-05,6.046e-10,69901960.0,0.4226,0xfa...f6c0,https://etherscan.io/tx/0x5f4e67c2db3b918f93ed386890eb421b08da7db573229bb6b189d79bd7b6fdf7
2023-03-21 18:35:11,False,1.092e-05,6.058e-10,60000000.0,0.3634,0x51...0ca5,https://etherscan.io/tx/0xfbc603625c7f68e3ebd82d27d76b0f104d6beedb78130833ee0aa47ee82f3e9c
2023-03-21 18:34:35,True,1.1e-05,6.095e-10,45147240.0,0.2752,0x18...0902,https://etherscan.io/tx/0xc1418bedb67d00658d9cfb7c31b88a1f71557ea5e340bb4058b4bf51734fba31
2023-03-21 18:30:11,False,1.092e-05,6.059e-10,50000000.0,0.303,0x81...5fa4,https://etherscan.io/tx/0xd96e9137a1d814eedcd43bc5ac2f2271121143892aff096cba3da37ebf93862b
2023-03-21 18:22:47,False,1.096e-05,6.066e-10,18027252.0,0.1093,0x40...28a7,https://etherscan.io/tx/0x7f61847625d870dd9eef37501b8fcad559774b7a332a723a8924dcb9de56b8eb
2023-03-21 18:19:35,True,1.102e-05,6.102e-10,18166429.0,0.1108,0x0c...4b32,https://etherscan.io/tx/0x3d3ae2fc8210eca012ca2529fef19761b90ffb291d3e29c3d65fb35d065743d4
2023-03-21 18:16:47,True,1.097e-05,6.074e-10,282454583.0,1.7158,0x43...9672,https://etherscan.io/tx/0xf0df02256560e9b8028f5f69dcd014f7b22442715f5921bf5d20929abf181dc2
2023-03-21 18:13:47,True,1.088e-05,6.021e-10,287285625.0,1.72998,0x2a...06a6,https://etherscan.io/tx/0xeb753c51a470a4e6ef9ed57bf65cce1f57534214666c0245b1399261ad4c37b7
2023-03-21 18:00:23,True,1.086e-05,5.994e-10,11985661.0,0.0718,0x10...5200,https://etherscan.io/tx/0x5589e00f2447df19459b2deed2cb911c17ab809c8d5a2c5b45788f7b5439238f
2023-03-21 17:56:11,False,1.081e-05,5.958e-10,13353617.0,0.0795,0xaf...eb9a,https://etherscan.io/tx/0xc935e8c402de54ce486d9e13ee23812751737d2862dddc26a334c0401872e49d
2023-03-21 17:54:11,True,1.087e-05,5.99e-10,54603434.0,0.3271,0x2c...9965,https://etherscan.io/tx/0xe53a71b88c1fb238f32347c0f99b2112b17b7e1bf16812931d8ef3f43c326054
2023-03-21 17:50:23,False,1.079e-05,5.955e-10,63134306.0,0.376,0xb0...b529,https://etherscan.io/tx/0x2c238539c9acdd007f6a7525833c3421c68ea5fc04d66b0fec6b6c007a08b9a6
2023-03-21 17:48:35,False,1.079e-05,5.961e-10,7249854.0,0.0432,0x18...b91e,https://etherscan.io/tx/0xcf315e489958d7031a4af49d02dc75a5ea56e368c3ca06c691a804b752b43ece
2023-03-21 17:45:23,True,1.085e-05,5.981e-10,184430379.0,1.1032,0x5c...d3e8,https://etherscan.io/tx/0x40c800b3811a535b91579add060184bd391335d2ca29530dc5523d430fe800e8
2023-03-21 17:43:11,True,1.083e-05,5.964e-10,4908539.0,0.0292,0x5e...8b17,https://etherscan.io/tx/0x407f2793a479b1b096f540ba305faea4f1a2a26cf2e7f7acd01d18e8569cf15b
2023-03-21 17:41:23,True,1.08e-05,5.963e-10,6482631.0,0.0386,0x6a...6b16,https://etherscan.io/tx/0xe7b2e156d0abb4b093d253a30b73d1ee94de8261f5df21bed75536292f73d9f5
2023-03-21 17:32:11,True,1.082e-05,5.962e-10,2465397.0,0.0147,0xca...a2f7,https://etherscan.io/tx/0x7c06b93bed8a7658dfe6b5e5173c95cbdf82bd25c701c530094e696cb14b1bc5
2023-03-21 17:31:11,True,1.083e-05,5.962e-10,123534.0,7.365e-05,0xca...a2f7,https://etherscan.io/tx/0x8282a2e74dd6c25611ce33a5cbc4a20500239886e06b54405cb31ebf008d12c3
2023-03-21 17:18:59,True,1.083e-05,5.961e-10,11704935.0,0.0697,0xdc...ea8b,https://etherscan.io/tx/0x80cc722ae4ce9e189a673cb385816f61ba4fe5401032f200537c8e21bf41c8b3
2023-03-21 17:18:59,True,1.082e-05,5.958e-10,15406023.0,0.0918,0xdc...ea8b,https://etherscan.io/tx/0x80cc722ae4ce9e189a673cb385816f61ba4fe5401032f200537c8e21bf41c8b3
2023-03-21 17:09:47,True,1.081e-05,5.957e-10,4159963.0,0.0247,0x91...f833,https://etherscan.io/tx/0xc06166cf7b02d20acbd29ed6255c3e642870ca6c5622dc3a918374f8456917d3
2023-03-21 17:02:23,False,1.074e-05,5.922e-10,16746553.0,0.0991,0x10...8e8d,https://etherscan.io/tx/0xed52915b85c335eaa71f85e85e46b6b8f87357af130407b77724f7cffa268260
2023-03-21 17:00:47,False,1.075e-05,5.928e-10,53014877.0,0.3143,0xf9...f1c4,https://etherscan.io/tx/0xc86ac5895f4c8b2280ee66c81eeb49e6c0b9093f36291f2d61c6a8fe49babc08
2023-03-21 16:59:11,False,1.076e-05,5.935e-10,19556629.0,0.116,0xf2...4d16,https://etherscan.io/tx/0xca6fff81299b6774c2990f45ea22bf5b846298932f6ef9d89abbb8ca5b8b9164
2023-03-21 16:48:23,True,1.083e-05,5.972e-10,3016307.0,0.018,0x4a...c3e6,https://etherscan.io/tx/0x76c6530e589e4a92b48bd93b47580358d9005bf36949f41964ed92cfb5f41726
2023-03-21 16:38:23,False,1.077e-05,5.937e-10,9908750.0,0.0588,0x56...d56c,https://etherscan.io/tx/0x998082150772983a7aa1c6ed69d63ba062f89d9680fe320ccecb8c6797bc46e9
2023-03-21 16:37:47,False,1.077e-05,5.942e-10,43388589.0,0.2578,0xc6...fed0,https://etherscan.io/tx/0xb3217d33d83cb756f10250c74df201bbe7acc9273af0c705fe02b8f014e631f5
2023-03-21 16:37:11,False,1.078e-05,5.947e-10,12561642.0,0.0747,0x86...b47a,https://etherscan.io/tx/0x01041c4c26766b40adcd3ebd64176c207bef263f2d1c93f5b17054304474ec32
2023-03-21 16:29:35,True,1.081e-05,5.983e-10,11596997.0,0.0693,0x1f...3ef9,https://etherscan.io/tx/0xf55e26930075420410bf8cab0332f95c41d0b78f1abb1695597327558da41e99
2023-03-21 16:12:23,False,1.076e-05,5.95e-10,49500000.0,0.2945,0xb6...4273,https://etherscan.io/tx/0x929b44ccdc8d2c5a9f78dead1dfa519c606d697d3008a8737775c46efe396a45
2023-03-21 16:08:47,True,1.083e-05,5.99e-10,9928576.0,0.0594,0xb2...9df1,https://etherscan.io/tx/0x1fe374bbff8217ce7aaff6dbb33190cff481b1905338d5e3cf6c9b7e3467f218
2023-03-21 15:27:23,False,1.072e-05,5.954e-10,5859758.0,0.0348,0x45...ab12,https://etherscan.io/tx/0x152c6580e7cf00e1054721f3f447a7ee74fe26fb860febc9fe9af262ed3c3c0c
2023-03-21 15:20:59,True,1.086e-05,5.99e-10,350027.0,0.0021,0xa6...6120,https://etherscan.io/tx/0xfda6df849242601a0ae17e8176aee1da75d7a8bea48bdb4da133140853802a95
2023-03-21 15:08:59,False,1.085e-05,5.969e-10,169550544.0,1.0122,0xf6...3b59,https://etherscan.io/tx/0x6763c860f8a9dfc5876e3ac2766232677840ee5fc4e03cb21b0aeeab9102f3a3
2023-03-21 15:05:47,True,1.094e-05,6.017e-10,37680948.0,0.2267,0xa9...e6d1,https://etherscan.io/tx/0x8f531e867479b48bf93635c1db1bd23c5afbb9cf40cd70f3f7f71137f8927b7e
2023-03-21 15:01:11,False,1.093e-05,5.995e-10,191264182.0,1.1468,0x5c...d3e8,https://etherscan.io/tx/0xb710bdded3203cf020e26bee5bc1ed33495b15923e2b2d19324a20a9fb524aee
2023-03-21 14:52:11,False,1.088e-05,6.013e-10,1919242.0,0.0115,0x01...ce92,https://etherscan.io/tx/0x1f051fd7573e6e8043b934f27d0c132319dc96007e16f0e2716d03ccd610bb15
2023-03-21 14:50:35,False,1.088e-05,6.014e-10,4927602.0,0.0296,0x65...72ea,https://etherscan.io/tx/0x46b425cb6237dbb7fe779cd54083f64b91ccb0cf2035af92ffa7874b36cb8f95
2023-03-21 14:44:35,True,1.091e-05,6.027e-10,250000000.0,1.50695,0xec...896e,https://etherscan.io/tx/0x3e75d422db18da18a19205f289ea4dafcaf4707377584b1ad66801f2663f007d
2023-03-21 14:33:35,True,1.088e-05,5.992e-10,132658393.0,0.7949,0x5c...d3e8,https://etherscan.io/tx/0xa9c16521f73bb5e00ac154c256189035a10ebfdb2e9f42dd05ea594bc0a2559c
2023-03-21 14:21:35,False,1.077e-05,5.945e-10,9971417.0,0.0592,0x68...1da7,https://etherscan.io/tx/0x23c57e9eb3a25a80cb759e859997a7fca3dfc734f58afaa4b348bba51e596186
2023-03-21 14:21:23,False,1.077e-05,5.947e-10,5871749.0,0.0349,0x73...9763,https://etherscan.io/tx/0x5a3654100d89a7e7001d644eb7aef4e22d08926261bc66d66304866f5691dde7
2023-03-21 14:06:11,False,1.078e-05,5.959e-10,2096013.0,0.0124,0x48...37bd,https://etherscan.io/tx/0x92de80fdb8e12c49ecf7d38b404ef5025a46ea4b0d88cb90d53531657bef3c62
2023-03-21 14:05:47,False,1.078e-05,5.962e-10,23720951.0,0.1414,0x18...1251,https://etherscan.io/tx/0x3002e1ae1fd304fc2f9c43b369b65407208961a19e8543cf4181509f9549519b
2023-03-21 14:05:11,True,1.085e-05,6e-10,98197.8,5.892e-05,0x74...d309,https://etherscan.io/tx/0x3ff71cf9dd3031be84099a56c1a88977e944e37fec6cb5a2d7d912efae049d05
2023-03-21 14:04:35,True,1.086e-05,5.999e-10,3671896.0,0.022,0x74...d309,https://etherscan.io/tx/0xa1d1ab77ddc2bfba8eec548a5f468d6c22f2494bb2f7d3196936f44fcd9fed4b
2023-03-21 14:02:35,True,1.083e-05,5.991e-10,83445284.0,0.5,0xc9...067f,https://etherscan.io/tx/0xd287bba10033d4d64c02f4d53d6c4a5e55f05da64a47509f9db1bb04f671b332
2023-03-21 13:59:35,False,1.078e-05,5.97e-10,243757000.0,1.45539,0x49...3fc2,https://etherscan.io/tx/0x8c4b7a0e651424b2d8429ffe007e6eb4f455de485f2cfce349687a9cfc0a5d57
2023-03-21 13:50:23,True,1.082e-05,6.022e-10,70283164.0,0.4232,0x4f...519f,https://etherscan.io/tx/0x38130bc4981f8c36a25bb9aae3ebbeab4b9e8540728d46a98ea823d9e2862262
2023-03-21 13:50:23,True,1.079e-05,6.009e-10,71266481.0,0.4282,0x4f...519f,https://etherscan.io/tx/0x38130bc4981f8c36a25bb9aae3ebbeab4b9e8540728d46a98ea823d9e2862262
2023-03-21 13:48:35,True,1.076e-05,6.002e-10,222544.0,0.0013,0x46...26f1,https://etherscan.io/tx/0x6af5b6d0f7f3d753d35bdb0516cdb0da2dfc8cb813b3b969d8b8b302ca527512
2023-03-21 13:44:11,False,1.065e-05,5.971e-10,47395409.0,0.283,0x9f...287a,https://etherscan.io/tx/0xd3b6b313bb1ba16486200ac9c9d72b4cfb059f14246b96c9e5fac1a5ca9abfe7
2023-03-21 13:40:23,True,1.067e-05,6.011e-10,1887010.0,0.0113,0x4b...9cf3,https://etherscan.io/tx/0x08f6177be4e919e24662ab6dcbaa0f3cae07f75e60c373e7d1030a233a603fa4
2023-03-21 13:37:23,True,1.064e-05,6.011e-10,512885.0,0.003,0x2a...c7c1,https://etherscan.io/tx/0x95f3df7949dd07a745d919c76dd55e9d9d642856697e8965d172bd4ac5447eb8
2023-03-21 13:36:59,False,1.057e-05,5.976e-10,10754908.0,0.0642,0xf4...2665,https://etherscan.io/tx/0xc88579d3966b47aeb06a0ddb3eb17f86a2621918145fe0955dea13ddfc04f9fb
2023-03-21 13:36:35,False,1.058e-05,5.977e-10,5667624.0,0.0338,0x22...83dd,https://etherscan.io/tx/0x4cc707a77cf1d51e4ae3171fb0e406c87cf052ae4d09da8e2d6e0ce7685c0522
2023-03-21 13:35:47,True,1.064e-05,6.014e-10,82410.5,4.956e-05,0xe8...7345,https://etherscan.io/tx/0x530597b945f6d46808cda3dcee4b33969468e115fcb5644695db9c039a7ccdd9
2023-03-21 13:30:59,False,1.055e-05,5.98e-10,24667397.0,0.1475,0x7c...aaa5,https://etherscan.io/tx/0xcc5b727724a5e61a5df5fdbe07f085fd4d6297b30c51757e38afe689b9c06bac
2023-03-21 13:28:47,False,1.056e-05,5.983e-10,12356699.0,0.0739,0xfa...166a,https://etherscan.io/tx/0xf0c1726f931a137a0f6c0982bbc9ce363c39a2d8bca13964d844c578f2ead950
2023-03-21 13:28:35,True,1.063e-05,6.02e-10,108659.0,6.542e-05,0x5d...f21d,https://etherscan.io/tx/0xa33156671afa9057a74fd50235851665f4439a0a48fa00661b84daa5a39d009f
2023-03-21 13:26:11,True,1.059e-05,6.02e-10,8232832.0,0.0495,0x3c...76a0,https://etherscan.io/tx/0x4c586a5fa5c1150f59a2d26549e7e10eab1304deb2547b7fd4df021e2014d08e
2023-03-21 13:24:47,False,1.053e-05,5.987e-10,43089109.0,0.2579,0x7d...7a89,https://etherscan.io/tx/0xb067b037b703fc8300a50caa78a1b394d7b7ec454bed9cf5c00732dffb20335a
2023-03-21 13:19:35,True,1.061e-05,6.027e-10,2277232.0,0.0137,0x5a...ad33,https://etherscan.io/tx/0x5b36084bfb20f7f4dce22e81f838fce29c75d0df9587d5d5d47aa0c009532aef
2023-03-21 13:08:23,True,1.06e-05,6.018e-10,87882223.0,0.5289,0xcc...d7eb,https://etherscan.io/tx/0xf876d14acf4c55f317d6a61e5f13d74c11781672fa7dc5d1f3a30a2a2798206d
2023-03-21 13:08:11,True,1.058e-05,6.01e-10,5011898.0,0.0301,0x56...e862,https://etherscan.io/tx/0x6e46f3df0b0e59e11cb7a8af3f8938735973c73c04a16fff482fdc06036ac2bd
2023-03-21 13:02:47,False,1.052e-05,5.974e-10,3722962.0,0.0222,0x42...278c,https://etherscan.io/tx/0xd7c8c3e4a126e3c1875cce7ab71871a7aec3d03f56f40c3a26d7a42f442956a9
2023-03-21 13:01:35,True,1.059e-05,6.01e-10,1867513.0,0.0112,0x61...bd09,https://etherscan.io/tx/0x699a0eb398dc51255a46c0814e955f7deccec86088d6f7d6910bd0f5cef149d8
2023-03-21 12:59:35,True,1.058e-05,6.009e-10,10619828.0,0.0638,0x64...a923,https://etherscan.io/tx/0x556e7d71baf12c84fb8ed2daa5734bafe44b2a99ff213a0312221503d2fc29ab
2023-03-21 12:48:59,True,1.057e-05,6.007e-10,2280748.0,0.0137,0xbd...2142,https://etherscan.io/tx/0x1a5f2068c8a5004ec201ba6428a999da16d7d60441b68fa8dd0b634b103a712b
2023-03-21 12:42:23,True,1.057e-05,6.007e-10,362994.0,0.0021,0x54...7680,https://etherscan.io/tx/0x54120a4f64fa3bcc014e9799ec38a96f05252814d9195afe76249721ef9aba1f
2023-03-21 12:41:59,False,1.05e-05,5.972e-10,10840243.0,0.0647,0x64...a923,https://etherscan.io/tx/0x9ca01c4888957a54d31515168069ca86d2c9f7062b1df0a7731866c866821be9
2023-03-21 12:40:47,False,1.049e-05,5.973e-10,3743558.0,0.0223,0x7c...aaa5,https://etherscan.io/tx/0x272774066036bdd2424d715a98176f17ecfc7a2474a90825780ae659009a5463
2023-03-21 12:29:23,False,1.05e-05,5.979e-10,60000000.0,0.3587,0xa4...7d64,https://etherscan.io/tx/0x226d8a6fbc3fe5eddb8f67fc930c05afe43b0f4e47111f017b2a45c8c50bd824
2023-03-21 12:23:59,True,1.057e-05,6.02e-10,9955889.0,0.0599,0x9e...c3d9,https://etherscan.io/tx/0x497663fff886d394caf57368776c4ece7fc8e3fbeb30913e4c3a15d558683fdd
2023-03-21 12:21:23,True,1.057e-05,6.019e-10,1672999.0,0.01,0xcc...aacf,https://etherscan.io/tx/0x9d6355b69e0ca6906583d8e0563eeacbcbb79cc21ca0897310252440aac83e39
2023-03-21 11:57:35,True,1.058e-05,6.019e-10,1307086.0,0.0078,0x30...7ced,https://etherscan.io/tx/0x8dda12927226b7eb913635e1ffeef86cc65863c157045f6218e63e9c62fb0474
2023-03-21 11:48:11,False,1.052e-05,5.986e-10,40342452.0,0.2415,0x5d...8d8e,https://etherscan.io/tx/0x77ffd6f8bbd5345217a26bc2a3cc4106ac77361089b8513171eb590736b0f05a
2023-03-21 11:37:11,True,1.059e-05,6.025e-10,7302083.0,0.044,0x3c...c086,https://etherscan.io/tx/0xb47d5ab64092ea15cb6be3ecd17a136674125d696b0e5f54fd9b865a695ad4ad
2023-03-21 11:21:59,True,1.055e-05,6.021e-10,39858319.0,0.24,0x33...f488,https://etherscan.io/tx/0x954c9871c51b422424035de14b5ab092eab389a2e84735b81e55abd852ebe786
2023-03-21 10:46:47,True,1.053e-05,6.006e-10,117659540.0,0.7067,0x5c...d3e8,https://etherscan.io/tx/0xe14180b45723d0a620ddeaef8c4e49ebcfbc9e398613713b726f037f045b8ff6
2023-03-21 10:46:23,True,1.051e-05,5.996e-10,71595.1,4.292e-05,0x0a...cc83,https://etherscan.io/tx/0xc729c0569ef511c54b7d1832944a648b84a7ed1ec4cfb2a7fd359308ad503f89
2023-03-21 10:35:23,True,1.04e-05,5.996e-10,519.467,3.114e-07,0xa9...33af,https://etherscan.io/tx/0xfee6808d9d5ed487e8e86014c8e4276d74c64cae04e7e4c26b35ccae29dc7a24
2023-03-21 10:28:11,False,1.035e-05,5.961e-10,12722895.0,0.0758,0x5b...d95e,https://etherscan.io/tx/0xdec81db283bfdcdf42636e6f7d06d4086d00747de6d67380cd99c9023153c056
2023-03-21 10:24:11,True,1.041e-05,5.998e-10,624023.0,0.0037,0x06...ba0e,https://etherscan.io/tx/0xad65cb16908d60ff1686dd8fe121c41c637b8455f893477cc52ff4473b56818e
2023-03-21 10:22:23,True,1.042e-05,5.998e-10,166715.0,0.001,0xb2...8850,https://etherscan.io/tx/0xcf1f302d104a8f2cef2022d3bbdf59b7bd7a3830148a6e77480ef582b1d1b6ab
2023-03-21 10:16:11,False,1.036e-05,5.965e-10,32914004.0,0.1963,0x2f...143b,https://etherscan.io/tx/0x49f8483872dabaca3c64d92e79ca3160b4341de32887d18df1dc9c4da3a94c06
2023-03-21 09:53:59,True,1.043e-05,6.004e-10,1736809.0,0.0104,0xa9...8966,https://etherscan.io/tx/0xf5978590788d7cf6a97f4cfee269f02eb9261eb100eb84bc8b235fd1977f34dd
2023-03-21 09:28:35,True,1.038e-05,6.003e-10,2472213.0,0.0148,0xa4...e70f,https://etherscan.io/tx/0xaa102321c074d1cc1981c1ed12d2f0a3285a2154c89934040433fe341e582bcf
2023-03-21 09:23:59,False,1.033e-05,5.978e-10,124246870.0,0.7428,0x5c...d3e8,https://etherscan.io/tx/0xaa0ebc609b01771ebd6848f26fa8a9a5ee13649355c2251e933e79ff714d3723
2023-03-21 09:14:23,True,1.042e-05,6.024e-10,20063411.0,0.1208,0xab...798f,https://etherscan.io/tx/0x2cef0db72721e18e544fb2e47fd69811503f9cafd3ee1f36541f48998ec74780
2023-03-21 09:14:11,True,1.042e-05,6.022e-10,175750.0,0.001,0x57...ede1,https://etherscan.io/tx/0xe85ad35cebf8051bf43977be4b863110df4eb272ec40154ac9a5323b101b8bcb
2023-03-21 09:13:11,False,1.036e-05,5.987e-10,16020942.0,0.0959,0xb0...7cc9,https://etherscan.io/tx/0xfb069a460b617fa04c948395bd81ae1cc02cd72addb2f8e4474e9e61adfe73e2
2023-03-21 09:08:11,True,1.043e-05,6.025e-10,473714.0,0.0028,0xb7...528f,https://etherscan.io/tx/0xc7ab0e8e63113ac2709f15a66b508f8c3d69921e3e7c750759422fb77f34eab6
2023-03-21 09:05:23,True,1.042e-05,6.025e-10,3691905.0,0.0222,0x5c...13a3,https://etherscan.io/tx/0x18cbe8efe7368a28e75ff28a2daa20b96383a33bf73f3fa5e729f86bb4f0c816
2023-03-21 09:03:23,False,1.036e-05,5.989e-10,9000000.0,0.0539,0x18...2007,https://etherscan.io/tx/0xd85c4b28513f1afa15f792c5bbb7a2d77237709b4ff290ce5395945b39cecba5
2023-03-21 08:58:35,True,1.042e-05,6.025e-10,6158058.0,0.0371,0xa5...8c79,https://etherscan.io/tx/0xcf406c6a34877a60b553423f41dbbd23813e77865337f140fb330fe53c42dabb
2023-03-21 08:48:23,False,1.037e-05,5.991e-10,26132118.0,0.1565,0x4a...2f5d,https://etherscan.io/tx/0x03c3173a27606beb576903781e480999a44b59b9b35bce31e31d3df61f8a1cc0
2023-03-21 08:46:11,True,1.042e-05,6.029e-10,821938.0,0.0049,0xae...1f14,https://etherscan.io/tx/0x088c32ab9f4f83926261909f8d757953743c524180ec404581353c0f3437f3a0
2023-03-21 08:44:23,True,1.042e-05,6.029e-10,4787431.0,0.0288,0xb9...c90d,https://etherscan.io/tx/0x9b215a18b516c200cfd7d0f16cb318692e0d737ca2daa97b92f783fb3cc82abf
2023-03-21 08:36:11,False,1.038e-05,6.004e-10,126386792.0,0.7588,0x5c...d3e8,https://etherscan.io/tx/0xb2750a8d9526688d70e343fd9ee0a654fbb1f5bedf586a7bc7fdca56638ce67e
2023-03-21 08:09:59,True,1.044e-05,6.047e-10,50229736.0,0.3037,0xc6...fed0,https://etherscan.io/tx/0x6c3d51bcc95944a73a2240cfcc686e011e75236844633c48636772b18e4c54d4
2023-03-21 08:08:59,True,1.044e-05,6.043e-10,38921.1,2.352e-05,0xe4...c5a4,https://etherscan.io/tx/0xdda7137e76195772b5ac3173a12abf38271782efd463e2617955b24f9d6ea62a
2023-03-21 07:59:11,True,1.051e-05,6.039e-10,42313829.0,0.2555,0xf6...3b45,https://etherscan.io/tx/0x501e371ef7bac8201a158c136432efe42c90d8c96f87fd30e7e041b9563a6531
2023-03-21 07:54:35,False,1.048e-05,6.012e-10,150377831.0,0.9042,0xd2...6864,https://etherscan.io/tx/0xa87fb182c45aa961ee1849a2a15b8fb84eb338f43740ad8da0f281c195634aac
2023-03-21 07:52:23,False,1.05e-05,6.026e-10,1000000.0,0.006,0x98...800c,https://etherscan.io/tx/0xe6b852849d89b39af5210a07f261e0ebe27cc1e02b88ef524fc7773d28e4e7cf
2023-03-21 07:51:35,False,1.05e-05,6.027e-10,8484840.0,0.0511,0x67...9bc8,https://etherscan.io/tx/0xddcfa1db1db3d862fe8c7e18be5dd3c2f96e176a29bb6069c003d1cf1db59b7c
2023-03-21 07:49:11,False,1.05e-05,6.028e-10,5632937.0,0.0339,0xeb...6353,https://etherscan.io/tx/0x5eb81f3bd5d5c2940be51aef0f7c003b41bd92443c3ec582ef72795bbf73b84d
2023-03-21 07:48:11,False,1.051e-05,6.029e-10,3124350.0,0.0188,0x79...0fa0,https://etherscan.io/tx/0xb08e0110a23315aae7a7f2a91b94a70aa5e357368d9e7e168538e4f7fefbd6c6
2023-03-21 07:30:23,True,1.055e-05,6.065e-10,4228993.0,0.0256,0x00...b0af,https://etherscan.io/tx/0x29f1c937368a92f407cbe5546a9eedd846ce65b4bd5dc3cbc122c00492c59e81
2023-03-21 07:20:23,True,1.052e-05,6.053e-10,133875765.0,0.8103,0xa4...52aa,https://etherscan.io/tx/0x4e3c7c5f7d6c39245c0261e4082cf44305439ca43212c3278556bd60e2b5ff54
2023-03-21 07:10:11,True,1.049e-05,6.039e-10,14051158.0,0.0848,0x78...51bf,https://etherscan.io/tx/0x1d6b42835abb19c9a9ec5e9da2a3fd702f39a73757c4beb19bf11cebf157186f
2023-03-21 07:08:11,True,1.048e-05,6.038e-10,910893.0,0.0055,0x16...f77b,https://etherscan.io/tx/0x56ba43981ff30bb0e58214dc53ac143f467c77690ba42c69fd6601cb8a800663
2023-03-21 07:07:59,False,1.042e-05,6.003e-10,16931886.0,0.1016,0x78...51bf,https://etherscan.io/tx/0x34eff5e179558cc54aa9493c7ee4b5c9b57d9cf0a0bc970497d0ab063c58d113
2023-03-21 07:03:47,False,1.043e-05,6.006e-10,12398672.0,0.0744,0x6b...539f,https://etherscan.io/tx/0x2a5f049ea114608df9b7f818668d0cf287ea5c0ef70c86fb98dd209f388d5a23
2023-03-21 06:55:11,True,1.051e-05,6.043e-10,161060.0,9.733e-05,0x3b...ac36,https://etherscan.io/tx/0x70e03af1d9f03db4e82b1dda260e83e67466492d680acb23718dc729cdd3ebd8
2023-03-21 06:54:35,False,1.044e-05,6.007e-10,1406514.0,0.0084,0x98...fe99,https://etherscan.io/tx/0xaacff48e132ec7f0b1445ed32f9e93e2563d67977a573556a23a6592e7c1fb75
2023-03-21 06:49:23,False,1.045e-05,6.012e-10,56431444.0,0.3393,0x15...77d6,https://etherscan.io/tx/0x47260a0bb21fcb9def1472230d5b3358e35c987431066698553b09ed74d7cd33
2023-03-21 06:46:35,True,1.051e-05,6.053e-10,1876878.0,0.0113,0x22...8638,https://etherscan.io/tx/0x84aa34c9d91b8dba4d805e5aa21d4606a3d8bb430bef882b4ef4fa07956d489f
2023-03-21 06:39:59,False,1.047e-05,6.018e-10,9970000.0,0.06,0x7c...8337,https://etherscan.io/tx/0xc03029fda2cf7aecbf9d832d351f14e52c73b3af2e2d5d412f9d2d8949140884
2023-03-21 06:38:47,True,1.053e-05,6.055e-10,3137781.0,0.019,0x81...8796,https://etherscan.io/tx/0x8521832f62b4ce84753f71f11797f6ed75398f5333ea90017661109368eee8a9
2023-03-21 06:38:35,True,1.053e-05,6.054e-10,330310.0,0.002,0xad...6596,https://etherscan.io/tx/0xa28e9b60d9f0b158e85f364cc97e85c6b3f1d5efb6bb61eda484da0e4d230642
2023-03-21 06:25:47,True,1.056e-05,6.053e-10,14409744.0,0.0872,0x37...b589,https://etherscan.io/tx/0x053c584662a610961f774fc2af130f0f8e7b51d7e0376871840f3f382d3677c9
2023-03-21 05:53:23,False,1.052e-05,6.016e-10,1388683.0,0.0083,0x37...ae13,https://etherscan.io/tx/0x5b9c8ec9e307be8bd5480912f3c2f6376c2c4c9a99e7fe1f43538f27dbce49bd
2023-03-21 05:48:35,False,1.051e-05,6.016e-10,1196388.0,0.0072,0x37...ae13,https://etherscan.io/tx/0xf79c9cbf821d981a0151acdec55fff5a1c16423277147c7878649301dae93b55
2023-03-21 05:47:47,True,1.057e-05,6.049e-10,30744273.0,0.186,0x8c...e2b8,https://etherscan.io/tx/0x90257f548285f72eda16136cf48fb874a0228484cc7a2c8e88b2db06b6772970
2023-03-21 05:45:35,False,1.051e-05,6.011e-10,3712949.0,0.0223,0x00...2f60,https://etherscan.io/tx/0x0b974e3b073e10605d331f964df75391c7e8e7b4f12edb3450b6164ce3323cbd
2023-03-21 05:37:35,True,1.058e-05,6.047e-10,4752962.0,0.0287,0xff...44a3,https://etherscan.io/tx/0x170af8dea334cb9c3dcb35e875f5cb0ed8ecee2f699d929b9d53c6dff1e72983
2023-03-21 05:19:35,False,1.051e-05,6.01e-10,3630019.0,0.0218,0x0d...96ed,https://etherscan.io/tx/0x9bfb3de1461e79ca2d1483df4facb02f1ee2b9baf0a0e4c1d6501b3515365893
2023-03-21 05:19:11,True,1.057e-05,6.047e-10,721220.0,0.0043,0xf4...735c,https://etherscan.io/tx/0x7b0615cffdcb50d7abe07bfa925a28dbd8b778a14a7fca693500799c3916fbc8
2023-03-21 05:18:47,True,1.057e-05,6.047e-10,2622754.0,0.0158,0x05...0bb5,https://etherscan.io/tx/0xb144facdde6aa17c24cd12785d1835957941bba5bd5e8fa5cd869c080da7424e
2023-03-21 05:09:11,False,1.05e-05,6.01e-10,1531863.0,0.0092,0x54...0a52,https://etherscan.io/tx/0x6a3bb470e2416743f5170083fcfd6737dfe6667047d5cd1b0e4cb85c722481ae
2023-03-21 05:08:59,False,1.05e-05,6.011e-10,3118066.0,0.0187,0xbe...b35b,https://etherscan.io/tx/0xe2e10cdb6e7a56f3375e0f4ca6e9e9c6bafddba8f6a0754803685258747e1a36
2023-03-21 05:07:47,True,1.056e-05,6.044e-10,33737067.0,0.2039,0x94...12d7,https://etherscan.io/tx/0x1d90ed49c34355f145515cf1608172d62058a139a24af1c6e35ff0c76cf78998
2023-03-21 04:58:35,True,1.053e-05,6.041e-10,2056090.0,0.0124,0xce...d6e7,https://etherscan.io/tx/0x26053d6b305fc8d01000088bf56b4dbd10e2fdb3bda13c9110f88a8f0915baee
2023-03-21 04:46:59,True,1.051e-05,6.026e-10,152869741.0,0.9213,0x26...3b2e,https://etherscan.io/tx/0x0838579273877937e6ac1b81195a6a5133463e222f6c3cc61c5f52d5ebbb16bf
2023-03-21 04:42:47,True,1.049e-05,6.012e-10,2390282.0,0.0143,0xd7...2f69,https://etherscan.io/tx/0x4080057c325dddce62317a96cf550be90e54b2c59c813157fafd6f26b785fabc
2023-03-21 04:40:47,True,1.048e-05,6.011e-10,6978721.0,0.0419,0x6a...b83a,https://etherscan.io/tx/0xfeb951301b3fa63b66d587101dde03db7f8055cdadc35e89c04a7e0959dd093d
2023-03-21 04:40:11,True,1.048e-05,6.011e-10,578708.0,0.0034,0x56...6e5f,https://etherscan.io/tx/0x206ab02bd20af93993739c6ae0c1d0fb16a73ecafdf35def8f75b2f73c877559
2023-03-21 04:35:23,False,1.042e-05,5.975e-10,1769076.0,0.0105,0x05...93c8,https://etherscan.io/tx/0xed2e35828e853844b8f5fc583b0b86d33b0dfbbd6a826c10350484dac1aac943
2023-03-21 04:31:23,False,1.042e-05,5.975e-10,1092807.0,0.0065,0xe4...9fd3,https://etherscan.io/tx/0x4805bcda0abe1dde94dfb5cb9d181a9559292b7092292756babca5ce432a56e0
2023-03-21 04:25:59,True,1.048e-05,6.007e-10,45706681.0,0.2745,0x2e...8c81,https://etherscan.io/tx/0xdbd28e13dcf0976fd02a2144624925cc792a3a2d6d26c36adc4a9be21d39f591
2023-03-21 04:14:11,False,1.044e-05,5.971e-10,50000000.0,0.2985,0xf8...ab0a,https://etherscan.io/tx/0x2ecbb6ca752fb9251e0747eb7489ce844598ee2b37ea297f7a84e270e48824ef
2023-03-21 04:06:59,False,1.045e-05,5.977e-10,9193290.0,0.0549,0xf2...408d,https://etherscan.io/tx/0xfb505a43dbc7aaeb0e47d6c3dbf41e4cf55924313f6b450a6e80d9e1291dc980
2023-03-21 03:49:47,True,1.053e-05,6.013e-10,108626.0,6.532e-05,0xbd...3db4,https://etherscan.io/tx/0x3009c2885b46ab51a24cd99661f6dae06da599517eee5554a91273ee0980ec97
2023-03-21 03:48:11,False,1.047e-05,5.978e-10,1409035.0,0.0084,0x66...c5cc,https://etherscan.io/tx/0xbde1a89a7280fabbaf9597c7f6a1f4172964df37affa3c84429ffa09874a652a
2023-03-21 03:42:11,True,1.053e-05,6.013e-10,4988540.0,0.03,0x00...0906,https://etherscan.io/tx/0x3faff5457cf6e3c50b3d48562f5db6d5cbf14f7387c0c7f9b311723798e59558
2023-03-21 03:40:23,False,1.047e-05,5.978e-10,10887080.0,0.065,0xbe...6985,https://etherscan.io/tx/0x28b17e2656b6e367e24d780fb1509721d725954db5d9964f6d81b5b1fcb3e147
2023-03-21 03:39:35,False,1.049e-05,5.985e-10,71256746.0,0.4265,0x00...fc5f,https://etherscan.io/tx/0xf13514ce6dd291d356a83cfb542a93ef8445931459d8dd5d87310a11a28ac18d
2023-03-21 03:25:23,True,1.055e-05,6.028e-10,72783.2,4.387e-05,0x27...0add,https://etherscan.io/tx/0xa5b1c2c5dfd2a2a3701016d3510f7e1903ebde2fdd0bf39c2b1d73202ae28807
2023-03-21 03:17:11,True,1.054e-05,6.028e-10,2739785.0,0.0165,0x00...3e3b,https://etherscan.io/tx/0x1464a8cf479f4b54868e812820ed17d891af53a98bad6cf55c816eadc83868df
2023-03-21 03:12:35,True,1.054e-05,6.025e-10,30296916.0,0.1825,0xdf...5451,https://etherscan.io/tx/0x59d7f7a99cc070a0fa799a26aee391e070b61965243d80d9e2296cce6aee08bd
2023-03-21 03:12:23,True,1.054e-05,6.022e-10,468387.0,0.0028,0xf7...90eb,https://etherscan.io/tx/0x98cb5e824a6b04b67dde3b24bf674b1132ec14dee99d22fb2e338fc51a58dbc3
2023-03-21 03:11:35,True,1.053e-05,6.019e-10,30265920.0,0.1821,0x37...2e8e,https://etherscan.io/tx/0xa9a401059d560da19e4992cfeb0de1b9990e554ee2cd8b87134bcb034bf9bd95
2023-03-21 03:08:59,True,1.053e-05,6.016e-10,49193.4,2.959e-05,0x00...09a1,https://etherscan.io/tx/0xdcfd1eba0dbefd7e46fcb8a02b93425dd71986abd705a62eaade144715792dad
2023-03-21 03:08:59,True,1.053e-05,6.016e-10,1864211.0,0.0112,0x8c...da41,https://etherscan.io/tx/0x7088e1a62ce932aa3a1d99702297934a41e622d0a370d1dcd2603dbec799a6f2
2023-03-21 03:02:59,True,1.054e-05,6.014e-10,14311376.0,0.086,0x30...65ce,https://etherscan.io/tx/0x02652ae0c5269217aa49b04ce731d1400157f6c9bb333dc0f59b72031a016b36
2023-03-21 03:02:47,True,1.053e-05,6.013e-10,345326.0,0.002,0xbc...6393,https://etherscan.io/tx/0xbd0ee3db0e5976d338ff19a1d963549865f2b5341b04fb59a9af13de9184b598
2023-03-21 03:00:23,False,1.047e-05,5.977e-10,2045997.0,0.0122,0xc8...c9c8,https://etherscan.io/tx/0x42ae1be8f8f245985fdd916538092c3e2ea9b2a8ebbc22a765ba518402121683
2023-03-21 02:58:47,False,1.048e-05,5.982e-10,50260864.0,0.3006,0x6e...289b,https://etherscan.io/tx/0x677c3963958f2d0df7b4685981d78a9f125e63b42aa5dc459e27969b0fc127af
2023-03-21 02:53:35,True,1.056e-05,6.022e-10,2945753.0,0.0177,0xb3...f092,https://etherscan.io/tx/0x1c38459e4738bc16df94adb725d945ce5a791121e7e8b3ed2b7c8cce8acbc9e7
2023-03-21 02:53:11,False,1.05e-05,5.987e-10,14700000.0,0.088,0x11...7320,https://etherscan.io/tx/0xbfd4ab3991f4b0bae7bb745180d75c37dc8155c3e857882a3ee08c1196fa36b6
2023-03-21 02:52:11,False,1.05e-05,5.989e-10,1070481.0,0.0064,0x6a...b92d,https://etherscan.io/tx/0x099863b00e6365eb9e9f78f29a0614db7aa004879f343e56233fb78a964cee11
2023-03-21 02:49:11,True,1.056e-05,6.024e-10,9361829.0,0.0564,0xb1...f699,https://etherscan.io/tx/0xb15faf9bd902bb820daa820b30baa82a3667afdd3f21b40e77c849ecadcf096c
2023-03-21 02:43:35,True,1.055e-05,6.023e-10,4723185.0,0.0284,0x73...2b04,https://etherscan.io/tx/0x3ca263ed78750efe459a695c80643fb5520df7c9796dd34a06d4a321b5ab5947
2023-03-21 02:41:47,False,1.048e-05,5.987e-10,4618530.0,0.0276,0x5c...1345,https://etherscan.io/tx/0x1c13cdd02d0622146551f444ba37759ae34ea4cb339488b3d911d4bed67bb3ba
2023-03-21 02:36:35,True,1.051e-05,6.023e-10,544430.0,0.0032,0xdd...dfa8,https://etherscan.io/tx/0xdc611edf79eaee9f934e776118ea3019a2560a04c1d3efbb9f6040e557f5a828
2023-03-21 02:35:59,False,1.045e-05,5.988e-10,8376883.0,0.0501,0x1c...23f3,https://etherscan.io/tx/0xd0ac95a0af3fdfdab3102157ac56969626f9cb741d44bd6669ef312596b4547e
2023-03-21 02:32:11,True,1.05e-05,6.025e-10,847246.0,0.0051,0xe8...eff5,https://etherscan.io/tx/0xcc5029facab6c4b02c98ba3ba26f41e8a6c3e243f1b3b1fb11694d1c4dd3e33b
2023-03-21 02:31:11,True,1.049e-05,6.02e-10,49829810.0,0.3,0xcb...633a,https://etherscan.io/tx/0xc31d88ac8bdecfc8aed5db9978133d7bcf2586fd43d4dc40a42a7e0616c82761
2023-03-21 02:31:11,True,1.047e-05,6.01e-10,61871324.0,0.3718,0x03...3485,https://etherscan.io/tx/0xe40c0ccd9a8989aa1639d914c5b9f82b11b50f5fa5b22259e07060c5836c336f
2023-03-21 02:30:59,True,1.047e-05,6.004e-10,3780626.0,0.0227,0x2b...250e,https://etherscan.io/tx/0x95bf74915c3ca592e6fc742e5a771fec8d69425bd51f1f140c56dbcaea6bce02
2023-03-21 02:28:11,True,1.047e-05,5.999e-10,51674343.0,0.31,0x31...d1d5,https://etherscan.io/tx/0xdae221b6f0c8692a537fead293b769423e818e1f07b270c95ca343dbcf089aef
2023-03-21 02:19:59,True,1.045e-05,5.992e-10,18889865.0,0.1132,0xbe...bf45,https://etherscan.io/tx/0x9bdee67ba4d151cacc5b24a010058b95ff6dfe6b55d0c5e9a38380d712848c47
2023-03-21 02:14:47,False,1.042e-05,5.984e-10,323918511.0,1.93851,0x3c...858e,https://etherscan.io/tx/0xb80bc58e3cd61c0dafeb54714c91e954e013db7e49acd991776ea54cc491ded6
2023-03-21 02:13:35,True,1.054e-05,6.05e-10,930542.0,0.0056,0xbb...29c4,https://etherscan.io/tx/0x12f7ec13e8819349b0410c391c6c19debb31a620672b1446fe67caf134d538b2
2023-03-21 02:12:47,False,1.05e-05,6.014e-10,4419872.0,0.0265,0x60...113a,https://etherscan.io/tx/0x6b8ed34a7184615b83945d8dde991851d1dc2b9dd57da4a78f419475ed4f2222
2023-03-21 02:10:47,True,1.056e-05,6.05e-10,5917829.0,0.0358,0x95...f203,https://etherscan.io/tx/0x19e0c3f30469710be26cbaaf581f448e938ef34c642f90948d9244deb2ecd690
2023-03-21 01:45:47,False,1.051e-05,6.013e-10,2468669.0,0.0148,0x19...e723,https://etherscan.io/tx/0xb5140374c91594bb967c4e18ccb68bdfdf84168edc26effb9d3a8403ae3a36ce
2023-03-21 01:44:47,True,1.057e-05,6.049e-10,6579475.0,0.0398,0xe2...8518,https://etherscan.io/tx/0xd1c13e7d6f3400c644d730b7e49e30b03e79c2271adc6bd53c0f15f98f8b90d8
2023-03-21 01:44:23,True,1.057e-05,6.048e-10,7289490.0,0.044,0xcf...8d49,https://etherscan.io/tx/0xe770f859916255ea53c38847eca0ee079476a5718be57cd4082dfb4e346458dd
2023-03-21 01:37:35,True,1.054e-05,6.047e-10,7320274.0,0.0442,0xeb...973e,https://etherscan.io/tx/0x70c8e654b19437c34069a830b1da2f18ac823fc753e1aae1d4ac41d4e0eabf43
2023-03-21 01:34:59,False,1.047e-05,6.01e-10,7217614.0,0.0433,0x10...737f,https://etherscan.io/tx/0x4246188a60c88289039ec500dfbc5905043a81a6904e69e4654f9d617f2c10cf
2023-03-21 01:32:47,True,1.053e-05,6.047e-10,2147.04,1.298e-06,0xaf...94ec,https://etherscan.io/tx/0x4e22a5333c6bf7851d4f9b648dda059429f0e6c38300a92bb5d3dac4c6bb89b9
2023-03-21 01:23:35,True,1.051e-05,6.047e-10,327806.0,0.0019,0x38...a6aa,https://etherscan.io/tx/0xad4bd1a715acbf9cae1ff6ca1ac2feeb72e92a901dc843967323ebb96cd9d727
2023-03-21 01:21:23,True,1.05e-05,6.044e-10,32797229.0,0.1982,0x37...3cc1,https://etherscan.io/tx/0x597a4c61954ba61ca2935d2158c8a5d4b19e9350f89087f82ac81e79795df0a4
2023-03-21 01:20:59,True,1.047e-05,6.027e-10,152047270.0,0.9164,0x60...ab2f,https://etherscan.io/tx/0xece33d5ffd9b0f7e6b1a28072b8e48ea533c370e8c057613e5eac4d666841353
2023-03-21 01:13:35,False,1.039e-05,5.996e-10,210000000.0,1.25933,0x22...b7ae,https://etherscan.io/tx/0x0c3a3af0dfbdc752b7edd03de8b3080cd9ccb7dab53970e2279f671067bd8d0b
2023-03-21 01:10:11,True,1.047e-05,6.05e-10,20798572.0,0.1258,0x9b...020a,https://etherscan.io/tx/0x6b09ee093cc3f8cbc86afdc290cee0814850e745a3066bd5f8bba5ad319e945a
2023-03-21 00:59:23,True,1.048e-05,6.047e-10,10089739.0,0.061,0x37...4957,https://etherscan.io/tx/0xed4cb40388979a22b577504dc4b90b3f486a757caa6f1e31063b6d14d64767ee
2023-03-21 00:57:23,True,1.046e-05,6.045e-10,9280595.0,0.0561,0x7a...dced,https://etherscan.io/tx/0xaa5f32dc40d10e3d394a2f438eb0c2e6c0eef0f796cc385581ff7f63ac7a6dda
2023-03-21 00:52:11,True,1.044e-05,6.044e-10,568636.0,0.0034,0xce...71ce,https://etherscan.io/tx/0x5337f0244f4279f22a02358c8414e362324f12dd58e0138bfbd6501530619d7e
2023-03-21 00:51:23,False,1.038e-05,6.01e-10,16674995.0,0.1002,0xbd...6138,https://etherscan.io/tx/0xe5d51f387878ea3f5bee3b09690fd6a72cede946554cc5dd1e3740fcde67badb
2023-03-21 00:49:35,True,1.045e-05,6.046e-10,13064473.0,0.079,0xbd...6138,https://etherscan.io/tx/0x4a1dbe616394295f74a3f2339820413417062ec5e7e17408f1acc057e703d420
2023-03-21 00:30:23,True,1.047e-05,6.045e-10,98526.5,5.956e-05,0xb7...bb6c,https://etherscan.io/tx/0x682813a429878cef43df8ac39da9b1a06f0395f7a91d900068f209cbf3f80ec8
2023-03-21 00:28:11,True,1.045e-05,6.045e-10,2331093.0,0.014,0x68...d235,https://etherscan.io/tx/0x9b6710220f162b5468816b331b9cf0aad315b45ef13cd4171811a46e2d80b96b
2023-03-21 00:22:23,True,1.046e-05,6.041e-10,39726666.0,0.24,0x82...2bbb,https://etherscan.io/tx/0x8059d13b17a9a91af57b6864c8d8a3363d8d68fbe70c3cf6c87a7ac106667e15
2023-03-21 00:20:47,True,1.046e-05,6.037e-10,93830.5,5.665e-05,0xed...8f73,https://etherscan.io/tx/0x2892a09aa62f1012692a4c1b4ad7ecb6a5dc4a26ffe4de6caa985eeb4daab224
2023-03-21 00:19:23,True,1.046e-05,6.036e-10,14270970.0,0.0861,0x0b...100b,https://etherscan.io/tx/0xf7529888dfb146a84a1da944a9ecc0afe79d6fda583d05aa9104de5e52708228
2023-03-21 00:16:23,True,1.045e-05,6.034e-10,9525387.0,0.0574,0xbb...8a26,https://etherscan.io/tx/0x84fec2dedb0a4dfa55788cde0817dbcb64abe0d2d00ca25206397d37605b6f5b
2023-03-21 00:11:23,True,1.049e-05,6.018e-10,155653730.0,0.9368,0x00...4b1c,https://etherscan.io/tx/0x1d2cd1e4eb085d841dea894b0995b228594f5a20ebe6f38e2ad9d210525377b5
2023-03-21 00:05:47,True,1.05e-05,6.004e-10,902095.0,0.0054,0xa6...6120,https://etherscan.io/tx/0x8f4320d9bb75633e405a7a016bba0dcc7001abef91e7c97d98d9b3b853108611
2023-03-20 23:52:11,False,1.043e-05,5.971e-10,30545642.0,0.1823,0x40...18a9,https://etherscan.io/tx/0xf9fc3e05e9eb30c30c05d16579ba73718c0e735093f4cc297ede8e9450b5dc91
2023-03-20 23:51:11,True,1.05e-05,6.009e-10,2459199.0,0.0147,0x53...47c6,https://etherscan.io/tx/0xed6af8099e57cbc2703d324deea64bf17aba276101d1990f9fc0d399bd0e31a5
2023-03-20 23:43:59,True,1.051e-05,6.007e-10,18851689.0,0.1132,0x44...1c21,https://etherscan.io/tx/0x6ecff3402aaff407636f0c8b009ce3ce89172a0199d679acb8f1c40baeef280b
2023-03-20 23:41:47,True,1.049e-05,6.002e-10,33906244.0,0.2035,0x44...1c21,https://etherscan.io/tx/0xd7d454257b6f329bacb90c68e0840cb0bd3ef61d3cefc12dfc6b4781627d99d9
2023-03-20 23:37:11,False,1.042e-05,5.964e-10,9298672.0,0.0554,0xc4...7160,https://etherscan.io/tx/0x38d655d563a11f013b28c9cb5dddb6303fd657dccc907d016d3f88fdd3fa3b2b
2023-03-20 23:34:23,False,1.042e-05,5.966e-10,5171510.0,0.0308,0x94...950a,https://etherscan.io/tx/0x11093edb635f364b61f552c29896d33b8c731f96b9867b1a23c298c47f6fcce2
2023-03-20 23:31:59,True,1.049e-05,6.002e-10,3021297.0,0.0181,0x05...93c8,https://etherscan.io/tx/0xbfcc9244fdba50fdb2792f7f9a46dd41c4e500b9e586736c299cd7eb787954e9
2023-03-20 23:20:47,True,1.049e-05,6.001e-10,7477610.0,0.0448,0xbf...fb18,https://etherscan.io/tx/0xfa5bea1cd98b906f731ad076f89054d3edd27cb3db1a63079891568be73896e4
2023-03-20 23:15:59,False,1.042e-05,5.966e-10,20000000.0,0.1193,0xb8...08e9,https://etherscan.io/tx/0x57207b74959a405d6a8f24a92fc8b2b079ca7b45c3faa8c8adabf9680f759e5e
2023-03-20 22:57:11,False,1.046e-05,5.968e-10,6025005.0,0.0359,0x77...e6a8,https://etherscan.io/tx/0x8c8b6c8a0b16e68fe9a86f0da586684e2763fce24631640e1f8ac58288a6cb30
2023-03-20 22:55:11,True,1.053e-05,6.005e-10,83259.8,5e-05,0xf8...20d6,https://etherscan.io/tx/0x5e5509ca90b0cceb2cdb32a04732f5efc1b97e8c1259a98c147df5f92419177e
2023-03-20 22:47:11,True,1.039e-05,5.939e-10,724130072.0,4.30096,0xf9...9524,https://etherscan.io/tx/0x49de7f04c14e8dfaaa39134dd1f53104889b8c88ff41f47cbff7181e5ffef2de
2023-03-20 22:47:11,True,1.025e-05,5.859e-10,168904845.0,0.9897,0xa0...054d,https://etherscan.io/tx/0x5cad60ba1f88122847a46c036fcab6d80a46306dc96342a50bbfa2c377663be3
2023-03-20 22:47:11,False,1.032e-05,5.898e-10,1000000000.0,5.89847,0x02...d641,https://etherscan.io/tx/0x11ae50a474408ea0473e42c19df5353054c5795eadec170553c2093681477f59
2023-03-20 22:45:23,False,1.049e-05,5.99e-10,23830651.0,0.1427,0xd8...7001,https://etherscan.io/tx/0xbbf94d9158b0b9f4239ff5c9026e8e25497a0439eb8dc88a77a8f0870e1af2fe
2023-03-20 22:41:59,True,1.057e-05,6.02e-10,87200700.0,0.525,0x76...7d5e,https://etherscan.io/tx/0xe469381a16b4a9dd390ddde2c93045c163b278cf1de001225516a5829f5c8254
2023-03-20 22:40:23,True,1.055e-05,6.009e-10,32447239.0,0.195,0x71...38ca,https://etherscan.io/tx/0x40542e291c8a00cac2f73390371e83194d89e1a311f8db87bc42ebda04d696f0
2023-03-20 22:39:11,False,1.048e-05,5.971e-10,11406069.0,0.0681,0x1b...ea67,https://etherscan.io/tx/0x5b8ef7d1982e2f308cc45a3443ac4c4b022fe7b802b9fa467de3f559cb9a149f
2023-03-20 22:36:59,False,1.048e-05,5.973e-10,1949350.0,0.0116,0xe4...c57b,https://etherscan.io/tx/0x72826d02169d722bada8e1fd85ad42aba5c685ef9ae63a100dd90e2f61ef8a2b
2023-03-20 22:31:59,False,1.05e-05,5.974e-10,12210342.0,0.0729,0xb6...ed99,https://etherscan.io/tx/0x4bba93dfaad0d3252fdcb07513624bd7ca0c0aa816b7aacf3df6ed2e56cfa9e3
2023-03-20 22:29:23,True,1.056e-05,6.01e-10,8696192.0,0.0522,0x3f...6d16,https://etherscan.io/tx/0xbad2147e08fa9c77dc0f5be241d398483772bc7bc4d3b789a8b4a30468228bcb
2023-03-20 22:25:23,False,1.05e-05,5.974e-10,9067317.0,0.0541,0x1e...d06b,https://etherscan.io/tx/0xd6dac0524a7d129f32e6f6ff6704fc0455fff2bb7e91a72e87b422ef12e8b41a
2023-03-20 22:24:23,False,1.05e-05,5.977e-10,18943488.0,0.1132,0xcc...2db2,https://etherscan.io/tx/0xcd4ec9de6bb6a65503ed6d9305609ee669aa07fa8f5dfe266f8cd6704e941722
2023-03-20 22:23:47,False,1.05e-05,5.979e-10,1658691.0,0.0099,0x74...a337,https://etherscan.io/tx/0x9e2ecb66258521aacd47025c600371b19cf465812ea369b08e788b47377c3737
2023-03-20 22:18:11,True,1.057e-05,6.015e-10,4637.95,2.789e-06,0x87...4e15,https://etherscan.io/tx/0xda377111ab09b96a54d655ae013047f457bcfe186fef8666ea57cb4b31ac19df
2023-03-20 22:17:59,True,1.057e-05,6.015e-10,18279.0,1.099e-05,0xea...0128,https://etherscan.io/tx/0x6aa8271d52a3fcb82952d40e56a5db4a0e7c81b8e9e52ba1079cc94cb43cbf1c
2023-03-20 22:17:35,True,1.056e-05,6.014e-10,11406069.0,0.0686,0x20...f4fe,https://etherscan.io/tx/0xe9f99570f76e51b7fe576ad3a84fcc07a7ad32879cc3b31661c9e23bd52e90aa
2023-03-20 22:12:11,True,1.057e-05,6.013e-10,1634339.0,0.0098,0x28...51f7,https://etherscan.io/tx/0x24bbc288a2774c275a0a45f6cfe59cdb51c14b0d8e35d27291ddff9b947ab66c
2023-03-20 22:11:35,True,1.055e-05,6e-10,138693391.0,0.8321,0x74...d510,https://etherscan.io/tx/0xb3424508c5fe5aca6275b9a50ae9db3c6f0dbed730c926592cb8fbc4368591e1
2023-03-20 22:08:11,True,1.053e-05,5.986e-10,9390578.0,0.0562,0x06...9ffb,https://etherscan.io/tx/0x5f16e4ad8728b52d87b4f0d85606ff5d9f2743f7aeb57b30aa21d14d1a7f979f
2023-03-20 21:58:11,True,1.052e-05,5.985e-10,167063.0,0.001,0x5c...0a69,https://etherscan.io/tx/0x38cd28274be80f4bcfdc230304e76bce91c59b2574b944a6347f7c3992292966
2023-03-20 21:47:11,True,1.05e-05,5.985e-10,6624752.0,0.0396,0xa1...f4f2,https://etherscan.io/tx/0x85262b55fde1db45c6e71f36f04b5b30387a91a39c2cf0823d6b2d1712e9e017
2023-03-20 21:46:59,True,1.049e-05,5.978e-10,62944597.0,0.3763,0xe0...3ee7,https://etherscan.io/tx/0x33a6ae68fae9b0c4425703b4e04a51cad87bc0f029c4ebe04990c688b4b0bae9
2023-03-20 21:40:59,False,1.042e-05,5.938e-10,11820854.0,0.0702,0x8d...121b,https://etherscan.io/tx/0x42f17628c5e7851e04ef5f6407b1e41d778280b5507cd1aaafa22c0d27a244f8
2023-03-20 21:36:59,True,1.049e-05,5.974e-10,7691589.0,0.0459,0x5e...72c7,https://etherscan.io/tx/0xcbef13c066db498a52a20fdf552e6ec77b52d5d7d3850567fe09fdfb133a78ff
2023-03-20 21:32:59,False,1.044e-05,5.938e-10,4197443.0,0.0249,0x51...79f5,https://etherscan.io/tx/0xd06d2c12f30f1dbb29458dc33d221f50bbf05f5989f4dfb5374ea95b4c579b4b
2023-03-20 21:31:59,False,1.044e-05,5.938e-10,1227531.0,0.0072,0x91...7163,https://etherscan.io/tx/0x51981c1dc9f728db0b67c1d51b7e3b26d3c37de4e45df6d9693763c19087f80d
2023-03-20 21:27:59,False,1.043e-05,5.939e-10,1930915.0,0.0114,0x4d...e378,https://etherscan.io/tx/0x790e2700ce4ea3c82a863410019b679015332637cb9ce9a18f515a431698e5fe
2023-03-20 21:19:23,True,1.047e-05,5.974e-10,9449192.0,0.0564,0x2f...e399,https://etherscan.io/tx/0xbd5014c862179ce655f82b11e03db6f3fb20ff2facd3fe8ab7830ab1f15ce7f3
2023-03-20 21:18:47,False,1.042e-05,5.937e-10,75083.7,4.458e-05,0xe9...18b8,https://etherscan.io/tx/0x4b9896a67da376983b93b31495b54cebbe40698e4053746eca19641328a3b194
2023-03-20 21:17:11,True,1.047e-05,5.965e-10,92204039.0,0.55,0xdf...84bc,https://etherscan.io/tx/0x09b07bcd4e247efb95a4a5c367f4bda225a9eb9f1ea488d470f828b16c59f7fe
2023-03-20 21:15:35,True,1.045e-05,5.956e-10,6718991.0,0.04,0x47...121e,https://etherscan.io/tx/0x323c50bb1ab4d5dff864d7e1ba0b297321a0069938cbbbac5aab8a52eda047f0
2023-03-20 21:04:11,True,1.043e-05,5.947e-10,87999076.0,0.5233,0x30...98ec,https://etherscan.io/tx/0x357e2cbb56338ad962c04e93772dbe6310eeb4654c177de1e2e479a288832d00
2023-03-20 21:04:11,True,1.041e-05,5.939e-10,380.988,2.262e-07,0x30...98ec,https://etherscan.io/tx/0x357e2cbb56338ad962c04e93772dbe6310eeb4654c177de1e2e479a288832d00
2023-03-20 20:58:59,False,1.035e-05,5.908e-10,50000000.0,0.2954,0xa9...e6d1,https://etherscan.io/tx/0xbc11576d7ef5210a8e891a2abddcf5e938911277303c96eace42ace5a1e1abd7
2023-03-20 20:54:23,True,1.042e-05,5.947e-10,8391800.0,0.0499,0xd2...2da9,https://etherscan.io/tx/0xb2783a0720267d63b097183ded01ee33b2385daab85476f2bd5ee38fac031aac
2023-03-20 20:54:11,False,1.038e-05,5.924e-10,150000000.0,0.8887,0x02...d641,https://etherscan.io/tx/0x5fdacfdabc88434a3e2516cdb15f882e2ec5825e76669617ffc180b8e334d0a8
2023-03-20 20:51:59,False,1.041e-05,5.938e-10,4968527.0,0.0295,0xca...d2a6,https://etherscan.io/tx/0x519488252ae31051dcd3e6a4bb3876d24f6a336df5d5c6da8e116daa38fcbb27
2023-03-20 20:50:59,False,1.041e-05,5.94e-10,9206448.0,0.0546,0x1b...ea67,https://etherscan.io/tx/0xd4072e334346d0a03b97d63e57577707d5112e882ecf0bf818ae4360a267baf0
2023-03-20 20:49:35,False,1.041e-05,5.945e-10,48089584.0,0.2859,0xac...8cf3,https://etherscan.io/tx/0x28d6a07ccf69f8e76a8bf54f1e6dde583078250d62bceb374a99e2daa0cf4294
2023-03-20 20:49:11,True,1.048e-05,5.985e-10,848518.0,0.005,0x64...2d55,https://etherscan.io/tx/0xafeb65539995e85a4b525082ea10bc89f57a3f772b82b735e846f97a00b70404
2023-03-20 20:47:35,False,1.042e-05,5.95e-10,8594085.0,0.0511,0x78...af79,https://etherscan.io/tx/0x60da5a012b2a5af7ad47d1f1d8d6ed7134d16be9ac64b345ff1f5c39f62c8046
2023-03-20 20:42:23,False,1.041e-05,5.951e-10,3526836.0,0.0209,0xfe...f59e,https://etherscan.io/tx/0x9604ea5a8fdfa64de69b0ce90aa689035f8a869650d50342c4bcefaf98013921
2023-03-20 20:41:35,False,1.041e-05,5.951e-10,161932.0,9.637e-05,0x04...6a02,https://etherscan.io/tx/0x1c62002f05ebbcc6544fdc9387b6527d952d70cc211115b8d8c8b9f7015ee1dd
2023-03-20 20:36:23,False,1.038e-05,5.951e-10,1780914.0,0.0106,0x6a...4cdb,https://etherscan.io/tx/0x3473bea56830a9d5c8815046bedac143a883aa8ca03bba2729ceb0dd385fed9c
2023-03-20 20:35:11,False,1.038e-05,5.952e-10,2764398.0,0.0164,0x10...4d69,https://etherscan.io/tx/0x3463ee5c4317280ce0c536f3b7826bd7e043ec726eb9ad465a7ace88387f924a
2023-03-20 20:34:47,False,1.039e-05,5.957e-10,50000000.0,0.2978,0x49...3941,https://etherscan.io/tx/0x5d5b64aacf586ef56ce5a888c94076027d7bb65441c6f95c1dc62827a3ab9c4e
2023-03-20 20:34:11,True,1.047e-05,5.997e-10,315606.0,0.0018,0x55...e69c,https://etherscan.io/tx/0x5aea0fdce16ee743b56cb7d06b7099f6f00c849bc3166e83c519798385c8299c
2023-03-20 20:17:23,False,1.046e-05,5.962e-10,15360000.0,0.0915,0xcf...116f,https://etherscan.io/tx/0x1bd1b1949dfd7089ac1179d6968188cab3ef3a33ee9ce1c43993e0d42cd7fee6
2023-03-20 20:01:47,True,1.058e-05,5.998e-10,14903349.0,0.0894,0x42...b2bb,https://etherscan.io/tx/0x0f985a9a937617ee90c87da9280a82d38512279d17ee5a0bd266dc8dafde3d39
2023-03-20 19:59:35,True,1.054e-05,5.981e-10,174127254.0,1.04156,0x5c...d3e8,https://etherscan.io/tx/0x9647619ffb6bbae612f548b93bcf76bca4c46f7fd3225f3cd7d19c99ea14d492
2023-03-20 19:55:11,True,1.051e-05,5.965e-10,1403778.0,0.0083,0x8e...2919,https://etherscan.io/tx/0x950076c5f2c453871005846a89e017f912772c82ed533f19c5a4904b8ebdba0c
2023-03-20 19:52:47,True,1.052e-05,5.965e-10,1095496.0,0.0065,0x8e...2919,https://etherscan.io/tx/0xf014bfd3133c45ba9533402bbf947514a21d8ecd1abb49d53eaa9f8f59d29cf6
2023-03-20 19:51:59,True,1.052e-05,5.963e-10,14847193.0,0.0885,0x8e...2919,https://etherscan.io/tx/0x332c656d89f8b2b39c0347d811d986d047741b3de54a4000693d03ea45c5abbf
2023-03-20 19:50:23,False,1.046e-05,5.935e-10,94473311.0,0.5607,0x58...f16b,https://etherscan.io/tx/0x71ce86aa0ebcf1a6211acd9e977200afc4c6fc41b4b2dbf4397dc384017bfcf4
2023-03-20 19:42:23,True,1.051e-05,5.979e-10,458589.0,0.0027,0x55...1cc7,https://etherscan.io/tx/0x239b479d19e94b51e020c80cdc47735f24a8ccd12767899b92bbc4f1883bd26d
2023-03-20 19:38:35,False,1.044e-05,5.945e-10,16000111.0,0.0951,0x7c...aaa5,https://etherscan.io/tx/0x326dfcdab2a987979f577f368d784ea20038d8a06815879c0df490d4c6daab05
2023-03-20 19:36:35,True,1.052e-05,5.982e-10,124922.0,7.473e-05,0x2b...161b,https://etherscan.io/tx/0xcd1a34a24d626bdbcc2cb0c250c2fe33209b1b592247529f90af5716c191f3b9
2023-03-20 19:35:35,True,1.051e-05,5.979e-10,29765322.0,0.1779,0x42...b2bb,https://etherscan.io/tx/0x504f899d70f55951fd15643d55c8e7d5fa73b4d718e56e04d6255009b131a17d
2023-03-20 19:35:23,True,1.051e-05,5.975e-10,14684242.0,0.0877,0x3e...fcb3,https://etherscan.io/tx/0x6aefd063c765be9afd07d298391efda961c0a4eb18023a79babdd6a3f6fb312f
2023-03-20 19:34:59,True,1.051e-05,5.972e-10,16032984.0,0.0957,0x07...71b8,https://etherscan.io/tx/0x556078c9c0ec33d28a9077046ab45545c70282e0ac5f06076ec638631c546132
2023-03-20 19:27:23,True,1.048e-05,5.969e-10,21000000.0,0.1253,0xcc...0fe2,https://etherscan.io/tx/0x18e5939417fd17c528f3bda3766d75d91cad0be296a1f9d3c1338598bb2f13fc
2023-03-20 19:23:23,False,1.043e-05,5.948e-10,186766819.0,1.11105,0x99...7268,https://etherscan.io/tx/0x5e22c2c77b27fcc46b3dd72009b9b8df70deeef6cf00a47f9d239a781a902436
2023-03-20 19:10:23,True,1.051e-05,6.001e-10,7544063.0,0.0452,0x8b...086b,https://etherscan.io/tx/0x3fe570a3cb5d5c61bce8d27d7139bccd96ca4b1731dca1cac70cf079837442d3
2023-03-20 18:50:47,True,1.055e-05,5.999e-10,4166701.0,0.025,0xa1...4e5a,https://etherscan.io/tx/0x49718c709ab0d6faebc708f37887691b98cf348c1b907ce044f6dc8226a32d89
2023-03-20 18:38:59,False,1.049e-05,5.972e-10,93895559.0,0.5607,0x49...3941,https://etherscan.io/tx/0x415d535aa7c7b42f89ef2479ee11f4e14e101c67ce34b29c76f96c7b874b83ea
2023-03-20 18:29:23,True,1.058e-05,6.016e-10,5060.2,3.044e-06,0x53...254b,https://etherscan.io/tx/0x800b55d261bb0f5e0a5404a4d777cf9ef9d5cb749120860ff82869bc235613fe
2023-03-20 18:22:11,False,1.051e-05,5.981e-10,4705588.0,0.0281,0xbc...944d,https://etherscan.io/tx/0x79f37ae3c7716b34b3158500f3de8c11e07a7df44a5024ec293e94761e2f2f45
2023-03-20 18:19:23,False,1.052e-05,5.982e-10,9363109.0,0.056,0x9b...020a,https://etherscan.io/tx/0x6d8b7d166682564b9f04d3b94b1afce55aa7c83d2253602eaa4506588e67049e
2023-03-20 18:15:59,False,1.053e-05,5.983e-10,7200311.0,0.043,0x81...2e5f,https://etherscan.io/tx/0x71fa732b5aa1e20167eccb7bb348d3d0a8a538d9673906e3ac59b3023bd0595c
2023-03-20 18:14:11,True,1.059e-05,6.02e-10,2268207.0,0.0136,0x52...3a86,https://etherscan.io/tx/0x93f997ea9789674613299238872953b2b379b2cce34df96d59d27d90dd1adb34
2023-03-20 18:02:35,False,1.047e-05,5.986e-10,22983489.0,0.1375,0x72...79fc,https://etherscan.io/tx/0xf7db20882e58e3cdc36f12b0271126ccac4b97927e7de9eb88c9020612c6b0d0
2023-03-20 17:58:11,False,1.048e-05,5.989e-10,10933194.0,0.0654,0x1b...f04b,https://etherscan.io/tx/0x6e84a2cb439049010f6cbe9f3005d1c92555a6224ff24e15543dbed0e4e92ded
2023-03-20 17:55:59,False,1.054e-05,6.006e-10,173411558.0,1.04156,0x5c...d3e8,https://etherscan.io/tx/0x3ffb21e9bb0ce17e2175c197767a8edced982cb1c5caf96ad98e2bd77e4a3921
2023-03-20 17:52:59,True,1.065e-05,6.058e-10,65648.1,3.977e-05,0xea...22b7,https://etherscan.io/tx/0x2d31f70f1fb5ad4bec58ae7acd26b9badfd63da56257d7838e4c37010d3b2b5e
2023-03-20 17:48:59,False,1.06e-05,6.022e-10,1304240.0,0.0078,0x9f...ab41,https://etherscan.io/tx/0x75f47ad52c939341f52bb342aa0458b41063656032c179e2b7cf9bb9dc8bbd4d
2023-03-20 17:45:47,True,1.064e-05,6.055e-10,37412595.0,0.2265,0x8e...f508,https://etherscan.io/tx/0x069d59a2480af4c281dec2b80cc92bac80cbb5af2091558f4b7fbb2aaf673703
2023-03-20 17:44:23,False,1.057e-05,6.015e-10,4978953.0,0.0299,0xbc...944d,https://etherscan.io/tx/0x17be827e11367ea248d1372f33bcd90400f1139237705645c7b55e2994105e0a
2023-03-20 17:43:47,False,1.058e-05,6.021e-10,59535430.0,0.3585,0x16...19f8,https://etherscan.io/tx/0x218268f9545dae56ac8ba2ce4f42e43926fed48b02a65c37965bebae8c8df0fd
2023-03-20 17:41:47,True,1.066e-05,6.063e-10,1798238.0,0.0109,0x7b...2d47,https://etherscan.io/tx/0x743ce6cf86d60583ea640d55cfd66e94ba84a467bbc5e1a53010820e397c35ad
2023-03-20 17:34:47,True,1.068e-05,6.063e-10,3050208.0,0.0184,0x13...87a9,https://etherscan.io/tx/0xc873b1c88429c9d26e021b1aa1b11b643c38865c0e8d1b0eee17d06044176447
2023-03-20 17:33:35,False,1.063e-05,6.032e-10,64757372.0,0.3906,0x97...856c,https://etherscan.io/tx/0x31be92344d474fe0b99796eeb1467282c83897394ffa6a649ff703d3b98c0971
2023-03-20 17:19:47,True,1.062e-05,6.052e-10,236979604.0,1.43439,0x60...1df7,https://etherscan.io/tx/0x04b54fa75dd37f4e0567996a562dc7664b642f30ec662a9b5491cdc898b45b7d
2023-03-20 17:04:47,True,1.065e-05,6.03e-10,3959238.0,0.0238,0xc2...9302,https://etherscan.io/tx/0x4a646586d5d4bfb2e090de24733d371cbf50877bc2d8d546242ee9b036d04023
2023-03-20 17:02:35,True,1.064e-05,6.03e-10,71125.8,4.288e-05,0x2d...89de,https://etherscan.io/tx/0x8cf3d8026bc05fec00ed82fc6fe9a249a0b44160e3ee322fb6e9f978b3d11337
2023-03-20 16:52:59,True,1.067e-05,6.029e-10,2794631.0,0.0168,0x1d...d77c,https://etherscan.io/tx/0x63a7c2345c14d063f7c51aefd0f91499d49f82ed18973ed1ffbcee5bc9cd7386
2023-03-20 16:46:59,True,1.066e-05,6.029e-10,6941.78,4.185e-06,0x0a...e6ca,https://etherscan.io/tx/0x8c9d49b509ef462d036364710ba888397270b6b4be4e87c7c6cfda26fcbfe43a
2023-03-20 16:44:35,False,1.06e-05,5.994e-10,9149908.0,0.0548,0xea...74c4,https://etherscan.io/tx/0xe004c66ef8964a508968ec677387b7d59ee39e8dc1c039f8089a479a4e85ae37
2023-03-20 16:29:35,True,1.067e-05,6.031e-10,116809.0,7.045e-05,0x6a...0df4,https://etherscan.io/tx/0xdd0f9f1b8f4eb0e6d15341b2fdf00d5f0a2b8b6b33118c133b9be8277dac31b5
2023-03-20 16:25:59,True,1.066e-05,6.03e-10,8291182.0,0.05,0xc6...0cec,https://etherscan.io/tx/0xdf851a3eaab53ca605f086c0b414c5b29564fd5ae1704b90fdc1c2f79841f5f8
2023-03-20 16:25:35,True,1.065e-05,6.029e-10,7481113.0,0.0451,0x39...b0a4,https://etherscan.io/tx/0xcd63a95d214db9f7a50c12e6be6f0fcb8aa603cd782fc5e43a2574ad4424a127
2023-03-20 16:10:35,False,1.063e-05,6.01e-10,200000000.0,1.20212,0x9c...cd00,https://etherscan.io/tx/0x54335c49325db914e1def1361561527c2d1413315b0212e798f60ed12cbfcc9c
2023-03-20 16:07:11,False,1.067e-05,6.03e-10,12720347.0,0.0767,0xde...ad7f,https://etherscan.io/tx/0x4faee07e64c4349f3c156b335659336e6796a9041c262225183c5144864689db
2023-03-20 15:58:23,False,1.069e-05,6.033e-10,18501388.0,0.1116,0x50...dd3a,https://etherscan.io/tx/0x0e9f46110654333ca13442cf1fa285e5f8fa756fa7e72899ce3d3604d4540a89
2023-03-20 15:52:47,True,1.072e-05,6.07e-10,1632767.0,0.0099,0xd4...861f,https://etherscan.io/tx/0x2c48385af6052da5322984a091cd7fb13a31d347e2fc48dcb982e6f75a3d4697
2023-03-20 15:51:23,True,1.071e-05,6.069e-10,16070658.0,0.0975,0x2e...6890,https://etherscan.io/tx/0x888a931dc940c87135b93454aca87bb495c0554e4c89b3d8616715d72d607a1f
2023-03-20 15:50:47,True,1.07e-05,6.065e-10,22723961.0,0.1378,0xf3...dab9,https://etherscan.io/tx/0xc8c76cbbd570baf6ad58d56acceca92d8f81effb6f87eccd5d1b354703f09f9c
2023-03-20 15:48:47,True,1.069e-05,6.061e-10,24727015.0,0.1498,0x28...ad6d,https://etherscan.io/tx/0xa772e23f877870c5fb16a65bf9852e5e1905b00379c9672bec15faa385a7dbb6
2023-03-20 15:46:59,False,1.062e-05,6.023e-10,10000000.0,0.0602,0x62...7f3d,https://etherscan.io/tx/0x79f4f4367430506768012005f51ede7da9bbc57250728b8b4a028b4e2b2f762a
2023-03-20 15:45:35,True,1.07e-05,6.06e-10,560695.0,0.0034,0xd4...861f,https://etherscan.io/tx/0xdd385adaec0a4d81659b103979fb564447fe2c7f0a5d69a9e27ef28bf4682873
2023-03-20 15:45:23,True,1.069e-05,6.055e-10,54537332.0,0.3302,0x28...ad6d,https://etherscan.io/tx/0x459359881c2bd40102dc14de7a5a2ca4e61582940122fab174bc813a85e87599
2023-03-20 15:43:23,False,1.064e-05,6.015e-10,16095862.0,0.0968,0x86...d249,https://etherscan.io/tx/0x4e28feb2d0910d1e4424625f140cda25d74cefaa9df5430d9e9d472f4b58ef03
2023-03-20 15:41:11,True,1.071e-05,6.052e-10,8714919.0,0.0527,0xa1...b45e,https://etherscan.io/tx/0xb860c04b41909efeb57552715c1bcdf88aa460c7a14ac29cf3ca73462b5feb66
2023-03-20 15:37:47,True,1.07e-05,6.049e-10,28734079.0,0.1738,0x86...d249,https://etherscan.io/tx/0xdcc8076b6432d9b8407935ac2e46b80656ee5a1072d71d62899bce1fe4722de6
2023-03-20 14:53:47,False,1.058e-05,6.016e-10,69300318.0,0.4169,0xb2...36b2,https://etherscan.io/tx/0x7c55b5629a18110fadb43b235be7380524da70f0bc7ecf5293be5103bcf1d7d2
2023-03-20 14:47:23,False,1.058e-05,6.023e-10,2301052.0,0.0138,0xaf...2504,https://etherscan.io/tx/0x7a926b23c98f719274cbb0f97bd0c0c5a31e2feac5282f3eabdb3f832d231194
2023-03-20 14:47:23,True,1.064e-05,6.057e-10,25965889.0,0.1572,0xe4...53d4,https://etherscan.io/tx/0xe6518fd74a247669f7674d471b465733111361cb5606b616414c2b88d473c904
2023-03-20 14:43:11,False,1.059e-05,6.019e-10,9205021.0,0.0554,0x26...1441,https://etherscan.io/tx/0x07b880d649e704e12dc2f5351883d9efb46b52aba5ad100fd3dc069c6773ce0a
2023-03-20 14:40:47,True,1.064e-05,6.051e-10,72710101.0,0.44,0x8c...c656,https://etherscan.io/tx/0xdb14e3a61eb09d0a814104874fc400f9924efca4e7c18261d8e21fe0905045cc
2023-03-20 14:40:11,True,1.063e-05,6.042e-10,23950471.0,0.1447,0x00...0906,https://etherscan.io/tx/0x39a39abad6bc5850d1063de0d94c80d522a775c4c2bf3680999f5640a58facd6
2023-03-20 14:38:47,True,1.06e-05,6.035e-10,46975113.0,0.2835,0x8e...f508,https://etherscan.io/tx/0x4de9a2f248acabf78f43594cd462f6e88d8762bfb09ce80734f0a4e2024fa6d6
2023-03-20 14:29:35,False,1.063e-05,5.996e-10,9310000.0,0.0558,0xbc...3299,https://etherscan.io/tx/0xcd4f12e68d8194e7d45ae3f6d221c5377ca36198027d91c9d6c49966ddf8d379
2023-03-20 14:19:35,False,1.065e-05,6.004e-10,78422332.0,0.4708,0x45...84e1,https://etherscan.io/tx/0x4bc327698e4ddba7f6cc30c3d67cd47d09ccc893d5cf03c9ec604835c8885ff0
2023-03-20 14:18:47,False,1.067e-05,6.011e-10,4608466.0,0.0277,0xee...db43,https://etherscan.io/tx/0x1c496e9c464f33f51dae21dd6fb686d1f58ab62e3d25d7ff090abc4e243b56ca
2023-03-20 14:14:47,True,1.074e-05,6.047e-10,13776192.0,0.0833,0xfa...e047,https://etherscan.io/tx/0x38e7013fe9ef1829aec4d96a1a03eb84820302975cb5bd4c291748ffd22f3f44
2023-03-20 14:02:35,True,1.075e-05,6.045e-10,6616553.0,0.04,0x00...b9d8,https://etherscan.io/tx/0xfe37b41730fac5fad8a58bc940b5f99fb00433f03880679c1aa03cb42fd987bb
2023-03-20 13:52:35,False,1.069e-05,6.009e-10,13785244.0,0.0828,0x63...9681,https://etherscan.io/tx/0x03332dfd466ff422dfe1b015f65df58e1b419417a449491da98302ca89fe3285
2023-03-20 13:47:23,False,1.069e-05,6.011e-10,2254034.0,0.0135,0xf0...9ecd,https://etherscan.io/tx/0xf1edc25ab89d67cbc84799e407c12ba7be22dc26851a5b0c6fc1f06474f41a65
2023-03-20 13:42:11,False,1.069e-05,6.011e-10,1342587.0,0.008,0x0a...6772,https://etherscan.io/tx/0xbf09656da9be693fbd0434eac65757d74fc0038a49084d31b957dcd5b77eba2d
2023-03-20 13:41:47,False,1.069e-05,6.012e-10,9569387.0,0.0575,0x58...4dc8,https://etherscan.io/tx/0x913536981e591f23daf9c42b690359d6f24aeeb54e1a994b0e0d479e63b2b0cd
2023-03-20 13:32:47,False,1.071e-05,6.017e-10,42934613.0,0.2583,0x80...c73d,https://etherscan.io/tx/0x887fed26b57e2772bd3d6d31858a91867cb18a0d1b5258e0874abdc17c0c575c
2023-03-20 13:28:59,False,1.071e-05,6.021e-10,871779.0,0.0052,0xe4...c5a4,https://etherscan.io/tx/0xdc39168b3408ec7d62fec2dd62592baf778718916e17ce8bfde684886ee77930
