datetime,buy_order,price_USD,price_native,amount_token,total_native,maker,etherscan_url
2023-03-21 07:03:47,False,1.043e-05,6.006e-10,12398672.0,0.0744,0x6b...539f,https://etherscan.io/tx/0x2a5f049ea114608df9b7f818668d0cf287ea5c0ef70c86fb98dd209f388d5a23
2023-03-21 06:55:11,True,1.051e-05,6.043e-10,161060.0,9.733e-05,0x3b...ac36,https://etherscan.io/tx/0x70e03af1d9f03db4e82b1dda260e83e67466492d680acb23718dc729cdd3ebd8
2023-03-21 06:54:35,False,1.044e-05,6.007e-10,1406514.0,0.0084,0x98...fe99,https://etherscan.io/tx/0xaacff48e132ec7f0b1445ed32f9e93e2563d67977a573556a23a6592e7c1fb75
2023-03-21 06:49:23,False,1.045e-05,6.012e-10,56431444.0,0.3393,0x15...77d6,https://etherscan.io/tx/0x47260a0bb21fcb9def1472230d5b3358e35c987431066698553b09ed74d7cd33
2023-03-21 06:46:35,True,1.051e-05,6.053e-10,1876878.0,0.0113,0x22...8638,https://etherscan.io/tx/0x84aa34c9d91b8dba4d805e5aa21d4606a3d8bb430bef882b4ef4fa07956d489f
2023-03-21 06:39:59,False,1.047e-05,6.018e-10,9970000.0,0.06,0x7c...8337,https://etherscan.io/tx/0xc03029fda2cf7aecbf9d832d351f14e52c73b3af2e2d5d412f9d2d8949140884
2023-03-21 06:38:47,True,1.053e-05,6.055e-10,3137781.0,0.019,0x81...8796,https://etherscan.io/tx/0x8521832f62b4ce84753f71f11797f6ed75398f5333ea90017661109368eee8a9
2023-03-21 06:38:35,True,1.053e-05,6.054e-10,330310.0,0.002,0xad...6596,https://etherscan.io/tx/0xa28e9b60d9f0b158e85f364cc97e85c6b3f1d5efb6bb61eda484da0e4d230642
2023-03-21 06:25:47,True,1.056e-05,6.053e-10,14409744.0,0.0872,0x37...b589,https://etherscan.io/tx/0x053c584662a610961f774fc2af130f0f8e7b51d7e0376871840f3f382d3677c9
2023-03-21 05:53:23,False,1.052e-05,6.016e-10,1388683.0,0.0083,0x37...ae13,https://etherscan.io/tx/0x5b9c8ec9e307be8bd5480912f3c2f6376c2c4c9a99e7fe1f43538f27dbce49bd
2023-03-21 05:48:35,False,1.051e-05,6.016e-10,1196388.0,0.0072,0x37...ae13,https://etherscan.io/tx/0xf79c9cbf821d981a0151acdec55fff5a1c16423277147c7878649301dae93b55
2023-03-21 05:47:47,True,1.057e-05,6.049e-10,30744273.0,0.186,0x8c...e2b8,https://etherscan.io/tx/0x90257f548285f72eda16136cf48fb874a0228484cc7a2c8e88b2db06b6772970
2023-03-21 05:45:35,False,1.051e-05,6.011e-10,3712949.0,0.0223,0x00...2f60,https://etherscan.io/tx/0x0b974e3b073e10605d331f964df75391c7e8e7b4f12edb3450b6164ce3323cbd
2023-03-21 05:37:35,True,1.058e-05,6.047e-10,4752962.0,0.0287,0xff...44a3,https://etherscan.io/tx/0x170af8dea334cb9c3dcb35e875f5cb0ed8ecee2f699d929b9d53c6dff1e72983
2023-03-21 05:19:35,False,1.051e-05,6.01e-10,3630019.0,0.0218,0x0d...96ed,https://etherscan.io/tx/0x9bfb3de1461e79ca2d1483df4facb02f1ee2b9baf0a0e4c1d6501b3515365893
2023-03-21 05:19:11,True,1.057e-05,6.047e-10,721220.0,0.0043,0xf4...735c,https://etherscan.io/tx/0x7b0615cffdcb50d7abe07bfa925a28dbd8b778a14a7fca693500799c3916fbc8
2023-03-21 05:18:47,True,1.057e-05,6.047e-10,2622754.0,0.0158,0x05...0bb5,https://etherscan.io/tx/0xb144facdde6aa17c24cd12785d1835957941bba5bd5e8fa5cd869c080da7424e
2023-03-21 05:09:11,False,1.05e-05,6.01e-10,1531863.0,0.0092,0x54...0a52,https://etherscan.io/tx/0x6a3bb470e2416743f5170083fcfd6737dfe6667047d5cd1b0e4cb85c722481ae
2023-03-21 05:08:59,False,1.05e-05,6.011e-10,3118066.0,0.0187,0xbe...b35b,https://etherscan.io/tx/0xe2e10cdb6e7a56f3375e0f4ca6e9e9c6bafddba8f6a0754803685258747e1a36
2023-03-21 05:07:47,True,1.056e-05,6.044e-10,33737067.0,0.2039,0x94...12d7,https://etherscan.io/tx/0x1d90ed49c34355f145515cf1608172d62058a139a24af1c6e35ff0c76cf78998
2023-03-21 04:58:35,True,1.053e-05,6.041e-10,2056090.0,0.0124,0xce...d6e7,https://etherscan.io/tx/0x26053d6b305fc8d01000088bf56b4dbd10e2fdb3bda13c9110f88a8f0915baee
2023-03-21 04:46:59,True,1.051e-05,6.026e-10,152869741.0,0.9213,0x26...3b2e,https://etherscan.io/tx/0x0838579273877937e6ac1b81195a6a5133463e222f6c3cc61c5f52d5ebbb16bf
2023-03-21 04:42:47,True,1.049e-05,6.012e-10,2390282.0,0.0143,0xd7...2f69,https://etherscan.io/tx/0x4080057c325dddce62317a96cf550be90e54b2c59c813157fafd6f26b785fabc
2023-03-21 04:40:47,True,1.048e-05,6.011e-10,6978721.0,0.0419,0x6a...b83a,https://etherscan.io/tx/0xfeb951301b3fa63b66d587101dde03db7f8055cdadc35e89c04a7e0959dd093d
2023-03-21 04:40:11,True,1.048e-05,6.011e-10,578708.0,0.0034,0x56...6e5f,https://etherscan.io/tx/0x206ab02bd20af93993739c6ae0c1d0fb16a73ecafdf35def8f75b2f73c877559
2023-03-21 04:35:23,False,1.042e-05,5.975e-10,1769076.0,0.0105,0x05...93c8,https://etherscan.io/tx/0xed2e35828e853844b8f5fc583b0b86d33b0dfbbd6a826c10350484dac1aac943
2023-03-21 04:31:23,False,1.042e-05,5.975e-10,1092807.0,0.0065,0xe4...9fd3,https://etherscan.io/tx/0x4805bcda0abe1dde94dfb5cb9d181a9559292b7092292756babca5ce432a56e0
2023-03-21 04:25:59,True,1.048e-05,6.007e-10,45706681.0,0.2745,0x2e...8c81,https://etherscan.io/tx/0xdbd28e13dcf0976fd02a2144624925cc792a3a2d6d26c36adc4a9be21d39f591
2023-03-21 04:14:11,False,1.044e-05,5.971e-10,50000000.0,0.2985,0xf8...ab0a,https://etherscan.io/tx/0x2ecbb6ca752fb9251e0747eb7489ce844598ee2b37ea297f7a84e270e48824ef
2023-03-21 04:06:59,False,1.045e-05,5.977e-10,9193290.0,0.0549,0xf2...408d,https://etherscan.io/tx/0xfb505a43dbc7aaeb0e47d6c3dbf41e4cf55924313f6b450a6e80d9e1291dc980
2023-03-21 03:49:47,True,1.053e-05,6.013e-10,108626.0,6.532e-05,0xbd...3db4,https://etherscan.io/tx/0x3009c2885b46ab51a24cd99661f6dae06da599517eee5554a91273ee0980ec97
2023-03-21 03:48:11,False,1.047e-05,5.978e-10,1409035.0,0.0084,0x66...c5cc,https://etherscan.io/tx/0xbde1a89a7280fabbaf9597c7f6a1f4172964df37affa3c84429ffa09874a652a
2023-03-21 03:42:11,True,1.053e-05,6.013e-10,4988540.0,0.03,0x00...0906,https://etherscan.io/tx/0x3faff5457cf6e3c50b3d48562f5db6d5cbf14f7387c0c7f9b311723798e59558
2023-03-21 03:40:23,False,1.047e-05,5.978e-10,10887080.0,0.065,0xbe...6985,https://etherscan.io/tx/0x28b17e2656b6e367e24d780fb1509721d725954db5d9964f6d81b5b1fcb3e147
2023-03-21 03:39:35,False,1.049e-05,5.985e-10,71256746.0,0.4265,0x00...fc5f,https://etherscan.io/tx/0xf13514ce6dd291d356a83cfb542a93ef8445931459d8dd5d87310a11a28ac18d
2023-03-21 03:25:23,True,1.055e-05,6.028e-10,72783.2,4.387e-05,0x27...0add,https://etherscan.io/tx/0xa5b1c2c5dfd2a2a3701016d3510f7e1903ebde2fdd0bf39c2b1d73202ae28807
2023-03-21 03:17:11,True,1.054e-05,6.028e-10,2739785.0,0.0165,0x00...3e3b,https://etherscan.io/tx/0x1464a8cf479f4b54868e812820ed17d891af53a98bad6cf55c816eadc83868df
2023-03-21 03:12:35,True,1.054e-05,6.025e-10,30296916.0,0.1825,0xdf...5451,https://etherscan.io/tx/0x59d7f7a99cc070a0fa799a26aee391e070b61965243d80d9e2296cce6aee08bd
2023-03-21 03:12:23,True,1.054e-05,6.022e-10,468387.0,0.0028,0xf7...90eb,https://etherscan.io/tx/0x98cb5e824a6b04b67dde3b24bf674b1132ec14dee99d22fb2e338fc51a58dbc3
2023-03-21 03:11:35,True,1.053e-05,6.019e-10,30265920.0,0.1821,0x37...2e8e,https://etherscan.io/tx/0xa9a401059d560da19e4992cfeb0de1b9990e554ee2cd8b87134bcb034bf9bd95
2023-03-21 03:08:59,True,1.053e-05,6.016e-10,49193.4,2.959e-05,0x00...09a1,https://etherscan.io/tx/0xdcfd1eba0dbefd7e46fcb8a02b93425dd71986abd705a62eaade144715792dad
2023-03-21 03:08:59,True,1.053e-05,6.016e-10,1864211.0,0.0112,0x8c...da41,https://etherscan.io/tx/0x7088e1a62ce932aa3a1d99702297934a41e622d0a370d1dcd2603dbec799a6f2
2023-03-21 03:02:59,True,1.054e-05,6.014e-10,14311376.0,0.086,0x30...65ce,https://etherscan.io/tx/0x02652ae0c5269217aa49b04ce731d1400157f6c9bb333dc0f59b72031a016b36
2023-03-21 03:02:47,True,1.053e-05,6.013e-10,345326.0,0.002,0xbc...6393,https://etherscan.io/tx/0xbd0ee3db0e5976d338ff19a1d963549865f2b5341b04fb59a9af13de9184b598
2023-03-21 03:00:23,False,1.047e-05,5.977e-10,2045997.0,0.0122,0xc8...c9c8,https://etherscan.io/tx/0x42ae1be8f8f245985fdd916538092c3e2ea9b2a8ebbc22a765ba518402121683
2023-03-21 02:58:47,False,1.048e-05,5.982e-10,50260864.0,0.3006,0x6e...289b,https://etherscan.io/tx/0x677c3963958f2d0df7b4685981d78a9f125e63b42aa5dc459e27969b0fc127af
2023-03-21 02:53:35,True,1.056e-05,6.022e-10,2945753.0,0.0177,0xb3...f092,https://etherscan.io/tx/0x1c38459e4738bc16df94adb725d945ce5a791121e7e8b3ed2b7c8cce8acbc9e7
2023-03-21 02:53:11,False,1.05e-05,5.987e-10,14700000.0,0.088,0x11...7320,https://etherscan.io/tx/0xbfd4ab3991f4b0bae7bb745180d75c37dc8155c3e857882a3ee08c1196fa36b6
2023-03-21 02:52:11,False,1.05e-05,5.989e-10,1070481.0,0.0064,0x6a...b92d,https://etherscan.io/tx/0x099863b00e6365eb9e9f78f29a0614db7aa004879f343e56233fb78a964cee11
2023-03-21 02:49:11,True,1.056e-05,6.024e-10,9361829.0,0.0564,0xb1...f699,https://etherscan.io/tx/0xb15faf9bd902bb820daa820b30baa82a3667afdd3f21b40e77c849ecadcf096c
2023-03-21 02:43:35,True,1.055e-05,6.023e-10,4723185.0,0.0284,0x73...2b04,https://etherscan.io/tx/0x3ca263ed78750efe459a695c80643fb5520df7c9796dd34a06d4a321b5ab5947
2023-03-21 02:41:47,False,1.048e-05,5.987e-10,4618530.0,0.0276,0x5c...1345,https://etherscan.io/tx/0x1c13cdd02d0622146551f444ba37759ae34ea4cb339488b3d911d4bed67bb3ba
2023-03-21 02:36:35,True,1.051e-05,6.023e-10,544430.0,0.0032,0xdd...dfa8,https://etherscan.io/tx/0xdc611edf79eaee9f934e776118ea3019a2560a04c1d3efbb9f6040e557f5a828
2023-03-21 02:35:59,False,1.045e-05,5.988e-10,8376883.0,0.0501,0x1c...23f3,https://etherscan.io/tx/0xd0ac95a0af3fdfdab3102157ac56969626f9cb741d44bd6669ef312596b4547e
2023-03-21 02:32:11,True,1.05e-05,6.025e-10,847246.0,0.0051,0xe8...eff5,https://etherscan.io/tx/0xcc5029facab6c4b02c98ba3ba26f41e8a6c3e243f1b3b1fb11694d1c4dd3e33b
2023-03-21 02:31:11,True,1.049e-05,6.02e-10,49829810.0,0.3,0xcb...633a,https://etherscan.io/tx/0xc31d88ac8bdecfc8aed5db9978133d7bcf2586fd43d4dc40a42a7e0616c82761
2023-03-21 02:31:11,True,1.047e-05,6.01e-10,61871324.0,0.3718,0x03...3485,https://etherscan.io/tx/0xe40c0ccd9a8989aa1639d914c5b9f82b11b50f5fa5b22259e07060c5836c336f
2023-03-21 02:30:59,True,1.047e-05,6.004e-10,3780626.0,0.0227,0x2b...250e,https://etherscan.io/tx/0x95bf74915c3ca592e6fc742e5a771fec8d69425bd51f1f140c56dbcaea6bce02
2023-03-21 02:28:11,True,1.047e-05,5.999e-10,51674343.0,0.31,0x31...d1d5,https://etherscan.io/tx/0xdae221b6f0c8692a537fead293b769423e818e1f07b270c95ca343dbcf089aef
2023-03-21 02:19:59,True,1.045e-05,5.992e-10,18889865.0,0.1132,0xbe...bf45,https://etherscan.io/tx/0x9bdee67ba4d151cacc5b24a010058b95ff6dfe6b55d0c5e9a38380d712848c47
2023-03-21 02:14:47,False,1.042e-05,5.984e-10,323918511.0,1.93851,0x3c...858e,https://etherscan.io/tx/0xb80bc58e3cd61c0dafeb54714c91e954e013db7e49acd991776ea54cc491ded6
2023-03-21 02:13:35,True,1.054e-05,6.05e-10,930542.0,0.0056,0xbb...29c4,https://etherscan.io/tx/0x12f7ec13e8819349b0410c391c6c19debb31a620672b1446fe67caf134d538b2
2023-03-21 02:12:47,False,1.05e-05,6.014e-10,4419872.0,0.0265,0x60...113a,https://etherscan.io/tx/0x6b8ed34a7184615b83945d8dde991851d1dc2b9dd57da4a78f419475ed4f2222
2023-03-21 02:10:47,True,1.056e-05,6.05e-10,5917829.0,0.0358,0x95...f203,https://etherscan.io/tx/0x19e0c3f30469710be26cbaaf581f448e938ef34c642f90948d9244deb2ecd690
2023-03-21 01:45:47,False,1.051e-05,6.013e-10,2468669.0,0.0148,0x19...e723,https://etherscan.io/tx/0xb5140374c91594bb967c4e18ccb68bdfdf84168edc26effb9d3a8403ae3a36ce
2023-03-21 01:44:47,True,1.057e-05,6.049e-10,6579475.0,0.0398,0xe2...8518,https://etherscan.io/tx/0xd1c13e7d6f3400c644d730b7e49e30b03e79c2271adc6bd53c0f15f98f8b90d8
2023-03-21 01:44:23,True,1.057e-05,6.048e-10,7289490.0,0.044,0xcf...8d49,https://etherscan.io/tx/0xe770f859916255ea53c38847eca0ee079476a5718be57cd4082dfb4e346458dd
2023-03-21 01:37:35,True,1.054e-05,6.047e-10,7320274.0,0.0442,0xeb...973e,https://etherscan.io/tx/0x70c8e654b19437c34069a830b1da2f18ac823fc753e1aae1d4ac41d4e0eabf43
2023-03-21 01:34:59,False,1.047e-05,6.01e-10,7217614.0,0.0433,0x10...737f,https://etherscan.io/tx/0x4246188a60c88289039ec500dfbc5905043a81a6904e69e4654f9d617f2c10cf
2023-03-21 01:32:47,True,1.053e-05,6.047e-10,2147.04,1.298e-06,0xaf...94ec,https://etherscan.io/tx/0x4e22a5333c6bf7851d4f9b648dda059429f0e6c38300a92bb5d3dac4c6bb89b9
2023-03-21 01:23:35,True,1.051e-05,6.047e-10,327806.0,0.0019,0x38...a6aa,https://etherscan.io/tx/0xad4bd1a715acbf9cae1ff6ca1ac2feeb72e92a901dc843967323ebb96cd9d727
2023-03-21 01:21:23,True,1.05e-05,6.044e-10,32797229.0,0.1982,0x37...3cc1,https://etherscan.io/tx/0x597a4c61954ba61ca2935d2158c8a5d4b19e9350f89087f82ac81e79795df0a4
2023-03-21 01:20:59,True,1.047e-05,6.027e-10,152047270.0,0.9164,0x60...ab2f,https://etherscan.io/tx/0xece33d5ffd9b0f7e6b1a28072b8e48ea533c370e8c057613e5eac4d666841353
2023-03-21 01:13:35,False,1.039e-05,5.996e-10,210000000.0,1.25933,0x22...b7ae,https://etherscan.io/tx/0x0c3a3af0dfbdc752b7edd03de8b3080cd9ccb7dab53970e2279f671067bd8d0b
2023-03-21 01:10:11,True,1.047e-05,6.05e-10,20798572.0,0.1258,0x9b...020a,https://etherscan.io/tx/0x6b09ee093cc3f8cbc86afdc290cee0814850e745a3066bd5f8bba5ad319e945a
2023-03-21 00:59:23,True,1.048e-05,6.047e-10,10089739.0,0.061,0x37...4957,https://etherscan.io/tx/0xed4cb40388979a22b577504dc4b90b3f486a757caa6f1e31063b6d14d64767ee
2023-03-21 00:57:23,True,1.046e-05,6.045e-10,9280595.0,0.0561,0x7a...dced,https://etherscan.io/tx/0xaa5f32dc40d10e3d394a2f438eb0c2e6c0eef0f796cc385581ff7f63ac7a6dda
2023-03-21 00:52:11,True,1.044e-05,6.044e-10,568636.0,0.0034,0xce...71ce,https://etherscan.io/tx/0x5337f0244f4279f22a02358c8414e362324f12dd58e0138bfbd6501530619d7e
2023-03-21 00:51:23,False,1.038e-05,6.01e-10,16674995.0,0.1002,0xbd...6138,https://etherscan.io/tx/0xe5d51f387878ea3f5bee3b09690fd6a72cede946554cc5dd1e3740fcde67badb
2023-03-21 00:49:35,True,1.045e-05,6.046e-10,13064473.0,0.079,0xbd...6138,https://etherscan.io/tx/0x4a1dbe616394295f74a3f2339820413417062ec5e7e17408f1acc057e703d420
2023-03-21 00:30:23,True,1.047e-05,6.045e-10,98526.5,5.956e-05,0xb7...bb6c,https://etherscan.io/tx/0x682813a429878cef43df8ac39da9b1a06f0395f7a91d900068f209cbf3f80ec8
2023-03-21 00:28:11,True,1.045e-05,6.045e-10,2331093.0,0.014,0x68...d235,https://etherscan.io/tx/0x9b6710220f162b5468816b331b9cf0aad315b45ef13cd4171811a46e2d80b96b
2023-03-21 00:22:23,True,1.046e-05,6.041e-10,39726666.0,0.24,0x82...2bbb,https://etherscan.io/tx/0x8059d13b17a9a91af57b6864c8d8a3363d8d68fbe70c3cf6c87a7ac106667e15
2023-03-21 00:20:47,True,1.046e-05,6.037e-10,93830.5,5.665e-05,0xed...8f73,https://etherscan.io/tx/0x2892a09aa62f1012692a4c1b4ad7ecb6a5dc4a26ffe4de6caa985eeb4daab224
2023-03-21 00:19:23,True,1.046e-05,6.036e-10,14270970.0,0.0861,0x0b...100b,https://etherscan.io/tx/0xf7529888dfb146a84a1da944a9ecc0afe79d6fda583d05aa9104de5e52708228
2023-03-21 00:16:23,True,1.045e-05,6.034e-10,9525387.0,0.0574,0xbb...8a26,https://etherscan.io/tx/0x84fec2dedb0a4dfa55788cde0817dbcb64abe0d2d00ca25206397d37605b6f5b
2023-03-21 00:11:23,True,1.049e-05,6.018e-10,155653730.0,0.9368,0x00...4b1c,https://etherscan.io/tx/0x1d2cd1e4eb085d841dea894b0995b228594f5a20ebe6f38e2ad9d210525377b5
2023-03-21 00:05:47,True,1.05e-05,6.004e-10,902095.0,0.0054,0xa6...6120,https://etherscan.io/tx/0x8f4320d9bb75633e405a7a016bba0dcc7001abef91e7c97d98d9b3b853108611
2023-03-20 23:52:11,False,1.043e-05,5.971e-10,30545642.0,0.1823,0x40...18a9,https://etherscan.io/tx/0xf9fc3e05e9eb30c30c05d16579ba73718c0e735093f4cc297ede8e9450b5dc91
2023-03-20 23:51:11,True,1.05e-05,6.009e-10,2459199.0,0.0147,0x53...47c6,https://etherscan.io/tx/0xed6af8099e57cbc2703d324deea64bf17aba276101d1990f9fc0d399bd0e31a5
2023-03-20 23:43:59,True,1.051e-05,6.007e-10,18851689.0,0.1132,0x44...1c21,https://etherscan.io/tx/0x6ecff3402aaff407636f0c8b009ce3ce89172a0199d679acb8f1c40baeef280b
2023-03-20 23:41:47,True,1.049e-05,6.002e-10,33906244.0,0.2035,0x44...1c21,https://etherscan.io/tx/0xd7d454257b6f329bacb90c68e0840cb0bd3ef61d3cefc12dfc6b4781627d99d9
2023-03-20 23:37:11,False,1.042e-05,5.964e-10,9298672.0,0.0554,0xc4...7160,https://etherscan.io/tx/0x38d655d563a11f013b28c9cb5dddb6303fd657dccc907d016d3f88fdd3fa3b2b
2023-03-20 23:34:23,False,1.042e-05,5.966e-10,5171510.0,0.0308,0x94...950a,https://etherscan.io/tx/0x11093edb635f364b61f552c29896d33b8c731f96b9867b1a23c298c47f6fcce2
2023-03-20 23:31:59,True,1.049e-05,6.002e-10,3021297.0,0.0181,0x05...93c8,https://etherscan.io/tx/0xbfcc9244fdba50fdb2792f7f9a46dd41c4e500b9e586736c299cd7eb787954e9
2023-03-20 23:20:47,True,1.049e-05,6.001e-10,7477610.0,0.0448,0xbf...fb18,https://etherscan.io/tx/0xfa5bea1cd98b906f731ad076f89054d3edd27cb3db1a63079891568be73896e4
2023-03-20 23:15:59,False,1.042e-05,5.966e-10,20000000.0,0.1193,0xb8...08e9,https://etherscan.io/tx/0x57207b74959a405d6a8f24a92fc8b2b079ca7b45c3faa8c8adabf9680f759e5e
2023-03-20 22:57:11,False,1.046e-05,5.968e-10,6025005.0,0.0359,0x77...e6a8,https://etherscan.io/tx/0x8c8b6c8a0b16e68fe9a86f0da586684e2763fce24631640e1f8ac58288a6cb30
2023-03-20 22:55:11,True,1.053e-05,6.005e-10,83259.8,5e-05,0xf8...20d6,https://etherscan.io/tx/0x5e5509ca90b0cceb2cdb32a04732f5efc1b97e8c1259a98c147df5f92419177e
2023-03-20 22:47:11,True,1.039e-05,5.939e-10,724130072.0,4.30096,0xf9...9524,https://etherscan.io/tx/0x49de7f04c14e8dfaaa39134dd1f53104889b8c88ff41f47cbff7181e5ffef2de
2023-03-20 22:47:11,True,1.025e-05,5.859e-10,168904845.0,0.9897,0xa0...054d,https://etherscan.io/tx/0x5cad60ba1f88122847a46c036fcab6d80a46306dc96342a50bbfa2c377663be3
2023-03-20 22:47:11,False,1.032e-05,5.898e-10,1000000000.0,5.89847,0x02...d641,https://etherscan.io/tx/0x11ae50a474408ea0473e42c19df5353054c5795eadec170553c2093681477f59
2023-03-20 22:45:23,False,1.049e-05,5.99e-10,23830651.0,0.1427,0xd8...7001,https://etherscan.io/tx/0xbbf94d9158b0b9f4239ff5c9026e8e25497a0439eb8dc88a77a8f0870e1af2fe
2023-03-20 22:41:59,True,1.057e-05,6.02e-10,87200700.0,0.525,0x76...7d5e,https://etherscan.io/tx/0xe469381a16b4a9dd390ddde2c93045c163b278cf1de001225516a5829f5c8254
2023-03-20 22:40:23,True,1.055e-05,6.009e-10,32447239.0,0.195,0x71...38ca,https://etherscan.io/tx/0x40542e291c8a00cac2f73390371e83194d89e1a311f8db87bc42ebda04d696f0
2023-03-20 22:39:11,False,1.048e-05,5.971e-10,11406069.0,0.0681,0x1b...ea67,https://etherscan.io/tx/0x5b8ef7d1982e2f308cc45a3443ac4c4b022fe7b802b9fa467de3f559cb9a149f
2023-03-20 22:36:59,False,1.048e-05,5.973e-10,1949350.0,0.0116,0xe4...c57b,https://etherscan.io/tx/0x72826d02169d722bada8e1fd85ad42aba5c685ef9ae63a100dd90e2f61ef8a2b
2023-03-20 22:31:59,False,1.05e-05,5.974e-10,12210342.0,0.0729,0xb6...ed99,https://etherscan.io/tx/0x4bba93dfaad0d3252fdcb07513624bd7ca0c0aa816b7aacf3df6ed2e56cfa9e3
2023-03-20 22:29:23,True,1.056e-05,6.01e-10,8696192.0,0.0522,0x3f...6d16,https://etherscan.io/tx/0xbad2147e08fa9c77dc0f5be241d398483772bc7bc4d3b789a8b4a30468228bcb
2023-03-20 22:25:23,False,1.05e-05,5.974e-10,9067317.0,0.0541,0x1e...d06b,https://etherscan.io/tx/0xd6dac0524a7d129f32e6f6ff6704fc0455fff2bb7e91a72e87b422ef12e8b41a
2023-03-20 22:24:23,False,1.05e-05,5.977e-10,18943488.0,0.1132,0xcc...2db2,https://etherscan.io/tx/0xcd4ec9de6bb6a65503ed6d9305609ee669aa07fa8f5dfe266f8cd6704e941722
2023-03-20 22:23:47,False,1.05e-05,5.979e-10,1658691.0,0.0099,0x74...a337,https://etherscan.io/tx/0x9e2ecb66258521aacd47025c600371b19cf465812ea369b08e788b47377c3737
2023-03-20 22:18:11,True,1.057e-05,6.015e-10,4637.95,2.789e-06,0x87...4e15,https://etherscan.io/tx/0xda377111ab09b96a54d655ae013047f457bcfe186fef8666ea57cb4b31ac19df
2023-03-20 22:17:59,True,1.057e-05,6.015e-10,18279.0,1.099e-05,0xea...0128,https://etherscan.io/tx/0x6aa8271d52a3fcb82952d40e56a5db4a0e7c81b8e9e52ba1079cc94cb43cbf1c
2023-03-20 22:17:35,True,1.056e-05,6.014e-10,11406069.0,0.0686,0x20...f4fe,https://etherscan.io/tx/0xe9f99570f76e51b7fe576ad3a84fcc07a7ad32879cc3b31661c9e23bd52e90aa
2023-03-20 22:12:11,True,1.057e-05,6.013e-10,1634339.0,0.0098,0x28...51f7,https://etherscan.io/tx/0x24bbc288a2774c275a0a45f6cfe59cdb51c14b0d8e35d27291ddff9b947ab66c
2023-03-20 22:11:35,True,1.055e-05,6e-10,138693391.0,0.8321,0x74...d510,https://etherscan.io/tx/0xb3424508c5fe5aca6275b9a50ae9db3c6f0dbed730c926592cb8fbc4368591e1
2023-03-20 22:08:11,True,1.053e-05,5.986e-10,9390578.0,0.0562,0x06...9ffb,https://etherscan.io/tx/0x5f16e4ad8728b52d87b4f0d85606ff5d9f2743f7aeb57b30aa21d14d1a7f979f
2023-03-20 21:58:11,True,1.052e-05,5.985e-10,167063.0,0.001,0x5c...0a69,https://etherscan.io/tx/0x38cd28274be80f4bcfdc230304e76bce91c59b2574b944a6347f7c3992292966
2023-03-20 21:47:11,True,1.05e-05,5.985e-10,6624752.0,0.0396,0xa1...f4f2,https://etherscan.io/tx/0x85262b55fde1db45c6e71f36f04b5b30387a91a39c2cf0823d6b2d1712e9e017
2023-03-20 21:46:59,True,1.049e-05,5.978e-10,62944597.0,0.3763,0xe0...3ee7,https://etherscan.io/tx/0x33a6ae68fae9b0c4425703b4e04a51cad87bc0f029c4ebe04990c688b4b0bae9
2023-03-20 21:40:59,False,1.042e-05,5.938e-10,11820854.0,0.0702,0x8d...121b,https://etherscan.io/tx/0x42f17628c5e7851e04ef5f6407b1e41d778280b5507cd1aaafa22c0d27a244f8
2023-03-20 21:36:59,True,1.049e-05,5.974e-10,7691589.0,0.0459,0x5e...72c7,https://etherscan.io/tx/0xcbef13c066db498a52a20fdf552e6ec77b52d5d7d3850567fe09fdfb133a78ff
2023-03-20 21:32:59,False,1.044e-05,5.938e-10,4197443.0,0.0249,0x51...79f5,https://etherscan.io/tx/0xd06d2c12f30f1dbb29458dc33d221f50bbf05f5989f4dfb5374ea95b4c579b4b
2023-03-20 21:31:59,False,1.044e-05,5.938e-10,1227531.0,0.0072,0x91...7163,https://etherscan.io/tx/0x51981c1dc9f728db0b67c1d51b7e3b26d3c37de4e45df6d9693763c19087f80d
2023-03-20 21:27:59,False,1.043e-05,5.939e-10,1930915.0,0.0114,0x4d...e378,https://etherscan.io/tx/0x790e2700ce4ea3c82a863410019b679015332637cb9ce9a18f515a431698e5fe
2023-03-20 21:19:23,True,1.047e-05,5.974e-10,9449192.0,0.0564,0x2f...e399,https://etherscan.io/tx/0xbd5014c862179ce655f82b11e03db6f3fb20ff2facd3fe8ab7830ab1f15ce7f3
2023-03-20 21:18:47,False,1.042e-05,5.937e-10,75083.7,4.458e-05,0xe9...18b8,https://etherscan.io/tx/0x4b9896a67da376983b93b31495b54cebbe40698e4053746eca19641328a3b194
2023-03-20 21:17:11,True,1.047e-05,5.965e-10,92204039.0,0.55,0xdf...84bc,https://etherscan.io/tx/0x09b07bcd4e247efb95a4a5c367f4bda225a9eb9f1ea488d470f828b16c59f7fe
2023-03-20 21:15:35,True,1.045e-05,5.956e-10,6718991.0,0.04,0x47...121e,https://etherscan.io/tx/0x323c50bb1ab4d5dff864d7e1ba0b297321a0069938cbbbac5aab8a52eda047f0
2023-03-20 21:04:11,True,1.043e-05,5.947e-10,87999076.0,0.5233,0x30...98ec,https://etherscan.io/tx/0x357e2cbb56338ad962c04e93772dbe6310eeb4654c177de1e2e479a288832d00
2023-03-20 21:04:11,True,1.041e-05,5.939e-10,380.988,2.262e-07,0x30...98ec,https://etherscan.io/tx/0x357e2cbb56338ad962c04e93772dbe6310eeb4654c177de1e2e479a288832d00
2023-03-20 20:58:59,False,1.035e-05,5.908e-10,50000000.0,0.2954,0xa9...e6d1,https://etherscan.io/tx/0xbc11576d7ef5210a8e891a2abddcf5e938911277303c96eace42ace5a1e1abd7
2023-03-20 20:54:23,True,1.042e-05,5.947e-10,8391800.0,0.0499,0xd2...2da9,https://etherscan.io/tx/0xb2783a0720267d63b097183ded01ee33b2385daab85476f2bd5ee38fac031aac
2023-03-20 20:54:11,False,1.038e-05,5.924e-10,150000000.0,0.8887,0x02...d641,https://etherscan.io/tx/0x5fdacfdabc88434a3e2516cdb15f882e2ec5825e76669617ffc180b8e334d0a8
2023-03-20 20:51:59,False,1.041e-05,5.938e-10,4968527.0,0.0295,0xca...d2a6,https://etherscan.io/tx/0x519488252ae31051dcd3e6a4bb3876d24f6a336df5d5c6da8e116daa38fcbb27
2023-03-20 20:50:59,False,1.041e-05,5.94e-10,9206448.0,0.0546,0x1b...ea67,https://etherscan.io/tx/0xd4072e334346d0a03b97d63e57577707d5112e882ecf0bf818ae4360a267baf0
2023-03-20 20:49:35,False,1.041e-05,5.945e-10,48089584.0,0.2859,0xac...8cf3,https://etherscan.io/tx/0x28d6a07ccf69f8e76a8bf54f1e6dde583078250d62bceb374a99e2daa0cf4294
2023-03-20 20:49:11,True,1.048e-05,5.985e-10,848518.0,0.005,0x64...2d55,https://etherscan.io/tx/0xafeb65539995e85a4b525082ea10bc89f57a3f772b82b735e846f97a00b70404
2023-03-20 20:47:35,False,1.042e-05,5.95e-10,8594085.0,0.0511,0x78...af79,https://etherscan.io/tx/0x60da5a012b2a5af7ad47d1f1d8d6ed7134d16be9ac64b345ff1f5c39f62c8046
2023-03-20 20:42:23,False,1.041e-05,5.951e-10,3526836.0,0.0209,0xfe...f59e,https://etherscan.io/tx/0x9604ea5a8fdfa64de69b0ce90aa689035f8a869650d50342c4bcefaf98013921
2023-03-20 20:41:35,False,1.041e-05,5.951e-10,161932.0,9.637e-05,0x04...6a02,https://etherscan.io/tx/0x1c62002f05ebbcc6544fdc9387b6527d952d70cc211115b8d8c8b9f7015ee1dd
2023-03-20 20:36:23,False,1.038e-05,5.951e-10,1780914.0,0.0106,0x6a...4cdb,https://etherscan.io/tx/0x3473bea56830a9d5c8815046bedac143a883aa8ca03bba2729ceb0dd385fed9c
2023-03-20 20:35:11,False,1.038e-05,5.952e-10,2764398.0,0.0164,0x10...4d69,https://etherscan.io/tx/0x3463ee5c4317280ce0c536f3b7826bd7e043ec726eb9ad465a7ace88387f924a
2023-03-20 20:34:47,False,1.039e-05,5.957e-10,50000000.0,0.2978,0x49...3941,https://etherscan.io/tx/0x5d5b64aacf586ef56ce5a888c94076027d7bb65441c6f95c1dc62827a3ab9c4e
2023-03-20 20:34:11,True,1.047e-05,5.997e-10,315606.0,0.0018,0x55...e69c,https://etherscan.io/tx/0x5aea0fdce16ee743b56cb7d06b7099f6f00c849bc3166e83c519798385c8299c
2023-03-20 20:17:23,False,1.046e-05,5.962e-10,15360000.0,0.0915,0xcf...116f,https://etherscan.io/tx/0x1bd1b1949dfd7089ac1179d6968188cab3ef3a33ee9ce1c43993e0d42cd7fee6
2023-03-20 20:01:47,True,1.058e-05,5.998e-10,14903349.0,0.0894,0x42...b2bb,https://etherscan.io/tx/0x0f985a9a937617ee90c87da9280a82d38512279d17ee5a0bd266dc8dafde3d39
2023-03-20 19:59:35,True,1.054e-05,5.981e-10,174127254.0,1.04156,0x5c...d3e8,https://etherscan.io/tx/0x9647619ffb6bbae612f548b93bcf76bca4c46f7fd3225f3cd7d19c99ea14d492
2023-03-20 19:55:11,True,1.051e-05,5.965e-10,1403778.0,0.0083,0x8e...2919,https://etherscan.io/tx/0x950076c5f2c453871005846a89e017f912772c82ed533f19c5a4904b8ebdba0c
2023-03-20 19:52:47,True,1.052e-05,5.965e-10,1095496.0,0.0065,0x8e...2919,https://etherscan.io/tx/0xf014bfd3133c45ba9533402bbf947514a21d8ecd1abb49d53eaa9f8f59d29cf6
2023-03-20 19:51:59,True,1.052e-05,5.963e-10,14847193.0,0.0885,0x8e...2919,https://etherscan.io/tx/0x332c656d89f8b2b39c0347d811d986d047741b3de54a4000693d03ea45c5abbf
2023-03-20 19:50:23,False,1.046e-05,5.935e-10,94473311.0,0.5607,0x58...f16b,https://etherscan.io/tx/0x71ce86aa0ebcf1a6211acd9e977200afc4c6fc41b4b2dbf4397dc384017bfcf4
2023-03-20 19:42:23,True,1.051e-05,5.979e-10,458589.0,0.0027,0x55...1cc7,https://etherscan.io/tx/0x239b479d19e94b51e020c80cdc47735f24a8ccd12767899b92bbc4f1883bd26d
2023-03-20 19:38:35,False,1.044e-05,5.945e-10,16000111.0,0.0951,0x7c...aaa5,https://etherscan.io/tx/0x326dfcdab2a987979f577f368d784ea20038d8a06815879c0df490d4c6daab05
2023-03-20 19:36:35,True,1.052e-05,5.982e-10,124922.0,7.473e-05,0x2b...161b,https://etherscan.io/tx/0xcd1a34a24d626bdbcc2cb0c250c2fe33209b1b592247529f90af5716c191f3b9
2023-03-20 19:35:35,True,1.051e-05,5.979e-10,29765322.0,0.1779,0x42...b2bb,https://etherscan.io/tx/0x504f899d70f55951fd15643d55c8e7d5fa73b4d718e56e04d6255009b131a17d
2023-03-20 19:35:23,True,1.051e-05,5.975e-10,14684242.0,0.0877,0x3e...fcb3,https://etherscan.io/tx/0x6aefd063c765be9afd07d298391efda961c0a4eb18023a79babdd6a3f6fb312f
2023-03-20 19:34:59,True,1.051e-05,5.972e-10,16032984.0,0.0957,0x07...71b8,https://etherscan.io/tx/0x556078c9c0ec33d28a9077046ab45545c70282e0ac5f06076ec638631c546132
2023-03-20 19:27:23,True,1.048e-05,5.969e-10,21000000.0,0.1253,0xcc...0fe2,https://etherscan.io/tx/0x18e5939417fd17c528f3bda3766d75d91cad0be296a1f9d3c1338598bb2f13fc
2023-03-20 19:23:23,False,1.043e-05,5.948e-10,186766819.0,1.11105,0x99...7268,https://etherscan.io/tx/0x5e22c2c77b27fcc46b3dd72009b9b8df70deeef6cf00a47f9d239a781a902436
2023-03-20 19:10:23,True,1.051e-05,6.001e-10,7544063.0,0.0452,0x8b...086b,https://etherscan.io/tx/0x3fe570a3cb5d5c61bce8d27d7139bccd96ca4b1731dca1cac70cf079837442d3
2023-03-20 18:50:47,True,1.055e-05,5.999e-10,4166701.0,0.025,0xa1...4e5a,https://etherscan.io/tx/0x49718c709ab0d6faebc708f37887691b98cf348c1b907ce044f6dc8226a32d89
2023-03-20 18:38:59,False,1.049e-05,5.972e-10,93895559.0,0.5607,0x49...3941,https://etherscan.io/tx/0x415d535aa7c7b42f89ef2479ee11f4e14e101c67ce34b29c76f96c7b874b83ea
2023-03-20 18:29:23,True,1.058e-05,6.016e-10,5060.2,3.044e-06,0x53...254b,https://etherscan.io/tx/0x800b55d261bb0f5e0a5404a4d777cf9ef9d5cb749120860ff82869bc235613fe
2023-03-20 18:22:11,False,1.051e-05,5.981e-10,4705588.0,0.0281,0xbc...944d,https://etherscan.io/tx/0x79f37ae3c7716b34b3158500f3de8c11e07a7df44a5024ec293e94761e2f2f45
2023-03-20 18:19:23,False,1.052e-05,5.982e-10,9363109.0,0.056,0x9b...020a,https://etherscan.io/tx/0x6d8b7d166682564b9f04d3b94b1afce55aa7c83d2253602eaa4506588e67049e
2023-03-20 18:15:59,False,1.053e-05,5.983e-10,7200311.0,0.043,0x81...2e5f,https://etherscan.io/tx/0x71fa732b5aa1e20167eccb7bb348d3d0a8a538d9673906e3ac59b3023bd0595c
2023-03-20 18:14:11,True,1.059e-05,6.02e-10,2268207.0,0.0136,0x52...3a86,https://etherscan.io/tx/0x93f997ea9789674613299238872953b2b379b2cce34df96d59d27d90dd1adb34
2023-03-20 18:02:35,False,1.047e-05,5.986e-10,22983489.0,0.1375,0x72...79fc,https://etherscan.io/tx/0xf7db20882e58e3cdc36f12b0271126ccac4b97927e7de9eb88c9020612c6b0d0
2023-03-20 17:58:11,False,1.048e-05,5.989e-10,10933194.0,0.0654,0x1b...f04b,https://etherscan.io/tx/0x6e84a2cb439049010f6cbe9f3005d1c92555a6224ff24e15543dbed0e4e92ded
2023-03-20 17:55:59,False,1.054e-05,6.006e-10,173411558.0,1.04156,0x5c...d3e8,https://etherscan.io/tx/0x3ffb21e9bb0ce17e2175c197767a8edced982cb1c5caf96ad98e2bd77e4a3921
2023-03-20 17:52:59,True,1.065e-05,6.058e-10,65648.1,3.977e-05,0xea...22b7,https://etherscan.io/tx/0x2d31f70f1fb5ad4bec58ae7acd26b9badfd63da56257d7838e4c37010d3b2b5e
2023-03-20 17:48:59,False,1.06e-05,6.022e-10,1304240.0,0.0078,0x9f...ab41,https://etherscan.io/tx/0x75f47ad52c939341f52bb342aa0458b41063656032c179e2b7cf9bb9dc8bbd4d
2023-03-20 17:45:47,True,1.064e-05,6.055e-10,37412595.0,0.2265,0x8e...f508,https://etherscan.io/tx/0x069d59a2480af4c281dec2b80cc92bac80cbb5af2091558f4b7fbb2aaf673703
2023-03-20 17:44:23,False,1.057e-05,6.015e-10,4978953.0,0.0299,0xbc...944d,https://etherscan.io/tx/0x17be827e11367ea248d1372f33bcd90400f1139237705645c7b55e2994105e0a
2023-03-20 17:43:47,False,1.058e-05,6.021e-10,59535430.0,0.3585,0x16...19f8,https://etherscan.io/tx/0x218268f9545dae56ac8ba2ce4f42e43926fed48b02a65c37965bebae8c8df0fd
2023-03-20 17:41:47,True,1.066e-05,6.063e-10,1798238.0,0.0109,0x7b...2d47,https://etherscan.io/tx/0x743ce6cf86d60583ea640d55cfd66e94ba84a467bbc5e1a53010820e397c35ad
2023-03-20 17:34:47,True,1.068e-05,6.063e-10,3050208.0,0.0184,0x13...87a9,https://etherscan.io/tx/0xc873b1c88429c9d26e021b1aa1b11b643c38865c0e8d1b0eee17d06044176447
2023-03-20 17:33:35,False,1.063e-05,6.032e-10,64757372.0,0.3906,0x97...856c,https://etherscan.io/tx/0x31be92344d474fe0b99796eeb1467282c83897394ffa6a649ff703d3b98c0971
2023-03-20 17:19:47,True,1.062e-05,6.052e-10,236979604.0,1.43439,0x60...1df7,https://etherscan.io/tx/0x04b54fa75dd37f4e0567996a562dc7664b642f30ec662a9b5491cdc898b45b7d
2023-03-20 17:04:47,True,1.065e-05,6.03e-10,3959238.0,0.0238,0xc2...9302,https://etherscan.io/tx/0x4a646586d5d4bfb2e090de24733d371cbf50877bc2d8d546242ee9b036d04023
2023-03-20 17:02:35,True,1.064e-05,6.03e-10,71125.8,4.288e-05,0x2d...89de,https://etherscan.io/tx/0x8cf3d8026bc05fec00ed82fc6fe9a249a0b44160e3ee322fb6e9f978b3d11337
2023-03-20 16:52:59,True,1.067e-05,6.029e-10,2794631.0,0.0168,0x1d...d77c,https://etherscan.io/tx/0x63a7c2345c14d063f7c51aefd0f91499d49f82ed18973ed1ffbcee5bc9cd7386
2023-03-20 16:46:59,True,1.066e-05,6.029e-10,6941.78,4.185e-06,0x0a...e6ca,https://etherscan.io/tx/0x8c9d49b509ef462d036364710ba888397270b6b4be4e87c7c6cfda26fcbfe43a
2023-03-20 16:44:35,False,1.06e-05,5.994e-10,9149908.0,0.0548,0xea...74c4,https://etherscan.io/tx/0xe004c66ef8964a508968ec677387b7d59ee39e8dc1c039f8089a479a4e85ae37
2023-03-20 16:29:35,True,1.067e-05,6.031e-10,116809.0,7.045e-05,0x6a...0df4,https://etherscan.io/tx/0xdd0f9f1b8f4eb0e6d15341b2fdf00d5f0a2b8b6b33118c133b9be8277dac31b5
2023-03-20 16:25:59,True,1.066e-05,6.03e-10,8291182.0,0.05,0xc6...0cec,https://etherscan.io/tx/0xdf851a3eaab53ca605f086c0b414c5b29564fd5ae1704b90fdc1c2f79841f5f8
2023-03-20 16:25:35,True,1.065e-05,6.029e-10,7481113.0,0.0451,0x39...b0a4,https://etherscan.io/tx/0xcd63a95d214db9f7a50c12e6be6f0fcb8aa603cd782fc5e43a2574ad4424a127
2023-03-20 16:10:35,False,1.063e-05,6.01e-10,200000000.0,1.20212,0x9c...cd00,https://etherscan.io/tx/0x54335c49325db914e1def1361561527c2d1413315b0212e798f60ed12cbfcc9c
2023-03-20 16:07:11,False,1.067e-05,6.03e-10,12720347.0,0.0767,0xde...ad7f,https://etherscan.io/tx/0x4faee07e64c4349f3c156b335659336e6796a9041c262225183c5144864689db
2023-03-20 15:58:23,False,1.069e-05,6.033e-10,18501388.0,0.1116,0x50...dd3a,https://etherscan.io/tx/0x0e9f46110654333ca13442cf1fa285e5f8fa756fa7e72899ce3d3604d4540a89
2023-03-20 15:52:47,True,1.072e-05,6.07e-10,1632767.0,0.0099,0xd4...861f,https://etherscan.io/tx/0x2c48385af6052da5322984a091cd7fb13a31d347e2fc48dcb982e6f75a3d4697
2023-03-20 15:51:23,True,1.071e-05,6.069e-10,16070658.0,0.0975,0x2e...6890,https://etherscan.io/tx/0x888a931dc940c87135b93454aca87bb495c0554e4c89b3d8616715d72d607a1f
2023-03-20 15:50:47,True,1.07e-05,6.065e-10,22723961.0,0.1378,0xf3...dab9,https://etherscan.io/tx/0xc8c76cbbd570baf6ad58d56acceca92d8f81effb6f87eccd5d1b354703f09f9c
2023-03-20 15:48:47,True,1.069e-05,6.061e-10,24727015.0,0.1498,0x28...ad6d,https://etherscan.io/tx/0xa772e23f877870c5fb16a65bf9852e5e1905b00379c9672bec15faa385a7dbb6
2023-03-20 15:46:59,False,1.062e-05,6.023e-10,10000000.0,0.0602,0x62...7f3d,https://etherscan.io/tx/0x79f4f4367430506768012005f51ede7da9bbc57250728b8b4a028b4e2b2f762a
2023-03-20 15:45:35,True,1.07e-05,6.06e-10,560695.0,0.0034,0xd4...861f,https://etherscan.io/tx/0xdd385adaec0a4d81659b103979fb564447fe2c7f0a5d69a9e27ef28bf4682873
2023-03-20 15:45:23,True,1.069e-05,6.055e-10,54537332.0,0.3302,0x28...ad6d,https://etherscan.io/tx/0x459359881c2bd40102dc14de7a5a2ca4e61582940122fab174bc813a85e87599
2023-03-20 15:43:23,False,1.064e-05,6.015e-10,16095862.0,0.0968,0x86...d249,https://etherscan.io/tx/0x4e28feb2d0910d1e4424625f140cda25d74cefaa9df5430d9e9d472f4b58ef03
2023-03-20 15:41:11,True,1.071e-05,6.052e-10,8714919.0,0.0527,0xa1...b45e,https://etherscan.io/tx/0xb860c04b41909efeb57552715c1bcdf88aa460c7a14ac29cf3ca73462b5feb66
2023-03-20 15:37:47,True,1.07e-05,6.049e-10,28734079.0,0.1738,0x86...d249,https://etherscan.io/tx/0xdcc8076b6432d9b8407935ac2e46b80656ee5a1072d71d62899bce1fe4722de6
2023-03-20 14:53:47,False,1.058e-05,6.016e-10,69300318.0,0.4169,0xb2...36b2,https://etherscan.io/tx/0x7c55b5629a18110fadb43b235be7380524da70f0bc7ecf5293be5103bcf1d7d2
2023-03-20 14:47:23,False,1.058e-05,6.023e-10,2301052.0,0.0138,0xaf...2504,https://etherscan.io/tx/0x7a926b23c98f719274cbb0f97bd0c0c5a31e2feac5282f3eabdb3f832d231194
2023-03-20 14:47:23,True,1.064e-05,6.057e-10,25965889.0,0.1572,0xe4...53d4,https://etherscan.io/tx/0xe6518fd74a247669f7674d471b465733111361cb5606b616414c2b88d473c904
2023-03-20 14:43:11,False,1.059e-05,6.019e-10,9205021.0,0.0554,0x26...1441,https://etherscan.io/tx/0x07b880d649e704e12dc2f5351883d9efb46b52aba5ad100fd3dc069c6773ce0a
2023-03-20 14:40:47,True,1.064e-05,6.051e-10,72710101.0,0.44,0x8c...c656,https://etherscan.io/tx/0xdb14e3a61eb09d0a814104874fc400f9924efca4e7c18261d8e21fe0905045cc
2023-03-20 14:40:11,True,1.063e-05,6.042e-10,23950471.0,0.1447,0x00...0906,https://etherscan.io/tx/0x39a39abad6bc5850d1063de0d94c80d522a775c4c2bf3680999f5640a58facd6
2023-03-20 14:38:47,True,1.06e-05,6.035e-10,46975113.0,0.2835,0x8e...f508,https://etherscan.io/tx/0x4de9a2f248acabf78f43594cd462f6e88d8762bfb09ce80734f0a4e2024fa6d6
2023-03-20 14:29:35,False,1.063e-05,5.996e-10,9310000.0,0.0558,0xbc...3299,https://etherscan.io/tx/0xcd4f12e68d8194e7d45ae3f6d221c5377ca36198027d91c9d6c49966ddf8d379
2023-03-20 14:19:35,False,1.065e-05,6.004e-10,78422332.0,0.4708,0x45...84e1,https://etherscan.io/tx/0x4bc327698e4ddba7f6cc30c3d67cd47d09ccc893d5cf03c9ec604835c8885ff0
2023-03-20 14:18:47,False,1.067e-05,6.011e-10,4608466.0,0.0277,0xee...db43,https://etherscan.io/tx/0x1c496e9c464f33f51dae21dd6fb686d1f58ab62e3d25d7ff090abc4e243b56ca
2023-03-20 14:14:47,True,1.074e-05,6.047e-10,13776192.0,0.0833,0xfa...e047,https://etherscan.io/tx/0x38e7013fe9ef1829aec4d96a1a03eb84820302975cb5bd4c291748ffd22f3f44
2023-03-20 14:02:35,True,1.075e-05,6.045e-10,6616553.0,0.04,0x00...b9d8,https://etherscan.io/tx/0xfe37b41730fac5fad8a58bc940b5f99fb00433f03880679c1aa03cb42fd987bb
2023-03-20 13:52:35,False,1.069e-05,6.009e-10,13785244.0,0.0828,0x63...9681,https://etherscan.io/tx/0x03332dfd466ff422dfe1b015f65df58e1b419417a449491da98302ca89fe3285
2023-03-20 13:47:23,False,1.069e-05,6.011e-10,2254034.0,0.0135,0xf0...9ecd,https://etherscan.io/tx/0xf1edc25ab89d67cbc84799e407c12ba7be22dc26851a5b0c6fc1f06474f41a65
2023-03-20 13:42:11,False,1.069e-05,6.011e-10,1342587.0,0.008,0x0a...6772,https://etherscan.io/tx/0xbf09656da9be693fbd0434eac65757d74fc0038a49084d31b957dcd5b77eba2d
2023-03-20 13:41:47,False,1.069e-05,6.012e-10,9569387.0,0.0575,0x58...4dc8,https://etherscan.io/tx/0x913536981e591f23daf9c42b690359d6f24aeeb54e1a994b0e0d479e63b2b0cd
2023-03-20 13:32:47,False,1.071e-05,6.017e-10,42934613.0,0.2583,0x80...c73d,https://etherscan.io/tx/0x887fed26b57e2772bd3d6d31858a91867cb18a0d1b5258e0874abdc17c0c575c
2023-03-20 13:28:59,False,1.071e-05,6.021e-10,871779.0,0.0052,0xe4...c5a4,https://etherscan.io/tx/0xdc39168b3408ec7d62fec2dd62592baf778718916e17ce8bfde684886ee77930
2023-03-20 13:09:35,True,1.075e-05,6.057e-10,6843046.0,0.0414,0x82...3eb2,https://etherscan.io/tx/0xdbe9ea2c8c1c9a6c5d2fa872a388f8b8243d6380bc8ab240b89f18ccd01097fb
2023-03-20 13:07:23,True,1.076e-05,6.056e-10,654658.0,0.0039,0x8c...7659,https://etherscan.io/tx/0xbb12f054e2c230751e36885690769afde4185b3641cd59d2027e6408185f6688
2023-03-20 12:52:47,False,1.071e-05,6.02e-10,1000000.0,0.006,0xd6...bf87,https://etherscan.io/tx/0xba44fc383bf0a22f5381e4fd81fd8d59444f70c6c8454256754b83964c0387b4
2023-03-20 12:45:59,True,1.078e-05,6.053e-10,30185503.0,0.1827,0x67...b2b4,https://etherscan.io/tx/0x97d489bd0f230d51edf153113aee535c0918c7acdee2a46918b6ac22354e8d1a
2023-03-20 12:41:23,False,1.072e-05,6.015e-10,9748786.0,0.0586,0x2a...6267,https://etherscan.io/tx/0xa6ed889afeea9a02e8ccdfba6aeafeebf15fd408b9f9a6d40e91cf0f6e10c859
2023-03-20 12:34:59,False,1.073e-05,6.017e-10,14369149.0,0.0864,0xc3...c6f6,https://etherscan.io/tx/0x3724d7281f9ad0f91003375104e088f3690439b09a2645e70cb846ec93dd3cb0
2023-03-20 12:07:47,False,1.071e-05,6.028e-10,100735081.0,0.6072,0x87...670f,https://etherscan.io/tx/0x63f2494e169a4f20251c02e38f0f6f63cfaa5f736896c0f6549d7717dadaeca4
2023-03-20 12:07:23,True,1.078e-05,6.073e-10,4470986.0,0.0271,0xf9...660b,https://etherscan.io/tx/0xba2ea19d58b9a4a7deef6475da40157abc5de8379838c3c2cdb1be0c85a2435b
2023-03-20 12:00:47,False,1.071e-05,6.037e-10,10000000.0,0.0603,0xc5...b68c,https://etherscan.io/tx/0x69a5409af78c4e52bbedb39b108d7334d6c7d3522d6bf3e03720f3c1f2885d41
2023-03-20 11:54:47,True,1.076e-05,6.067e-10,87810937.0,0.5327,0xbf...16f6,https://etherscan.io/tx/0x3ab17200dfd8b1b82524023a5fa1e5b1b1ca46cb97d18c5356ea2ab356596970
2023-03-20 11:53:47,True,1.075e-05,6.057e-10,11660105.0,0.0706,0xbf...16f6,https://etherscan.io/tx/0xeffdbfccf79fd6dca7ec600e2c71c86e4f855630b59b1d966de49e6a44e79c4c
2023-03-20 11:51:23,True,1.075e-05,6.052e-10,44071095.0,0.2667,0x32...6ea3,https://etherscan.io/tx/0xdcc95fb7445341b1b26a95ee79f02140cf91a8ba746fb93f96f86b3b3572a204
2023-03-20 11:31:23,True,1.075e-05,6.048e-10,1325001.0,0.008,0xfe...bb4d,https://etherscan.io/tx/0xc5ed7d980db4df8a3c20cda95c71cacb7ddf7655ece251ca3aa3e8420a0d9838
2023-03-20 11:29:47,True,1.072e-05,6.048e-10,1914789.0,0.0115,0xa3...cadb,https://etherscan.io/tx/0xa5661c9f152e44e8e60b447d51368b749b52346ec784d8bb31441be0b067a34f
2023-03-20 11:19:11,False,1.066e-05,6.018e-10,77000000.0,0.4634,0x52...b73a,https://etherscan.io/tx/0xedc4534b1a7c52b679c67eea50ec96200059de1364afb29fb145d44be34c954f
2023-03-20 10:50:35,True,1.078e-05,6.062e-10,59192.4,3.588e-05,0xfb...eaaf,https://etherscan.io/tx/0x347b858c344770bdd1cd2e04715eb6be499b0e048947db4f9dd01bfb5efe8a76
2023-03-20 10:36:47,False,1.074e-05,6.026e-10,3200139.0,0.0192,0x8e...1566,https://etherscan.io/tx/0x578d8438dcd5a991650ca4275d9e22ac2a3212269d9f1d90fe0fa458a15ac1eb
2023-03-20 10:27:35,False,1.073e-05,6.027e-10,10000000.0,0.0602,0x62...7f3d,https://etherscan.io/tx/0x10c807100e0855beb27bff844cec78cc7cbade900111010af567bda21e62ec35
2023-03-20 10:23:35,False,1.073e-05,6.03e-10,25218872.0,0.152,0x62...7f3d,https://etherscan.io/tx/0xc5b64306e14eee2270b6211231b2ddd8604a8dab1a3b7f40e8d8d454c8f901d8
2023-03-20 10:18:47,False,1.075e-05,6.034e-10,14339877.0,0.0865,0xf4...2665,https://etherscan.io/tx/0x49c17200168651cc28b3b033b5ec4a912155cd8a7dffea2c4d416a2029f133ef
2023-03-20 10:16:59,False,1.075e-05,6.036e-10,11873360.0,0.0716,0x76...7d5e,https://etherscan.io/tx/0x554decd6f0a4f9834cc3efefa8b5b0ef8dc131e2782bbd78cc0097daf679657c
2023-03-20 10:16:23,True,1.081e-05,6.073e-10,5938788.0,0.036,0x55...ce90,https://etherscan.io/tx/0xb6fb1d7a8f467e849da6c74dc8dce25ba49e52f7dfac239846d5a48f6d6decc3
2023-03-20 10:16:11,True,1.081e-05,6.072e-10,5978147.0,0.0363,0x55...ce90,https://etherscan.io/tx/0x7b366c27f0cc2cb362387bbd8d5b2cac643b3ff2d6c21857f9f22f78241f8a15
2023-03-20 10:15:47,True,1.082e-05,6.071e-10,6017899.0,0.0365,0x55...ce90,https://etherscan.io/tx/0x3b025ce4651486c43262d84f1ffbec6d76f16498b69322cb1f449d112af8194e
2023-03-20 10:15:35,True,1.081e-05,6.07e-10,6058050.0,0.0367,0x55...ce90,https://etherscan.io/tx/0x4b9bc404fa8c9806edbf5d24d643a95af2c508588c80ca29abfac70870bbe536
2023-03-20 10:15:23,False,1.075e-05,6.034e-10,9092604.0,0.0548,0x71...1309,https://etherscan.io/tx/0x4d9b20ad93432748b05222f8f9567652c3be2a7573df639d9c27fbe536a491e3
2023-03-20 10:13:11,False,1.077e-05,6.043e-10,92252749.0,0.5575,0xf0...2780,https://etherscan.io/tx/0x7551d19d8c8ab4d3c07857d3ff0ecb212bd59f642ece3c0bf8e7b75612cbedd0
2023-03-20 10:09:35,True,1.084e-05,6.088e-10,6079684.0,0.037,0x55...ce90,https://etherscan.io/tx/0x9e351676e40bc4cd612c317a007b1a5c9f4f81dd60cd01c7a52223a290269672
2023-03-20 10:09:11,True,1.084e-05,6.086e-10,6120518.0,0.0372,0x55...ce90,https://etherscan.io/tx/0x1cd55f793fb39414892c30fac5ef72f9db982c66e529fe0842c596c9c43ace62
2023-03-20 10:08:59,True,1.083e-05,6.085e-10,6161764.0,0.0375,0x55...ce90,https://etherscan.io/tx/0x4f855f96e61f4ca6707c2e57a2044de96c72cfc7c8053dad6bb8eddaa1568f85
2023-03-20 10:08:23,True,1.082e-05,6.084e-10,6203429.0,0.0377,0x55...ce90,https://etherscan.io/tx/0x498a8bc6331d94a191c8a8d02f0a4404764ed34457ffaf781a89e581faf0b05a
2023-03-20 10:08:11,True,1.082e-05,6.083e-10,6245519.0,0.0379,0x55...ce90,https://etherscan.io/tx/0x6fd1a40daef28062e247b016453795886df1220231ab027eab493e6e84f0d8ed
2023-03-20 10:03:23,True,1.088e-05,6.081e-10,10057957.0,0.0611,0x8d...e2bb,https://etherscan.io/tx/0x2e65c21395020d56dcab1ba0f2b7f566c10d99d4657e8e975ce56ebab9527adf
2023-03-20 10:02:23,True,1.084e-05,6.066e-10,160392908.0,0.9729,0xae...ae13,https://etherscan.io/tx/0x8e80f6265ad5c187c0bbc340de1449c8d5b1ec272c798bf04e2da947548c7271
2023-03-20 10:02:11,False,1.075e-05,6.015e-10,8567466.0,0.0515,0x3b...7b75,https://etherscan.io/tx/0xe6c3899fe1f80b77d37ddaf27f255eebcf8a2056f667522924a30630a067eee7
2023-03-20 10:00:47,True,1.082e-05,6.052e-10,2721976.0,0.0164,0xd6...95dd,https://etherscan.io/tx/0xf365c5cc21c8d93780586c6e0c9179c64f1bd153a7b9a37a4ed78bd73330047c
2023-03-20 09:57:35,True,1.082e-05,6.051e-10,6319920.0,0.0382,0x55...ce90,https://etherscan.io/tx/0x6d2a6d41dd91a7d6a61381eff801b30e427a8aa112c1ab0fad6012c00322ddba
2023-03-20 09:57:23,True,1.082e-05,6.05e-10,6363096.0,0.0385,0x55...ce90,https://etherscan.io/tx/0x471bc3ada4b7e3a819af92311d5b333fd3eee9298447c2c8799fe3d4b110f7dd
2023-03-20 09:56:47,True,1.08e-05,6.049e-10,6406717.0,0.0387,0x55...ce90,https://etherscan.io/tx/0x130130d821c72ca223372b8535d4d0cfeaeffde76c058a846b3ae2bb85b61c27
2023-03-20 09:56:35,True,1.08e-05,6.048e-10,6450787.0,0.039,0x55...ce90,https://etherscan.io/tx/0x1177a4961eec399179790c626432dd1eb5696f2202cf294ad834081330c96972
2023-03-20 09:54:35,False,1.076e-05,6.029e-10,195443293.0,1.17838,0x76...7d5e,https://etherscan.io/tx/0x8154d6213defb6f642978b63a4638277a4fea6de8970473690a9acc09e2be40c
2023-03-20 09:53:23,True,1.084e-05,6.083e-10,6456555.0,0.0392,0x55...ce90,https://etherscan.io/tx/0x9f23344f637a27082a3fde95531d6ce5548623d56f70f1e4628aad5d2b5ab971
2023-03-20 09:53:11,True,1.084e-05,6.081e-10,6501272.0,0.0395,0x55...ce90,https://etherscan.io/tx/0xb3d2b187ee20eb4ce65c82082fd44f0900960f46c747f5bafca9fd15af7a4ca2
2023-03-20 09:51:47,False,1.078e-05,6.045e-10,10000001.0,0.0604,0xf4...2665,https://etherscan.io/tx/0x2c2074a8a06d2be20523beb395feb170e618522a270109fed59909bf78ea6532
2023-03-20 09:50:23,False,1.078e-05,6.047e-10,10005556.0,0.0605,0xf4...2665,https://etherscan.io/tx/0xf83b9f0bad3df77036b2d36245d185061f2d3ba8861a9657a36d2f37ee6c83ed
2023-03-20 09:41:35,True,1.084e-05,6.077e-10,79231764.0,0.4815,0x00...4f5a,https://etherscan.io/tx/0x6c1c2b1cc940db758297ade12f921f67b2b8886f455e2250dfff50ab0d1e29ba
2023-03-20 09:41:23,True,1.082e-05,6.065e-10,55567954.0,0.337,0xdd...7c5a,https://etherscan.io/tx/0x8e4a9ae8d355689576a0dea63f2b893f3fd6c5dc944785de85049bcd0823abcf
2023-03-20 09:41:23,False,1.074e-05,6.023e-10,1656536.0,0.0099,0xc5...b68c,https://etherscan.io/tx/0x64a2c16d1dcde273559c342ffe2716c7f8da967be7f58fa2b8fae3cf30fe806a
2023-03-20 09:40:23,False,1.076e-05,6.024e-10,7800000.0,0.0469,0x58...ef64,https://etherscan.io/tx/0x570861d33611d26e9260bf91bf6455e13494d5150048b61f5b24c6a0dc93ad7a
2023-03-20 09:36:35,True,1.084e-05,6.061e-10,51259.3,3.107e-05,0x11...c5e2,https://etherscan.io/tx/0x5292e82239df1f61d047d04d46b47443c7a8cd040c250ba17e67da758404a2d0
2023-03-20 09:28:23,False,1.077e-05,6.033e-10,91159855.0,0.55,0xb0...dd9e,https://etherscan.io/tx/0x91d9c880bc5be21a7b593a893dfc09964e15ad57b15e679ca9438a7b73a91c1d
2023-03-20 09:09:35,True,1.093e-05,6.077e-10,8643282.0,0.0525,0x0e...0b86,https://etherscan.io/tx/0x92d0b54fecfaecf0f00e6169dc08da287f3b8e5bfbad02931c0e9fa67ecc9021
2023-03-20 09:07:23,True,1.093e-05,6.072e-10,45126482.0,0.274,0x39...20d7,https://etherscan.io/tx/0x14396e79224d1a08ad1376db9ff59fd9dadc8d95be96660ccbeac1faaf7ce9be
2023-03-20 08:49:23,False,1.077e-05,6.034e-10,29000000.0,0.175,0xf1...8da5,https://etherscan.io/tx/0x436dc6a47e724c9c510cfde2cfd6500ea600c7d48eec26a6ce12b0a33673cd61
2023-03-20 08:37:35,True,1.077e-05,6.073e-10,658553.0,0.004,0xa8...2956,https://etherscan.io/tx/0xbe79bf84b7c3e5d8bb9a0847e6722daec53587ae3b81cae4d768b31f2e587ef9
2023-03-20 08:37:35,False,1.072e-05,6.042e-10,51799729.0,0.3129,0xd2...8434,https://etherscan.io/tx/0x9afc0ba44eaf303d18e15a340456d5c9eee0e0b54c1ba39529d0d9673efaa68e
2023-03-20 08:09:47,True,1.072e-05,6.083e-10,43768.5,2.662e-05,0x9f...a691,https://etherscan.io/tx/0x8c93aa3a9b8995be3c32d17dcb7d68836a09d9de2c6f721bd4c2ea77cfab8ac0
2023-03-20 08:05:23,False,1.07e-05,6.07e-10,8323833.0,0.0505,0x76...7d5e,https://etherscan.io/tx/0xb0788e62c6b578265ae478430c6e7320080f508b8c7a1fd7a544ac6839bbb6e5
2023-03-20 07:58:35,False,1.069e-05,6.073e-10,20000000.0,0.1214,0xea...4166,https://etherscan.io/tx/0x33f64711536a507ce0daec3344b41ddf2da7e52d18eb719633b8a94a8f4a2941
2023-03-20 07:48:59,False,1.066e-05,6.076e-10,10000000.0,0.0607,0x93...5aed,https://etherscan.io/tx/0xf42a615459ddae3ae9264066a5e1e195ac606f071abdf91e7dfd8ddc5e74e2e4
2023-03-20 07:47:59,True,1.073e-05,6.113e-10,253710.0,0.0015,0xa9...375e,https://etherscan.io/tx/0xaa244af67f29da58ffd01ba3b195ec0b49a220d396ad0b3e6b5c409ebba76079
2023-03-20 07:40:59,True,1.07e-05,6.093e-10,216236717.0,1.31759,0x5c...155b,https://etherscan.io/tx/0xaeb4ebe6f10a24e611560acd3f7e153750af81dc6bb4f8997691737d036f19a6
2023-03-20 07:36:23,True,1.067e-05,6.072e-10,1976002.0,0.012,0x70...248e,https://etherscan.io/tx/0xf2132e627516540d08a04aaedbae205ca9f649bbfd58ea0c24577ef51e12a08c
2023-03-20 07:32:35,True,1.069e-05,6.07e-10,24710178.0,0.15,0x9b...cc8a,https://etherscan.io/tx/0xcb4db911f7022497005e59a0a4a84a6afdebf9a227283399190e91301c4dcc8d
2023-03-20 07:32:11,True,1.068e-05,6.067e-10,1608039.0,0.0097,0xd6...676b,https://etherscan.io/tx/0x3f0f70d8e77c575de1ef60fe09a1bfee1a2c492f32303c14a9e49d2a050bd0b1
2023-03-20 07:31:11,True,1.068e-05,6.067e-10,2121494.0,0.0128,0xa4...931a,https://etherscan.io/tx/0x655c6c36667b9a9aa73720514928f11e991ff3491a018b3e05c92b5758e15bea
2023-03-20 07:19:11,False,1.063e-05,6.031e-10,5024846.0,0.0303,0xbc...ce43,https://etherscan.io/tx/0x6411a6485e28a4338dd2b740ffe27536bed5e15f7618d6bd4329821ad45171aa
2023-03-20 07:16:11,True,1.065e-05,6.045e-10,247661642.0,1.49718,0x76...fdef,https://etherscan.io/tx/0xf7aac7a4ef7777a005e997c331b0fdeda059b32ff1f78b9853bd17c02567d2ef
2023-03-20 07:16:11,False,1.051e-05,5.964e-10,419028190.0,2.49921,0xa7...9262,https://etherscan.io/tx/0x791ccffa6a5d75e042614877094cf0bd6f201b7455c1c0f56185af899c98831f
2023-03-20 07:05:35,False,1.068e-05,6.063e-10,5003712.0,0.0303,0x78...87e8,https://etherscan.io/tx/0xa497de6a1fc58e0f20e1aabe92439b8f197eafdd30a896e48a0d87b9317d2b68
2023-03-20 07:04:23,True,1.074e-05,6.1e-10,3947936.0,0.024,0x00...3d00,https://etherscan.io/tx/0x6e0e0a258c6b499717a3984bf30a812558d79b14c24889df007d827c8b6159bf
2023-03-20 07:00:35,False,1.066e-05,6.063e-10,4637056.0,0.0281,0x2e...2907,https://etherscan.io/tx/0x7c630a8b204c334ff4dee635ac01a2fae242f68a1b9df0c9e1f931804cdabd6c
2023-03-20 06:54:47,True,1.069e-05,6.098e-10,23370120.0,0.1425,0xe6...2efb,https://etherscan.io/tx/0xb367d5d2a35dc817c68193f291309c40c5af945bf4c8fce71af6ef3220f90080
2023-03-20 06:50:47,True,1.068e-05,6.092e-10,47075320.0,0.2867,0xe6...2efb,https://etherscan.io/tx/0xdc857bd5224cc687343b2812028be441f7742123e7e3b109d2ade73aec850aca
2023-03-20 06:48:59,True,1.067e-05,6.087e-10,5179123.0,0.0315,0x3e...7f2a,https://etherscan.io/tx/0xb58850371143d16eff41d27ebbfa5b4daa117caf3f31303eba659ca1241999b8
2023-03-20 06:41:47,False,1.061e-05,6.05e-10,6929717.0,0.0419,0xaf...2504,https://etherscan.io/tx/0x9ff160615ae624a502614052458688f79fab19d5ab47e491e5001e23c999bc8a
2023-03-20 06:40:47,True,1.067e-05,6.087e-10,2307948.0,0.014,0x49...ca28,https://etherscan.io/tx/0x93789127136eb76e75fcd49c16a6afeb333a29097b09fb875ed5fb9f54676bad
2023-03-20 06:30:47,True,1.068e-05,6.086e-10,6513944.0,0.0396,0xa4...3d29,https://etherscan.io/tx/0x8e42d8edbc061343ddacb201550768601255450aeedb95b1a626600245c318b0
2023-03-20 06:03:23,False,1.059e-05,6.05e-10,9256064.0,0.056,0xfc...b794,https://etherscan.io/tx/0x276b432ddeb01f8433e9d367bf5e48ee21f43cd620f1301365f28d2268a47957
2023-03-20 05:59:23,False,1.06e-05,6.052e-10,10170141.0,0.0615,0x68...4287,https://etherscan.io/tx/0x8395dd94f8af080a2e69f8337701398539a3052d9c87b00919a72180ef6e164e
2023-03-20 05:54:47,False,1.061e-05,6.056e-10,27374542.0,0.1657,0xb7...0b5a,https://etherscan.io/tx/0x7286bba328d1b841c9db3345a2b20c0f59fd04cb0e0e14d583e138a2fe8ac4a0
2023-03-20 05:52:47,True,1.068e-05,6.093e-10,13109812.0,0.0798,0xb7...0b5a,https://etherscan.io/tx/0x5922dbff370b787ee9e283687320c0808e59896885f914b50da624e8de8e774d
2023-03-20 05:32:47,True,1.067e-05,6.088e-10,40199196.0,0.2447,0xe3...969e,https://etherscan.io/tx/0x8e812dda9adbf2ac5fb75f96656f25c24b1a7fdab2f769f614f76e955a0aeff0
2023-03-20 05:28:47,False,1.062e-05,6.059e-10,112526138.0,0.6818,0x76...7d5e,https://etherscan.io/tx/0xceb020458cab4a5fa3a2a5dc16f63c7c72cfb9740cc8e7403824a7210f09974a
2023-03-20 04:49:11,False,1.063e-05,6.071e-10,16311974.0,0.099,0x54...9585,https://etherscan.io/tx/0xfcab7b6c743b21033bdf6508bd854da9a8758d5fc627501c5b22ef5b7b4865f0
2023-03-20 04:47:11,False,1.063e-05,6.072e-10,2221519.0,0.0134,0x79...0fa0,https://etherscan.io/tx/0xd333722d473ab5d05a9fd0209134c4085428f99d3c718172e43303dd1c23be38
2023-03-20 04:47:11,True,1.069e-05,6.108e-10,6926449.0,0.0423,0xa9...c3d9,https://etherscan.io/tx/0xa53982d31e24eefbb4ce36fc585905b23486af16c8f7bcd4ca8219e8f0755ac9
2023-03-20 04:46:47,True,1.069e-05,6.107e-10,4613921.0,0.0281,0x82...590c,https://etherscan.io/tx/0x52ea4bd2ccb06be36e48ceffe39f240f3fb12db446fc413c0840cf6aed0aab62
2023-03-20 04:44:35,False,1.062e-05,6.071e-10,8968632.0,0.0544,0x28...fbd1,https://etherscan.io/tx/0x15f875f7eda0186376295dd157c95c250a300445e7ef8eda901c32bd68219abc
2023-03-20 04:43:47,True,1.068e-05,6.108e-10,3690592.0,0.0225,0xc5...891f,https://etherscan.io/tx/0xaa7aa8c3ff0d003e6827b5ee7fce67564dcaa5e0f651288bd73182312e0134c9
2023-03-20 04:23:23,True,1.074e-05,6.108e-10,3664560.0,0.0223,0xa9...c3d9,https://etherscan.io/tx/0xd7aa749a5a8b81ab5791974562e21a8abd01a30567f3b296da3cf6bad13c7adc
2023-03-20 04:21:35,True,1.075e-05,6.107e-10,1622.94,9.912e-07,0xd5...9887,https://etherscan.io/tx/0x67985ced78e19a9ab5d9e639c608aa61dda0527c5c283f66c7e4b17bc0b1a813
2023-03-20 04:14:23,True,1.077e-05,6.107e-10,56094.4,3.426e-05,0x16...48ef,https://etherscan.io/tx/0x7ab2007ed889e32640292fec097e4c916c45aec35623e25a73bf3734198cbc99
2023-03-20 04:12:59,False,1.071e-05,6.071e-10,3645480.0,0.0221,0x85...962c,https://etherscan.io/tx/0x68b8a9e45e86d8c0946a16dedd179a4397c3ce2d8b5914622783b3385b363468
2023-03-20 04:01:35,True,1.078e-05,6.107e-10,4576081.0,0.0279,0xa9...c3d9,https://etherscan.io/tx/0xb014111e40d074bb7cbb2d7f1b0e636bbcea57d913a8c9a028336359e18b0d48
2023-03-20 03:59:11,True,1.078e-05,6.107e-10,2323005.0,0.0141,0xae...ae13,https://etherscan.io/tx/0xdb1c8fd24316133dac2680b52e4922436a1e58c519e395ec64ebc4e69c65e4ac
2023-03-20 03:56:47,False,1.072e-05,6.07e-10,2361136.0,0.0143,0x4c...deb4,https://etherscan.io/tx/0xffc9e03279c9248742ba9f1c61ef7966c054bd65b6306552270e0f7082647a90
2023-03-20 03:53:11,True,1.077e-05,6.107e-10,71957.1,4.394e-05,0xea...0128,https://etherscan.io/tx/0xb16634889170b7389ed7cf7e1ff18ebee41c2797822b6fb648cd547433c68ec3
2023-03-20 03:53:11,True,1.073e-05,6.084e-10,240718555.0,1.46476,0x00...0906,https://etherscan.io/tx/0x6aaf1afa6d83ba856fa66dab1ab84d73f86956320b52467ea03fd69476f9cee0
2023-03-20 03:53:11,False,1.071e-05,6.072e-10,500000000.0,3.03636,0x85...bd79,https://etherscan.io/tx/0xb8c408c2f86fc2b4f02401fbda99f6799f97a3fb030f87726aa6011a5e151e68
2023-03-20 03:45:11,False,1.075e-05,6.128e-10,100000445.0,0.6129,0xe2...1d5b,https://etherscan.io/tx/0x2504afcd9906576184bb366a3377b3eb19b081e3f9ae350f385e71f9b699390a
2023-03-20 03:37:23,False,1.086e-05,6.141e-10,26871677.0,0.165,0x1f...0bee,https://etherscan.io/tx/0x3e21d71dd06f377702efb1c6e537cdd5faed4d3b08c58f39681af1a7a34809a3
2023-03-20 03:36:35,False,1.089e-05,6.147e-10,38628199.0,0.2374,0x21...61e0,https://etherscan.io/tx/0x6722513b223b889f1b3762c0627f25e9010c77c60ed5901e2f4c4274ba29e75e
2023-03-20 03:34:23,False,1.09e-05,6.152e-10,15228723.0,0.0936,0x45...1646,https://etherscan.io/tx/0x6478d9592a7954ea7cf07b31285f633feeca1b809dce626b1c689e1db020321d
2023-03-20 03:27:35,False,1.093e-05,6.153e-10,360919.0,0.0022,0x42...58db,https://etherscan.io/tx/0x46bbdd510a4d9a8ec0394fa833c8683cfcb5e69f6385e440affa7e49a210488d
2023-03-20 03:26:47,False,1.092e-05,6.154e-10,1796704.0,0.011,0xb7...950e,https://etherscan.io/tx/0xb8b941ccd3cf8d7a3f59e10e00b703adf20e043a44be0dda65f3bd3ed82f76c1
2023-03-20 03:17:35,True,1.1e-05,6.191e-10,1924532.0,0.0119,0xb8...9683,https://etherscan.io/tx/0xf33994d391c5287f8275179669a235569e4eb5e07c2e09533ef3c6d5df78c989
2023-03-20 03:17:23,True,1.1e-05,6.19e-10,2243871.0,0.0138,0xa9...c3d9,https://etherscan.io/tx/0x5f9161e0735a895059158a6e5aeed5d0ebab0a2e29b80d82af06e8b69da6f77c
2023-03-20 03:16:11,True,1.1e-05,6.189e-10,13972853.0,0.0864,0xae...ae13,https://etherscan.io/tx/0x1251df7703ee73767d04dc2dc352ed8fcadca6b4234c186e1b071364f1ea2d2a
2023-03-20 03:14:35,False,1.094e-05,6.151e-10,9381200.0,0.0577,0x3e...0a30,https://etherscan.io/tx/0xc4d0e4708c754144106375ba200815bb4eb3abb542f2ec47be9899883ec5b5f2
2023-03-20 03:11:23,True,1.099e-05,6.188e-10,6734669.0,0.0416,0x26...bb2d,https://etherscan.io/tx/0xd18e6fd6015f3363b8e4b3b5c355552cb9867bb6e39935d1be735bdf072af39e
2023-03-20 03:08:35,True,1.1e-05,6.187e-10,12599653.0,0.0779,0xbc...425f,https://etherscan.io/tx/0xf6c3801c24cd3360c9aad66226bfba79e5fe86e98904b834e8b385a39af8bc47
2023-03-20 03:05:47,False,1.091e-05,6.149e-10,9017858.0,0.0554,0xed...6b17,https://etherscan.io/tx/0x4fa0a9cafda8587e164ecf82ced77ea4c1c26e8ae4d6a96ac80c190e2c0cd414
2023-03-20 03:04:23,True,1.097e-05,6.186e-10,16639623.0,0.1029,0xd0...d5fd,https://etherscan.io/tx/0xcaf0d3e9a8c86cdf5d6766badd6122949c7f07ee6e3da75000ff9994911dfbc7
2023-03-20 03:03:23,True,1.097e-05,6.181e-10,33665429.0,0.208,0xd0...d5fd,https://etherscan.io/tx/0x7c3a1b0a0080b62cc802d6c2690bf56d6d912946a1d764a26ad3013a11b75d3a
2023-03-20 02:58:47,False,1.09e-05,6.144e-10,40000000.0,0.2457,0x1b...ea67,https://etherscan.io/tx/0x92577716aeadc3bd640c20fc018ddef9eb64f36fe05198899be9a573d4ca2e21
2023-03-20 02:56:11,False,1.09e-05,6.149e-10,8060214.0,0.0495,0x71...cfc4,https://etherscan.io/tx/0xf546be43c75084605f92edcb1f4559ca7252987525ecb70ad41bbd9f3fc3ef75
2023-03-20 02:55:59,True,1.094e-05,6.171e-10,165159388.0,1.01925,0x3c...1160,https://etherscan.io/tx/0xaf31ab02eb089894e1e3bdcae54fc244171a14430909037260856a71258ffc3c
2023-03-20 02:53:11,False,1.085e-05,6.118e-10,1059537.0,0.0064,0xd9...15df,https://etherscan.io/tx/0x64170870bbd5ce1624568615de03aea5c42354e76612d0dbbdb14d6083029445
2023-03-20 02:51:35,True,1.094e-05,6.154e-10,9024216.0,0.0555,0xe0...968f,https://etherscan.io/tx/0x38fe49976e051bed6af2834fc4d1603123cb8bf97f57e90c3de321eef4e42f71
2023-03-20 02:46:11,True,1.093e-05,6.153e-10,6739789.0,0.0414,0x0f...3e79,https://etherscan.io/tx/0xc48f47fc1c6e92fd0ed43e7de76853fe7a6d1bc8afebfefda6298e6811051f7f
2023-03-20 02:38:47,True,1.093e-05,6.152e-10,1805787.0,0.0111,0x11...3201,https://etherscan.io/tx/0x639b909e6a85fb3dc68b8e16b9bf3bfa1e572bc8100a99577baa13d6b78c9ba9
2023-03-20 02:36:11,True,1.094e-05,6.152e-10,159404.0,9.807e-05,0x0a...e6ca,https://etherscan.io/tx/0x55aecf6678e6a631ba2b08a09444a67ddcb09ed321a3f432c0841fbe55d03205
2023-03-20 02:27:23,True,1.093e-05,6.152e-10,2416829.0,0.0148,0xec...aea8,https://etherscan.io/tx/0x64af143fb59f842d52d5f38de968f601df0cec5debd98f4ee5ca2a6da4fe3d27
2023-03-20 02:22:23,True,1.091e-05,6.15e-10,16926777.0,0.1041,0xe3...969e,https://etherscan.io/tx/0xb04552f77533782c34b0bdb86b8bdd41d5cb2b1a80a5f4c01528f882426d288b
2023-03-20 02:13:23,True,1.09e-05,6.148e-10,1811414.0,0.0111,0x11...3201,https://etherscan.io/tx/0x7b2097d89ac8570fbbd48f018acaa9f2555c5363fc7d1e1f62eb078edc359a5e
2023-03-20 02:07:23,True,1.089e-05,6.148e-10,58533.0,3.598e-05,0xea...22b7,https://etherscan.io/tx/0x6f977ed9a05a5b4e18dee70c2f08f3c43d416acfcb57b40a8bcb29e836cec951
2023-03-20 02:06:35,True,1.088e-05,6.14e-10,77954345.0,0.4787,0x5c...d3e8,https://etherscan.io/tx/0xfd271aec55fcede533a3b14ff554e6cca55abfc1ec1b18f1275e807f9052bca4
2023-03-20 02:02:23,False,1.08e-05,6.097e-10,3000000.0,0.0182,0x1c...4d06,https://etherscan.io/tx/0x35a997ad22061e631d7093642bacd663d1bbe376fbf6357403d8761ce1197a11
2023-03-20 01:55:23,True,1.087e-05,6.133e-10,3070468.0,0.0188,0xad...6cce,https://etherscan.io/tx/0xb4f81fcac20c3eab983e5284355e8880d8fa8705685af31e0daa1197dc376965
2023-03-20 01:53:23,True,1.087e-05,6.133e-10,3521823.0,0.0216,0x8b...0353,https://etherscan.io/tx/0x81024d9803a94f381669268a5f1b2eb3913879b587b1fa63dc35afa115a3b48e
2023-03-20 01:52:47,False,1.081e-05,6.096e-10,9111467.0,0.0555,0x9c...82d5,https://etherscan.io/tx/0x8e87784892fae7b2335b4e2dd8ad78538ad758c9f8953a926fcddf50458d5d3f
2023-03-20 01:43:11,False,1.083e-05,6.098e-10,4517236.0,0.0275,0x9b...020a,https://etherscan.io/tx/0xa7d36c8e12c91ce104f2b73550cfc05596c4e28b895b0fc8ea173ba29e530863
2023-03-20 01:31:59,True,1.088e-05,6.122e-10,134271079.0,0.8221,0x5c...d3e8,https://etherscan.io/tx/0xc99d7624b00fbc5dd6bb0ae7476d532623e040768c8b244d5db69c7ae07202c2
2023-03-20 01:23:23,False,1.081e-05,6.076e-10,27234939.0,0.1654,0x89...9950,https://etherscan.io/tx/0x80adc054ab15e5e227f7a40980ddced1db35db9c0475d3f7903e3c435b4bf46e
2023-03-20 01:21:11,False,1.081e-05,6.08e-10,15562400.0,0.0946,0x88...94bd,https://etherscan.io/tx/0x2dd7b08bf79ae715a8673f78eba0bc47e94dc94c6432d5a06270d08187fd1fd4
2023-03-20 01:20:47,False,1.082e-05,6.082e-10,9014243.0,0.0548,0x66...937d,https://etherscan.io/tx/0xb0e58892e5689d1ac0f0c99b078a5aa9d7e85140dcf8aa2ea262065f0788558a
2023-03-20 01:19:59,True,1.089e-05,6.119e-10,637145.0,0.0039,0x94...12d7,https://etherscan.io/tx/0x06aca7022208e039277a9499f43281f9ce4d0285661c9c25c7c46ac7bc425341
2023-03-20 01:16:59,True,1.087e-05,6.119e-10,2753726.0,0.0168,0xa8...05e0,https://etherscan.io/tx/0x5276fa11075a673c1de8ed564e090fd35d5057d53c9e8698219cf76420978c42
2023-03-20 01:03:35,True,1.092e-05,6.119e-10,65217.1,3.99e-05,0x10...16e5,https://etherscan.io/tx/0x024433e2e1158bea72aeaae897b0a8e4ab57b51cdc00f9cfa9d9e36e9b122f18
2023-03-20 00:58:47,False,1.082e-05,6.082e-10,606292.0,0.0036,0x07...d6bc,https://etherscan.io/tx/0x1e70e79675d2bee1253242b5a8deca756159dd64995156f781eb2bdb4dc7ef25
2023-03-20 00:51:47,True,1.098e-05,6.117e-10,16202861.0,0.0991,0xf8...0bb9,https://etherscan.io/tx/0x3bc4fcfe94faea5596e07fe78efcad72e1246d4d175c16b0cbd292abc62d7c90
2023-03-20 00:49:23,True,1.099e-05,6.116e-10,180448.0,0.0011,0x5f...0c09,https://etherscan.io/tx/0xfaef66fec6ec9a88941322162e741fa6c430e71c0d77110a6745dfece461edb2
2023-03-20 00:48:35,False,1.092e-05,6.08e-10,8702065.0,0.0529,0xe1...83db,https://etherscan.io/tx/0xe0723ae886a176fbf6d6bae8f4bd79d78e5ec72682d7866d8289ebd69291ffd2
2023-03-20 00:42:47,False,1.095e-05,6.082e-10,9036383.0,0.0549,0xd9...917d,https://etherscan.io/tx/0x7ea6950971330c1e65c8f009933a146f8bc3d81eeb935621b690485125f2ac1d
2023-03-20 00:41:23,True,1.101e-05,6.112e-10,75524930.0,0.4616,0xf2...2fa6,https://etherscan.io/tx/0xb822f57e72498c25c1de745c29b2091f21ecf017f6e7b7b86e9a534d5c1821f1
2023-03-20 00:41:11,True,1.1e-05,6.105e-10,1325146.0,0.008,0x4c...a34c,https://etherscan.io/tx/0xedffe5457e94483229f599301cb4a53505fa7916a8c4cd359fd9414a220f4b18
2023-03-20 00:37:59,False,1.096e-05,6.07e-10,23323482.0,0.1415,0x33...fa00,https://etherscan.io/tx/0x2f67c585c898424ad0641a4c5e4c5ada5ca16a70ef1ed537ed0f66ad2de60e86
2023-03-20 00:36:23,False,1.096e-05,6.073e-10,4036291.0,0.0245,0xc6...70b5,https://etherscan.io/tx/0xf657f070212fb5d57b2a642663e265beca523e6cfe8ec78ce90e2f97644dcab2
2023-03-20 00:32:47,True,1.104e-05,6.109e-10,3703470.0,0.0226,0xc7...64b4,https://etherscan.io/tx/0x198a902ce6dde62ea4423728c1b20670bad1efd8a043cf45a3e61fc859447e16
2023-03-20 00:30:35,True,1.104e-05,6.11e-10,11230.4,6.862e-06,0xc7...64b4,https://etherscan.io/tx/0xde9f2cbe7d9ea1e826aa0f0807e9ece2d66c34d9c9fbc69c4263df3a449e9542
2023-03-20 00:30:11,False,1.097e-05,6.074e-10,6531061.0,0.0396,0x42...63b9,https://etherscan.io/tx/0xe7b91ee8f15fb8d0097b092c34372b3991c93629870de780bf04e325d117d0c7
2023-03-20 00:28:59,True,1.104e-05,6.11e-10,14520414.0,0.0887,0xc7...64b4,https://etherscan.io/tx/0xb97e83121d78676e952ff444a7ebde93bbf4d30f22ec8ba996e092cec94f6758
2023-03-20 00:20:23,True,1.104e-05,6.109e-10,973526.0,0.0059,0x5e...1c2e,https://etherscan.io/tx/0x71897668b2513c9f7b255d34c40aefafa3271bc296a898bfeda8b71b6e06f1bd
2023-03-20 00:19:47,True,1.104e-05,6.109e-10,70788.6,4.324e-05,0x15...70a4,https://etherscan.io/tx/0x3d0cc949be21764b072f3dfcec63adc49058ce24e24bd8089e8bcefbffd018b2
2023-03-20 00:18:47,False,1.094e-05,6.074e-10,23339770.0,0.1417,0xf2...7177,https://etherscan.io/tx/0xfdf7044968fac94ec61a09d07e4106feeb6eaf0b69d000a9ded526412943ec4e
2023-03-20 00:14:35,False,1.095e-05,6.077e-10,6776462.0,0.0411,0xd7...a3b2,https://etherscan.io/tx/0xa405c218ce89a4be80dca079ca972309d14d039b0be548c0ba3eee1b7bf2f1d7
2023-03-20 00:11:59,True,1.102e-05,6.11e-10,48668627.0,0.2973,0x29...d4d4,https://etherscan.io/tx/0xbdf09c2f237d1e8990afb8191a0a12ab321e8562927470f7589d5a7511c1c65a
2023-03-19 23:51:47,True,1.101e-05,6.104e-10,15253828.0,0.0931,0x26...6693,https://etherscan.io/tx/0xb8902f0b45bb9373a90ba2ea240364293fcec2fe45c4a1eda069250477805272
2023-03-19 23:51:47,False,1.095e-05,6.068e-10,20641286.0,0.1252,0x9e...c53f,https://etherscan.io/tx/0x90e3b8443a2c43c76c4a6e8cbc28ef3ab665b30928ae2902f7c505cdab9bf70b
2023-03-19 23:45:23,True,1.102e-05,6.105e-10,16379802.0,0.1,0x4d...9829,https://etherscan.io/tx/0xa97b7b00a1eb8ff21a75f601863a86fd04234dfd0150f806ad4d4c6415bdfb4f
2023-03-19 23:36:23,False,1.091e-05,6.067e-10,5000000.0,0.0303,0x41...ea03,https://etherscan.io/tx/0x1df33d68e3aa59fe603268d9d4bc7bb6878ac21bba314d86b6389b859ae12b62
2023-03-19 23:32:11,False,1.091e-05,6.068e-10,2726083.0,0.0165,0x74...d510,https://etherscan.io/tx/0xd697c10beeaefca033edb4551bd57df6da6db45155edb22fb042a60271bf8f89
2023-03-19 23:31:35,True,1.098e-05,6.104e-10,73633.3,4.495e-05,0x1c...3292,https://etherscan.io/tx/0xd2dafc8fef1af3e893aac559401ac47a0952c23cfd714ef1e99ef87735585172
2023-03-19 23:26:59,False,1.089e-05,6.068e-10,522111.0,0.0031,0xf0...e548,https://etherscan.io/tx/0x44a69712d485598e5a2662efe08ed25ff6b7c3aaf1fde153c7116daf64dfd03f
2023-03-19 23:25:35,False,1.089e-05,6.068e-10,5245403.0,0.0318,0xb2...7e27,https://etherscan.io/tx/0xd54c5d4c40b31f5ceb1a5738d1fdfca5ec080f632b5adfc79a5431e7bc6bc9a7
2023-03-19 23:11:59,False,1.094e-05,6.074e-10,57116319.0,0.3469,0x3f...9157,https://etherscan.io/tx/0xe1de474314a8fb2c9014d4ac1d54be1b1c981b5cbae8a33456c2c16cc1538cbc
2023-03-19 23:10:47,False,1.093e-05,6.08e-10,3609261.0,0.0219,0x11...479f,https://etherscan.io/tx/0x9c0169f6ac3826bbd7aa1cefc09f07c68793f24bc37572788fdfcab28abd95c6
2023-03-19 23:09:59,True,1.098e-05,6.11e-10,72576745.0,0.4434,0x57...8179,https://etherscan.io/tx/0x98b02d7e76f628d659855f30cea0c6f59941a41beeaf58985e34ab963420a2f7
2023-03-19 22:53:35,True,1.094e-05,6.103e-10,1990269.0,0.0121,0x9f...f221,https://etherscan.io/tx/0xe47897c32e898a74b8543d0cc2e5a7085093d9ccf2608f2e6442c20b69429a9b
2023-03-19 22:43:35,False,1.092e-05,6.068e-10,20000000.0,0.1213,0x57...37fe,https://etherscan.io/tx/0xdffa1c02a6385e4c532a3cf2f248978c3e0c3cae15d3be995f64fb0e8d91b764
2023-03-19 22:39:23,False,1.092e-05,6.073e-10,34603056.0,0.2101,0xb7...42ec,https://etherscan.io/tx/0x39d269234f62eec6963202972a1b6bfb4dc079a55e55d92712c52616483fe42a
2023-03-19 22:38:23,True,1.098e-05,6.106e-10,80083309.0,0.489,0x0a...3796,https://etherscan.io/tx/0x9606bc7b164bcfd483dc39629ef0662ca762f2cb4b16b221eb2457181e286d56
2023-03-19 22:33:11,True,1.101e-05,6.097e-10,7358363.0,0.0448,0x17...5e4a,https://etherscan.io/tx/0x954cb1268309f9216a93ef7bd9358bcba80011868deed1283f072a6f3d86f451
2023-03-19 22:15:47,False,1.093e-05,6.06e-10,2444723.0,0.0148,0xa9...f19c,https://etherscan.io/tx/0x1ac29248bb86f5b39330169f8072eb5b92029167edc123779254716c6fdd0d11
2023-03-19 22:15:23,False,1.093e-05,6.061e-10,6868380.0,0.0416,0x24...7a16,https://etherscan.io/tx/0x24226be35ae454b27d0cd96fc646a2c24896b2f03e41c5524b26dad62a4cf196
2023-03-19 22:13:59,True,1.099e-05,6.098e-10,76067.2,4.639e-05,0xab...c87c,https://etherscan.io/tx/0x2e9b91aa767c211a1456dda9bf82ee547285c8e763d197d62087204c821e7b35
2023-03-19 22:13:23,True,1.099e-05,6.098e-10,82087.8,5.006e-05,0x86...bae4,https://etherscan.io/tx/0x6135b00a5a8de5550c7322cebc0a246567035611956af953177b2ad5f5f4d661
2023-03-19 22:12:11,True,1.102e-05,6.098e-10,110154.0,6.718e-05,0x99...bebd,https://etherscan.io/tx/0x6c5c8a735b1fdfe71c287086da600e6a00837aea59365a6a9866ac556f8440e9
2023-03-19 22:08:23,True,1.101e-05,6.093e-10,54493569.0,0.332,0x15...faa7,https://etherscan.io/tx/0x04453edb9b323b98668c9c2ab9dde7c7abe2d79446b20a4d4e1d1c9f3d0ffe9e
2023-03-19 21:57:47,True,1.09e-05,6.085e-10,37456689.0,0.2279,0xd9...e57c,https://etherscan.io/tx/0x3aa002d4687db5e881d1ac63eafba3bb69ca9b602ebd0d1c676048b038298e11
2023-03-19 21:55:59,False,1.084e-05,6.045e-10,3431478.0,0.0207,0x9d...38de,https://etherscan.io/tx/0x1e38d3e1e2728588b150b252aa5f84b9282c89bc90510219d4b5d209a63feac8
2023-03-19 21:55:23,True,1.086e-05,6.059e-10,240938095.0,1.46004,0x9a...a1ee,https://etherscan.io/tx/0x674a06feae907aeadba31e2e0188acd97fc37b47212b8d248e0c327349124be9
2023-03-19 21:55:23,False,1.08e-05,6.024e-10,255141363.0,1.53718,0x54...a4ba,https://etherscan.io/tx/0x63cdc5fe3a50f1167b47161b4014266618a67a822e6f475961595b8902ab3776
2023-03-19 21:54:47,False,1.084e-05,6.049e-10,10294434.0,0.0622,0x9d...38de,https://etherscan.io/tx/0xb07b3915a1cf4ba5bda56d855a9683dc3abc92897fa84bab1d09490ffabc2eea
2023-03-19 21:50:35,True,1.093e-05,6.086e-10,110997.0,6.756e-05,0x15...98e0,https://etherscan.io/tx/0x01fc42126dfbe172de8a9c8626feca429de1c93faca1444be87dd39a8b181965
2023-03-19 21:45:11,True,1.093e-05,6.086e-10,6211760.0,0.0378,0x4b...181c,https://etherscan.io/tx/0xb88e17a8388faff63757cc665fbdcef5edfbc282ef6bd4906e14d8497b0adbc3
2023-03-19 21:44:11,True,1.092e-05,6.084e-10,11879441.0,0.0722,0x4b...181c,https://etherscan.io/tx/0x6a25c52dd3dcf750b910eee8816a930effb1ff8bcaa0c6782d1ba03213bf2637
2023-03-19 21:40:35,False,1.083e-05,6.047e-10,11377318.0,0.0688,0x76...f02b,https://etherscan.io/tx/0x99ef5b104c6e2d1e171969fb61878397b6f3edb393caa23e01c201d68fe2972d
2023-03-19 21:40:11,False,1.085e-05,6.058e-10,100786181.0,0.6106,0x0b...28d6,https://etherscan.io/tx/0x7643eae0247960f2e445cb8cbd870c8ba8e270ce86edcd83db2dcb2b5fe4fbc7
2023-03-19 21:31:35,True,1.106e-05,6.104e-10,19505.6,1.19e-05,0x87...4e15,https://etherscan.io/tx/0x973c2a115bbf9950c7e040918f8dd1f4b85d2adf36ec879ba5e0a64d10b6dfa6
2023-03-19 20:58:35,True,1.111e-05,6.103e-10,8120265.0,0.0495,0x72...c4bf,https://etherscan.io/tx/0xe5d90b7b06f0f4a88911f6a3aa5c83478f4b3336279452fff2aac32b29e01e38
2023-03-19 20:50:59,True,1.111e-05,6.101e-10,9000002.0,0.0549,0x34...6ee6,https://etherscan.io/tx/0x48d28d4f65bad27c22fff15212e9a629574fb7819a707bc927be4be9d6588bb1
2023-03-19 20:49:11,False,1.106e-05,6.066e-10,22683322.0,0.1376,0x5e...0f70,https://etherscan.io/tx/0x83460c9f188e852e3a68636e89cc6a788d427b401c0e83eb6a0d38ffe20c1d82
2023-03-19 20:43:35,False,1.108e-05,6.072e-10,35229614.0,0.2139,0x3b...e045,https://etherscan.io/tx/0xdc12804df6e08bbc4130664b68725897e70411112e32f03537d144b2ddda4044
2023-03-19 20:42:59,True,1.115e-05,6.111e-10,399999.0,0.0024,0x34...6ee6,https://etherscan.io/tx/0x57ccfc9f4817a23fb5e704277ce5c72a497d97e0fd41d05f52df74fd1f6e8f32
2023-03-19 20:29:23,True,1.118e-05,6.111e-10,8434648.0,0.0515,0xd5...1714,https://etherscan.io/tx/0x006c92b0476164eace2e5b3a677a0e69aae849ac78897ff16a8f31d864ee69b1
2023-03-19 20:29:11,False,1.113e-05,6.082e-10,92785544.0,0.5643,0x2d...bdff,https://etherscan.io/tx/0x33e2c22e9203d689d6d11a3022f9408649fd4b2cc2f92fa473d9ab6f83a81705
2023-03-19 20:28:47,True,1.121e-05,6.126e-10,17609885.0,0.1078,0xfe...c146,https://etherscan.io/tx/0xbb6f4a8c1bd7747e8e5a2c655f12aa5607847dff07b1cbc83ea95d5363eaf694
2023-03-19 20:22:47,False,1.115e-05,6.092e-10,50640784.0,0.3085,0xa8...54df,https://etherscan.io/tx/0x23d9bf99d43a0031c9f5d33c9dc58dc81780d388b3ae1c2841b1329a827cfc5d
2023-03-19 20:21:47,False,1.116e-05,6.098e-10,16172531.0,0.0986,0x77...e6a8,https://etherscan.io/tx/0x0517700bf7b619a40e0b0be5dd3ba088eb2a28f7104497f95c115b96f6807051
2023-03-19 20:18:47,True,1.121e-05,6.12e-10,178181506.0,1.0905,0xfc...f15c,https://etherscan.io/tx/0x7db0fce50da12937dd6f64f5da66a06d53d850949337c68920e764f6ba634bcc
2023-03-19 20:17:59,False,1.115e-05,6.085e-10,202257057.0,1.23089,0xd2...4882,https://etherscan.io/tx/0xfeb7216b6200dcfd55570a9bcfa26a15bb522b7d1012d1c8a7406f14b3577ef3
2023-03-19 20:17:59,True,1.122e-05,6.124e-10,178104908.0,1.09083,0xfc...f15c,https://etherscan.io/tx/0x0911cba3497cff5170e46ba212635c9f4f344f7d83f900702ef7a55f47d19e43
2023-03-19 20:17:11,False,1.11e-05,6.071e-10,1617189.0,0.0098,0xf0...c28a,https://etherscan.io/tx/0xade817b2ff0bf87079da6695eee66ce1620f7dd05f85e6a6c236425f7ba25e49
2023-03-19 20:17:11,False,1.113e-05,6.087e-10,168247521.0,1.02418,0x5c...d3e8,https://etherscan.io/tx/0xc74117340f21139f7dc71dc1c17b463d3ca7e09afa84c1d783132a979a4a0e22
2023-03-19 20:16:47,False,1.117e-05,6.107e-10,43311185.0,0.2645,0x55...35b8,https://etherscan.io/tx/0x25ed8658b0549e849dbc59b681128783ff559715bd10a195974fa0807a6c8c74
2023-03-19 20:16:35,True,1.122e-05,6.131e-10,178085202.0,1.09187,0xfc...f15c,https://etherscan.io/tx/0xe50056742a2d8062f7a1f46fae326694d1b7a3890fc3808973b76d44701b249b
2023-03-19 20:15:59,False,1.117e-05,6.094e-10,177679789.0,1.08285,0x82...e245,https://etherscan.io/tx/0xe39ecd712c854260cd19e646b8558bf0a29d7b25b3f6d5335364b149c2600f26
2023-03-19 20:15:47,True,1.218e-05,6.649e-10,246001844.0,1.63581,0xfc...f15c,https://etherscan.io/tx/0xd84cc6e6835f8eb23e685d559be1ec56b8996822261e139d8f76831c866fc3b9
2023-03-19 20:14:59,True,1.117e-05,6.097e-10,24408772.0,0.1488,0x6c...b82d,https://etherscan.io/tx/0x400e9131140e641e335d55868030ed370e3dc70209fae7cccb897ea068d500c3
2023-03-19 20:08:35,True,1.116e-05,6.11e-10,4857471.0,0.0296,0x7e...ad4f,https://etherscan.io/tx/0x51ede12e64b96a5c868576c8ce74ec8bcf48a7c45b971d441e9609ec6020aa17
2023-03-19 20:07:47,False,1.108e-05,6.074e-10,10100038.0,0.0613,0xd6...857b,https://etherscan.io/tx/0xe826936862c9ad92766b9a06206fc3a6813351db6758e03ad55c41b54397429e
2023-03-19 20:05:47,True,1.111e-05,6.096e-10,164027188.0,1.0,0xd5...9477,https://etherscan.io/tx/0x1e569fbdc2b3aa6078d2cc243f269d4c39ac5c28bd6ed2c9c91d1db49fbd5764
2023-03-19 20:03:59,False,1.102e-05,6.045e-10,5349476.0,0.0323,0x7c...aaa5,https://etherscan.io/tx/0x56b53e5def424f6e09973a9da62a11188fa4ee6ca50eb6419e67ba76c80c4bbf
2023-03-19 19:58:35,True,1.104e-05,6.081e-10,2017708.0,0.0122,0x4c...f658,https://etherscan.io/tx/0xf3fa4fe2676162c48af8aa1efed2ed92ca9dd2c3a83e2c497df21c56c18e293c
2023-03-19 19:55:23,False,1.098e-05,6.046e-10,15492828.0,0.0936,0xcb...bedc,https://etherscan.io/tx/0x4046e425c74d1cc4b80c536af99f6a4adf12eba71dc656a31074aaeaa3b9dd8c
2023-03-19 19:45:35,True,1.108e-05,6.099e-10,31389419.0,0.1914,0x18...a29a,https://etherscan.io/tx/0xa65fd3deea0ecff75fe3a21f066e121770a78a8aacb2c877752b7a6f0d4b8731
2023-03-19 19:44:23,False,1.101e-05,6.06e-10,5347197.0,0.0324,0x06...2a1d,https://etherscan.io/tx/0xee75ddd494c635e9accd6ba6dbe75e81cc1ddbf415682530100effc64150de1c
2023-03-19 19:43:59,True,1.109e-05,6.097e-10,5018714.0,0.0306,0xca...d2a6,https://etherscan.io/tx/0x1df4f62ccdbe01eeadd3eee6d9a075698248fb19395a7826029fd665839c202f
2023-03-19 19:39:35,False,1.101e-05,6.063e-10,33338870.0,0.2021,0x52...7226,https://etherscan.io/tx/0xcbcd0d3f0241e7cee3226f0273989e9a9c38d5319e864b0b881ecf187e2fe6c7
2023-03-19 19:37:23,True,1.106e-05,6.085e-10,182455888.0,1.11042,0x46...fca3,https://etherscan.io/tx/0xa67630159abdf6858dc2f2a7b7e7ee4016082ad4a0b5940cc150706b6ec02d92
2023-03-19 19:37:11,True,1.102e-05,6.068e-10,1960041.0,0.0119,0x0b...47c0,https://etherscan.io/tx/0x531476fb05082bf8d04d6dc82e51b9bb7e280069e75745df7c6977497dbdafe6
2023-03-19 19:34:47,False,1.098e-05,6.043e-10,123750000.0,0.7479,0x47...eab4,https://etherscan.io/tx/0xbed807a7e65e558197a62b2508d1ffafd2f0629072d030de800d8321ec6264af
2023-03-19 19:33:59,True,1.106e-05,6.09e-10,9032363.0,0.055,0x7a...d782,https://etherscan.io/tx/0x9c4fd8f4a147917d4f72d544d80e31b742e8736e796bb136878529916142827d
2023-03-19 19:32:23,False,1.099e-05,6.057e-10,42608528.0,0.2581,0xfa...9e36,https://etherscan.io/tx/0x7faa904d72dc4de47e27db8588bbca2590507697a0454063398effe05877fcdb
2023-03-19 19:29:59,False,1.1e-05,6.062e-10,14815870.0,0.0898,0x84...0a39,https://etherscan.io/tx/0xb05bcda8c2963d63e0ae22308c5184e1372f8bbf0e7d53047a8753fd1db83796
2023-03-19 19:27:35,True,1.106e-05,6.1e-10,1967042.0,0.012,0x0c...1766,https://etherscan.io/tx/0x6031a1de87e800451c04019ad8d6f2512af8308fddb843ca1600704eea6c2d6d
2023-03-19 19:26:11,True,1.106e-05,6.098e-10,17018163.0,0.1037,0x9a...a788,https://etherscan.io/tx/0x70b052255b744e3bb9ad7c984031d084301e686917515ec5211fa644ead67c70
2023-03-19 19:24:59,False,1.099e-05,6.06e-10,3973500.0,0.024,0xf6...e2a1,https://etherscan.io/tx/0x09ca6b994a2bb783b2024608dc8f50b1a47d2c1db3402305917ad110d2dd8222
2023-03-19 19:22:47,True,1.106e-05,6.097e-10,4203342.0,0.0256,0x9a...a788,https://etherscan.io/tx/0x6d0805f9fa70b723043cefd1ba18009676f698fae18332b332e2cad009d3630c
2023-03-19 19:19:47,True,1.104e-05,6.097e-10,355469.0,0.0021,0xad...81d5,https://etherscan.io/tx/0x5677511d620b5c44b138d274baeabb9151865dfadeabd9c179d1417f14eac462
2023-03-19 19:18:59,False,1.096e-05,6.06e-10,2531588.0,0.0153,0x2b...3765,https://etherscan.io/tx/0x15581eb4cc62a63223555f08064d20315c79edf6eaee178958eed54bbd2159b5
2023-03-19 19:16:35,True,1.103e-05,6.097e-10,8577.09,5.229e-06,0x87...4e15,https://etherscan.io/tx/0x22b7768be2523e52389b4057b6ad3ccc7a6454ec2b73a10ea3603be628828219
2023-03-19 19:16:11,False,1.097e-05,6.061e-10,10139438.0,0.0614,0xbe...37a8,https://etherscan.io/tx/0x1064dfc0aab4d3cebec8447b5174d07eb5ac352f4fae698beb93bdce4bca2dc0
2023-03-19 19:14:23,True,1.103e-05,6.099e-10,1623150.0,0.0099,0x51...d83b,https://etherscan.io/tx/0xbb9a026a6140cee197ef70c5547c3eba1197903374e31de1b7f2b6bbf31ab3ae
2023-03-19 19:11:11,True,1.105e-05,6.099e-10,18820.6,1.147e-05,0x17...6339,https://etherscan.io/tx/0x4f991404977075160b04bf08012049a927488f5449edf0181b42cc4322be052b
2023-03-19 19:08:35,True,1.103e-05,6.099e-10,18930.1,1.154e-05,0xcd...0d15,https://etherscan.io/tx/0x1a9cc748fbf1f3ebe454b26772c986866e0c5155f3e7e219c0806f0894dcbd9d
2023-03-19 19:06:23,True,1.102e-05,6.096e-10,23229066.0,0.1416,0x91...7bd4,https://etherscan.io/tx/0x2519b535a5ace7bc2b1a7661e66db4386a570c22a44b888f29b65579ec14ef74
2023-03-19 19:05:11,False,1.095e-05,6.059e-10,18841479.0,0.1141,0x78...ae7d,https://etherscan.io/tx/0x264816590d183217dd6b7b9389e9ea3bb5f9784e00ad510944e3dc596a3769e6
2023-03-19 19:03:59,True,1.101e-05,6.097e-10,10137689.0,0.0618,0x1c...d829,https://etherscan.io/tx/0x3ec1cb8c7f3f98db06bd9fb372f085e60693880c20d7619960cf157a6edebfdd
2023-03-19 18:57:35,True,1.103e-05,6.095e-10,7925864.0,0.0483,0xeb...0148,https://etherscan.io/tx/0x2245cb68179d3b7cb106946a5351f71016857e33b523840df286115223bed014
2023-03-19 18:57:23,False,1.097e-05,6.062e-10,42753330.0,0.2591,0x6f...9a66,https://etherscan.io/tx/0x4693e5f9e96ecc4bf031eb888f7c782217741010169ccc34b81aa6fe441193e2
2023-03-19 18:56:59,True,1.104e-05,6.101e-10,9184499.0,0.056,0x1c...d829,https://etherscan.io/tx/0xd8066d818cd6b5e9fc27f5c84391a60fad89bd0656a2c2e807de1233de77bd39
2023-03-19 18:56:23,True,1.104e-05,6.1e-10,3249600.0,0.0198,0xa2...d44e,https://etherscan.io/tx/0x762a50d38dbf05f44cc9370868861ba881a6cc221466fac635cdd1a8a596d78c
2023-03-19 18:56:11,True,1.104e-05,6.1e-10,204470.0,0.0012,0xe5...8c0f,https://etherscan.io/tx/0xac59b4b4e33ca8f5458ec29a9b83e5d8de68e699e821982dfa92a92fbb7b302c
2023-03-19 18:45:59,True,1.106e-05,6.1e-10,31299.3,1.909e-05,0xd5...e5b2,https://etherscan.io/tx/0x01536f0e50c3be294715571d4e8849d1d3ffc9b52d1ed05d047063c92384bd06
2023-03-19 18:44:35,False,1.099e-05,6.064e-10,3252465.0,0.0197,0x8c...4b88,https://etherscan.io/tx/0x942d9d04b52dc926cb5660f1040d61516f4c0432bb066a93c49a4c40fbe8453e
2023-03-19 18:43:23,False,1.102e-05,6.08e-10,171276109.0,1.04144,0x60...aa55,https://etherscan.io/tx/0x571025578e2357f34ea7aa8cecfda83e7828dba07faea847ac114d8fb41a8222
2023-03-19 18:42:23,True,1.11e-05,6.127e-10,63160179.0,0.387,0xfd...455a,https://etherscan.io/tx/0xc109b6285ed4644142ee029641afeca49625f0e62ca73aa52c7376c8247c7c5e
2023-03-19 18:40:47,True,1.11e-05,6.121e-10,33636.9,2.059e-05,0xd5...e5b2,https://etherscan.io/tx/0xb6a2ff88c7dddec21984b859f5e3ef7698bb229f92774529ec053f332ab856f0
2023-03-19 18:38:35,False,1.103e-05,6.085e-10,8903378.0,0.0541,0x63...b397,https://etherscan.io/tx/0x3270ba1a24e7d7c7163c10bb57af1b24989beeacd8bdbf43066980ad60a628d2
2023-03-19 18:38:11,True,1.109e-05,6.122e-10,244270.0,0.0015,0x9b...0164,https://etherscan.io/tx/0x3a4bed4a755cefff0c39a7003819a3671351f2ea15a42fe09fad1551f251af4d
2023-03-19 18:36:11,False,1.101e-05,6.086e-10,4740518.0,0.0288,0xf2...b45e,https://etherscan.io/tx/0xaed0116b1a206b9951ffe93f35318e3f978e81d1258f25ba9d2b71ff7316c68a
2023-03-19 18:32:35,False,1.101e-05,6.088e-10,10000192.0,0.0608,0xc6...fed0,https://etherscan.io/tx/0xfe2d8806fef1830e930b7c6b377046b02231802664cc5ddec92ba35507a31faa
2023-03-19 18:29:59,True,1.108e-05,6.125e-10,1632505.0,0.01,0x96...5c50,https://etherscan.io/tx/0xeb024163c111b60a768d0ab1de6ca3b7114fae9af1476c99289139c58a3ce1b3
2023-03-19 18:21:35,True,1.111e-05,6.125e-10,767039.0,0.0047,0xc7...ed99,https://etherscan.io/tx/0x11a247ded0f9d404e61cc6f06bf722afb6cd8d28c6c3d8d9de735a8a151928e3
2023-03-19 18:20:23,False,1.106e-05,6.088e-10,4590000.0,0.0279,0x9f...40bd,https://etherscan.io/tx/0x5f4084d7b48ccb4df21d8ca16e35ae569b67160ba3713b1ba96ab0690a96d473
2023-03-19 18:14:47,True,1.113e-05,6.124e-10,16184764.0,0.0991,0x3c...db46,https://etherscan.io/tx/0xa62840a9e8ed6c30623681c6bd5309f4168e255dfcee38eb7f5bbc3885190552
2023-03-19 18:09:11,False,1.106e-05,6.086e-10,3821415.0,0.0232,0x2a...a469,https://etherscan.io/tx/0xbbf4cc1d1496860c7b9ba972dcc45648bdda264a00f43a002e0c0f3377696866
2023-03-19 18:06:59,True,1.108e-05,6.123e-10,2385036.0,0.0146,0x74...4084,https://etherscan.io/tx/0x230ecf5e7f212a8cf6c5bfcecd9e1d0f1c8478daeab36cf9b182c23ff6ca81a4
2023-03-19 18:04:59,False,1.103e-05,6.096e-10,100195739.0,0.6108,0x3c...2dc9,https://etherscan.io/tx/0x521a5b4e9749cca7d4f2e8d5159ed77e1622868af9a825358b99d61747c57870
2023-03-19 17:59:35,False,1.108e-05,6.106e-10,11079879.0,0.0676,0x63...9681,https://etherscan.io/tx/0xee9f43dc5d3f56597562d32e12e9dc442e1fbc5bf6e806a2893b373502bf5fff
2023-03-19 17:59:11,False,1.11e-05,6.112e-10,56577503.0,0.3458,0x76...e2fa,https://etherscan.io/tx/0x9b2608fcd64674c060629725ebc8d036326f1e6d8efb5d0cf6335b11d08c52bb
2023-03-19 17:57:59,False,1.114e-05,6.121e-10,30965434.0,0.1895,0x3a...cb4d,https://etherscan.io/tx/0x6a378bc50732be1267ab17b7f45dba9a60c1fa9e831207b5a619534cac2aa372
2023-03-19 17:54:47,True,1.119e-05,6.142e-10,189646489.0,1.16498,0xe3...7096,https://etherscan.io/tx/0xed6f305ffa409b332a17a4a6192bd27842be55c8fc2d8a1bc9ef89e75a4e598e
2023-03-19 17:54:23,False,1.111e-05,6.09e-10,19958414.0,0.1215,0x63...9681,https://etherscan.io/tx/0x501cf6654ea67d02abdbd89a2c3cc35ccc1a05948cad68f4fc08e6a818904b37
2023-03-19 17:49:35,False,1.116e-05,6.107e-10,168100666.0,1.02673,0x82...e245,https://etherscan.io/tx/0x899454580ab61b76c91ccd9b6aa7f4e9cec43cba5ed8a88311db1307864697ec
2023-03-19 17:49:11,True,1.121e-05,6.138e-10,232666830.0,1.42821,0xe3...7096,https://etherscan.io/tx/0xb0ac35049040fe63f51748846d41912f2207bfdb8625b80dfdf6208dd5434abb
2023-03-19 17:47:23,False,1.108e-05,6.092e-10,140229391.0,0.8544,0xce...452c,https://etherscan.io/tx/0xa2b3a40da65f02c50f2e35d9c24f102a71fe2b11460c0b34d8c96b9e722a14a9
2023-03-19 17:45:47,True,1.118e-05,6.142e-10,4000045.0,0.0245,0xf3...d58b,https://etherscan.io/tx/0xc0e7eb794a9aa5ac845786fcdefdb4ad41d64626cf146823d2a524f2c98201ec
2023-03-19 17:45:11,True,1.119e-05,6.142e-10,1258829.0,0.0077,0xd7...3608,https://etherscan.io/tx/0x876d96704c881f254201a73b26536d7061f45baaeac83119f0e21ed79559c812
2023-03-19 17:44:35,True,1.119e-05,6.141e-10,712142.0,0.0043,0xdb...037f,https://etherscan.io/tx/0x7bcd501e1e90f5d5a6774062d3f45147f0387f4dfb61a477aa56f0fe891c86dd
2023-03-19 17:38:47,True,1.116e-05,6.141e-10,893464.0,0.0054,0x63...9681,https://etherscan.io/tx/0x279da18a3561ccc72d86335c45276d872448c27dbc957aa449e1f494ccc22d02
2023-03-19 17:33:23,True,1.108e-05,6.141e-10,645604.0,0.0039,0x86...d86f,https://etherscan.io/tx/0x7745d3d795bed674c90788ea907e906f080740cfe9ad128a62aec1782a3f9a10
2023-03-19 17:26:47,True,1.102e-05,6.121e-10,205816715.0,1.26,0x1e...620e,https://etherscan.io/tx/0x7dd68551ade8f23f97c9b2d0220809f6cba7682bc54a7c9e66c4c89caad34302
2023-03-19 17:26:35,True,1.099e-05,6.101e-10,8237580.0,0.0502,0x07...56a2,https://etherscan.io/tx/0x6f2eaadc1b1931ba1ba1d37beb413e89fa34a25e544fe80bd72cc4702fe5c900
2023-03-19 17:26:11,True,1.099e-05,6.1e-10,2069089.0,0.0126,0xaf...6ccb,https://etherscan.io/tx/0xcf7ea9d8def483e10c782aa0ea516ce56327885610797a82e458bb3247f135cb
2023-03-19 17:12:35,False,1.089e-05,6.064e-10,8960982.0,0.0543,0x12...e979,https://etherscan.io/tx/0x9667885891cddf4b27c04abd7b968c1876c800e2d81877c1718de5300bacf6c2
2023-03-19 17:07:59,False,1.092e-05,6.07e-10,46000000.0,0.2792,0x35...d7a6,https://etherscan.io/tx/0x1530d149959440790dc8ade62a10c2d097c04ebda9db75870b6c7ae1c0c5fa8a
2023-03-19 17:03:35,True,1.097e-05,6.11e-10,539006.0,0.0032,0x82...c2be,https://etherscan.io/tx/0x34d6c1e2a75d4d09166218e1708969643c79e0687f995e91155aabb960374c30
2023-03-19 16:58:59,True,1.095e-05,6.11e-10,34694.7,2.12e-05,0x5e...49e9,https://etherscan.io/tx/0x909b8d2cf48ea78d7cfbd855cb1129137e38cecdf7a9340798c29e3f22518425
2023-03-19 16:57:47,True,1.099e-05,6.11e-10,56938.4,3.479e-05,0xa6...a483,https://etherscan.io/tx/0xd5e87044bd0fa508d6345ee82c8c7efb0c222aaef149ecf83de6233f7349b1d0
2023-03-19 16:57:47,True,1.099e-05,6.11e-10,36153.4,2.209e-05,0x67...6cae,https://etherscan.io/tx/0x85af3d79c241e1ee3eb788ded62e9c00b0316b0b81c6e33716a049efb32c04c5
2023-03-19 16:45:11,False,1.088e-05,6.077e-10,32976599.0,0.2004,0x92...f94d,https://etherscan.io/tx/0x7f30ab0445ce9b662b333190c1a0c97b83d7d314ba26e29b095737ddc6890726
2023-03-19 16:42:11,True,1.096e-05,6.116e-10,8991568.0,0.0549,0xfe...c146,https://etherscan.io/tx/0x6faaa4089b0d8a7e0b33471de765b24e2e3d9a3e7c20935ee083de7e5e668467
2023-03-19 16:39:47,True,1.097e-05,6.113e-10,20000000.0,0.1222,0x2d...fe3e,https://etherscan.io/tx/0x008a75ee2f0f7a3929a4bba54ee71ff455359c100b97810acda5517d528142dd
2023-03-19 16:39:47,True,1.096e-05,6.111e-10,38630.8,2.36e-05,0x15...70a4,https://etherscan.io/tx/0xdb21975a265dd1ec5c52823b60f978ec14288ef4c3010ffecfcefc2261b9d854
2023-03-19 16:32:59,True,1.094e-05,6.111e-10,2707094.0,0.0165,0xf2...408d,https://etherscan.io/tx/0x95c91b48b06eac634395967e9bb0b998cffe546b9352e922bd76a7adf6f0710a
2023-03-19 16:23:59,True,1.094e-05,6.11e-10,428205.0,0.0026,0xa6...6120,https://etherscan.io/tx/0x2bd52360f0c048840b2db977f9a4a232ed5697208f03a3da3c9470d06f510c3c
2023-03-19 16:20:35,True,1.096e-05,6.11e-10,1817434.0,0.0111,0xe9...2e71,https://etherscan.io/tx/0x0d813bd15b6ec4e8e8ceadf4263e6700e129899b90cb0349dd3c5bdc1d176549
2023-03-19 16:19:47,False,1.091e-05,6.082e-10,88126539.0,0.536,0x89...c70f,https://etherscan.io/tx/0x68897bef4808bbbdb240eb5609e1aeddbba4e6513496e0d0c3e39337cb657e0c
2023-03-19 16:10:11,True,1.104e-05,6.126e-10,8968632.0,0.0549,0x28...fbd1,https://etherscan.io/tx/0x75078ad8d890b48c781fc2e01b27ba93abf9543ae0e2214c5b9979277726626c
2023-03-19 16:07:59,True,1.104e-05,6.124e-10,13062790.0,0.08,0xd3...d333,https://etherscan.io/tx/0x8b427de1580eb9bc7948a0eace0947eb0242acfa2930270039f0e4441efbe84a
2023-03-19 16:04:23,False,1.09e-05,6.086e-10,6053917.0,0.0368,0xd0...ecf0,https://etherscan.io/tx/0x27ad14cc9ee3ace1447d01a1a8b383f56bda0d2950639a988ce9dce1a23d17f3
2023-03-19 16:02:23,False,1.089e-05,6.087e-10,1613992.0,0.0098,0xe0...a475,https://etherscan.io/tx/0x3eb3ae9ffa234d5cd0f4ae9b3e33444be48edb94019f04bad1894532f35327fa
2023-03-19 15:56:23,True,1.092e-05,6.124e-10,1777.68,1.088e-06,0x87...4e15,https://etherscan.io/tx/0x8f1a3366cbd932981987101f1bbe57a19d5bee9739f9d252b90ef5da0b9c6988
2023-03-19 15:56:11,True,1.092e-05,6.123e-10,8464145.0,0.0518,0x93...df32,https://etherscan.io/tx/0xfcba28005d430b1dd7b4fa29205a758eb38c6848f01f29ce90a8e5ebae1ecc45
2023-03-19 15:52:47,False,1.086e-05,6.086e-10,1369960.0,0.0083,0x34...9c58,https://etherscan.io/tx/0x4c70674f893e9a4f3c6ddc73c3ff4835e251771a8617ffbded2528e36bca4d49
2023-03-19 15:51:23,True,1.093e-05,6.122e-10,7962588.0,0.0487,0x08...fc14,https://etherscan.io/tx/0x0eeca1f8821120e9f2a2c02fd1506d37f24e558fe1971d8d93e5aa036747288d
2023-03-19 15:50:35,False,1.087e-05,6.088e-10,36735893.0,0.2236,0x96...95f5,https://etherscan.io/tx/0x143e044a4401d5df667edc7eda7a90230aed15097397d6af89544f5b8a0665bd
2023-03-19 15:44:11,False,1.088e-05,6.092e-10,9098390.0,0.0554,0xe0...a098,https://etherscan.io/tx/0xc2a553def65ac968d0a605cb95d9ba15a2019b6913a846deb19fa8334728ebee
2023-03-19 15:43:59,True,1.094e-05,6.128e-10,19347895.0,0.1185,0xa9...6585,https://etherscan.io/tx/0x2a0017798fd760b944be1b91fa6df8b747cc60d99901f4a1bbcf8152150ce9cf
2023-03-19 15:38:47,True,1.094e-05,6.126e-10,50709.0,3.106e-05,0xd0...2b64,https://etherscan.io/tx/0x2dca84cec49725e5dabba7e782e1f3c6b0501f4ad30dbe4ab763bbb5fd7da5da
2023-03-19 15:37:23,True,1.093e-05,6.126e-10,808982.0,0.0049,0x63...bd17,https://etherscan.io/tx/0x93e5c229b92fa4bc40005f2977e49212b8e72cbbb81637d3a806e58a2b75026f
2023-03-19 15:35:11,True,1.093e-05,6.126e-10,1135130.0,0.0069,0x66...4070,https://etherscan.io/tx/0x31a91d9f8351e725b88636700b10d54e438532c98305053df34ef5f1d0ae2b34
2023-03-19 15:32:35,True,1.094e-05,6.121e-10,49481426.0,0.3029,0xfe...1e7c,https://etherscan.io/tx/0x45889d2900bc2f463f4ae680c96a5e6884f7ea524d5706199f2314c21925ea0e
2023-03-19 15:31:59,False,1.087e-05,6.081e-10,10287497.0,0.0625,0x5f...c114,https://etherscan.io/tx/0x9d9b496fe61218e79483a365cd066d2978a568473b26503d404845c95049de43
2023-03-19 15:31:11,True,1.093e-05,6.118e-10,1581186.0,0.0096,0x05...7deb,https://etherscan.io/tx/0x147216a98c6644fcefbc1890ba9c9410036e50844937ddc48ef52db8d3a4b551
2023-03-19 15:30:11,True,1.092e-05,6.118e-10,810051.0,0.0049,0x46...e8ac,https://etherscan.io/tx/0x34e33367768e10df5699d748f0323edc3f0c91620d9c1794b699746e5f055fb1
2023-03-19 15:29:47,True,1.092e-05,6.118e-10,41626.6,2.546e-05,0x6d...e0c8,https://etherscan.io/tx/0x1827b273489999eaa15475adbb5f4f4c78c93f3b21335a02a6aa49f9c60a0cf1
2023-03-19 15:27:35,True,1.089e-05,6.118e-10,43609.9,2.668e-05,0xdf...414c,https://etherscan.io/tx/0xf8be9a5d84fbdfee163f88a144dd3eb20d0a9e31629571ad1b30d1b3be97492c
2023-03-19 15:24:35,False,1.082e-05,6.082e-10,4525284.0,0.0275,0x2b...c1f4,https://etherscan.io/tx/0x7c248648fee1fff0e7e37dd5b132245296a8a2d8c44d82274900701e82e10e80
2023-03-19 15:20:11,False,1.083e-05,6.084e-10,18076560.0,0.1099,0xe5...93aa,https://etherscan.io/tx/0x6522202982ff6c8c0cac0ca99288c50e6a7fd72755f518af0a59994244f1996a
2023-03-19 15:12:11,True,1.089e-05,6.122e-10,53206.3,3.257e-05,0x2b...5093,https://etherscan.io/tx/0xd17fda1fe5b9ad00de23f2c909728f761dac39c27a6f5120c0b61379e16cf8bd
2023-03-19 15:07:35,True,1.088e-05,6.122e-10,3909167.0,0.0239,0x91...3994,https://etherscan.io/tx/0x1dc9359a5a7bec8457d97fedeea9288bd9d4f96824518121870bc3132f3e9170
2023-03-19 15:04:59,True,1.088e-05,6.121e-10,5506432.0,0.0337,0x75...c9d2,https://etherscan.io/tx/0x86bb69cb8e80d1f60b772b0e8ce35e4dd7614cbdce705e0bce10ced54359bde5
2023-03-19 14:58:47,True,1.087e-05,6.12e-10,1432985.0,0.0087,0x33...b297,https://etherscan.io/tx/0x5f3f9c2f074f13dda1fcb1960eee0481a912297767e7614b6f8260989fa75181
2023-03-19 14:57:47,True,1.087e-05,6.12e-10,1186.79,7.263e-07,0x40...b1b6,https://etherscan.io/tx/0xa9970e2486cefdce971d653b0c6521f4cd67bbdb0459c32d5dd4468643ab584a
2023-03-19 14:57:35,True,1.087e-05,6.12e-10,55875.2,3.419e-05,0x82...2467,https://etherscan.io/tx/0xf33614d18c0a1ae7862f7f22b0fe1f6f2f17a25460d6a4e0bdaf60d3d157d06e
2023-03-19 14:56:11,True,1.087e-05,6.12e-10,720304.0,0.0044,0xaa...39bd,https://etherscan.io/tx/0x384b070683a7ecfeedc09cc3e0ed135841f29a5fb7c82bd1e11efc23fef0d30a
2023-03-19 14:52:11,False,1.08e-05,6.084e-10,6366901.0,0.0387,0x40...b1b6,https://etherscan.io/tx/0x98489007b81df4b61bcad797c370eb9f504e439b3494949816341b734f695fe3
2023-03-19 14:49:47,False,1.081e-05,6.086e-10,15104480.0,0.0919,0xed...03fc,https://etherscan.io/tx/0x99d4480bdaa813508668d7ba0441120b20a94bb30974907ff12ecca6fd771bbd
2023-03-19 14:47:11,True,1.085e-05,6.108e-10,166975951.0,1.02,0x36...3389,https://etherscan.io/tx/0x131d9d59635183b512643a50bcf88e37c3544a6d000706f51cd4ebfe1486f683
2023-03-19 14:37:23,True,1.084e-05,6.092e-10,1626913.0,0.0099,0xe2...769c,https://etherscan.io/tx/0x112cc1c0027cf29674b35badb16d089ad4f6b0f2f7434dabb82f75a9b4fce111
2023-03-19 14:31:35,True,1.084e-05,6.092e-10,1638932.0,0.0099,0x64...51dd,https://etherscan.io/tx/0x87d179732f8e45d371cb6fb7ee6bd61cb029f411b39c1e7a93665e76e9e561be
2023-03-19 14:26:47,True,1.084e-05,6.092e-10,56547.1,3.445e-05,0x2d...3bc9,https://etherscan.io/tx/0x2817acaa4a5ed274ddef89eb3cb6fd31abab0d9daba23274b75898d90c27f98f
2023-03-19 14:22:35,True,1.084e-05,6.091e-10,9289724.0,0.0565,0xb5...778c,https://etherscan.io/tx/0xfd3ae82cb57694333cf3bb1561d089bfb22d2e02c9fb93970b7be1f147c511b0
2023-03-19 14:21:11,True,1.083e-05,6.09e-10,3255173.0,0.0198,0x27...4d7e,https://etherscan.io/tx/0x40a8804e5f65ce6ccb087f71c2d09cfa159120910a6034a324362458294a627b
2023-03-19 14:18:23,True,1.083e-05,6.089e-10,1642077.0,0.01,0x9d...1ab6,https://etherscan.io/tx/0x5828d6aec9f5f2adf0e35360b703707aa903010fe966ff13bd6643d7946aae48
2023-03-19 14:13:23,True,1.082e-05,6.089e-10,3058802.0,0.0186,0x53...f3cd,https://etherscan.io/tx/0x190e1b41d8c3f3bccbd5ebbaacbfc03d0ee347d642e7069bba510c08ee3c6e3e
2023-03-19 14:13:23,False,1.075e-05,6.052e-10,635793.0,0.0038,0x4a...df04,https://etherscan.io/tx/0x75af9554416385cfd84e5c165562aadbd75c186fed0aab3690749747bddd5463
2023-03-19 14:06:23,True,1.084e-05,6.088e-10,10094377.0,0.0614,0x9c...2c34,https://etherscan.io/tx/0x40b0002e4f60b2320fcb7d2ec0ca0bc29ea4e100b320e09cb1b464a3a8f18723
2023-03-19 13:46:23,False,1.081e-05,6.06e-10,100000000.0,0.606,0x02...d641,https://etherscan.io/tx/0xe9d9e1fa9892073fa55997dc2741608bfd7b75cd7029f50a4160e0a6ea7e4d2b
2023-03-19 13:46:11,False,1.083e-05,6.07e-10,9126822.0,0.0554,0x6f...6571,https://etherscan.io/tx/0xb53cd74cb3311fe8dc7f8c0eb369b55ce4520b4e8592f9ededaffd2162908d0f
2023-03-19 13:42:35,False,1.083e-05,6.071e-10,4487762.0,0.0272,0xdf...c1dc,https://etherscan.io/tx/0x65e286e8f6d8266e2a01afd67931bedf691ec89c64ab2ce1b07fc435be88dec7
2023-03-19 13:39:47,True,1.089e-05,6.106e-10,18249819.0,0.1114,0x10...24ee,https://etherscan.io/tx/0xd05a40ad3739afaff5d0e764af5233495d98ccf4e1ada60d570f50248311195d
2023-03-19 13:36:23,True,1.088e-05,6.105e-10,1150496.0,0.007,0x12...7254,https://etherscan.io/tx/0xcc7dfc89b1d0c01710a8f6c6ebd6dbeace739c182b62190fd4391be3f1170d36
2023-03-19 13:33:35,False,1.081e-05,6.068e-10,3000000.0,0.0182,0x57...be3b,https://etherscan.io/tx/0xb33697d814a46840d6f1d0af825cffcfd36e570fdf13a5d18a5ab78a3e23e80e
2023-03-19 13:31:35,False,1.081e-05,6.069e-10,2000000.0,0.0121,0xf9...d290,https://etherscan.io/tx/0xc2ba1fd0e2dac266ed8fbbca8c8ec4bb75d794b3bce73010f37e4cb33d3e50c1
2023-03-19 13:29:35,False,1.082e-05,6.072e-10,33373570.0,0.2026,0x77...80f2,https://etherscan.io/tx/0x9b92e73a3d08ef033275bb59d635e1151a1ad2f0af7a1bfc7f716e046ef07dda
2023-03-19 13:28:35,False,1.084e-05,6.076e-10,11494261.0,0.0698,0x1b...c2a5,https://etherscan.io/tx/0xe51f04938e7e8da4f9f3f34c94f6b9d67563673d55ceeb95b05f548a362e3548
2023-03-19 13:24:11,True,1.091e-05,6.114e-10,991624.0,0.006,0x9b...2625,https://etherscan.io/tx/0x3072804a6ac1ec235c7a55d55fcd9e7641174f19713cc39349b3f4a3f5188e90
2023-03-19 13:22:35,True,1.091e-05,6.114e-10,136624.0,8.353e-05,0x52...1585,https://etherscan.io/tx/0x871a0deff845682fbe628b0b64ffd6cda239aeaeb6ee00eb61def725269fc828
2023-03-19 13:22:23,True,1.092e-05,6.114e-10,274901.0,0.0016,0xce...f348,https://etherscan.io/tx/0x7a168902e68c01f2455b3774c1745859b4df4d3b61d6f1af58c8a5229d3a0d5f
2023-03-19 13:20:47,False,1.084e-05,6.078e-10,5898012.0,0.0358,0xe1...566c,https://etherscan.io/tx/0x9fb4a9b34b3e21314f2c75775c5da01c3105476892d6cb10c582fb2a552eb674
2023-03-19 13:04:59,True,1.091e-05,6.115e-10,70174.1,4.291e-05,0x48...ca6e,https://etherscan.io/tx/0x5c51a590c693337b3c81c72ed428b4691cd46b644569c5bdf03687699d3756aa
2023-03-19 13:03:23,True,1.091e-05,6.114e-10,11241746.0,0.0687,0x1a...523e,https://etherscan.io/tx/0xf3ce454b66274975bdc83d8a78297259e9eb2e01be41c1df55f73d7b8db39424
2023-03-19 13:02:35,True,1.091e-05,6.113e-10,76887.4,4.7e-05,0xc2...7e25,https://etherscan.io/tx/0xc47ae5019a78031d7296d2cf2ae56934bc75b0289e741636d134de8736370be1
2023-03-19 13:01:47,True,1.091e-05,6.113e-10,377489.0,0.0023,0x7e...70a4,https://etherscan.io/tx/0xc9f009910e66aa7d20c8363327a730d97fdd16b89a1dc82270e9b12bee0295bc
2023-03-19 12:58:47,True,1.091e-05,6.112e-10,78812.3,4.817e-05,0x4b...9f1f,https://etherscan.io/tx/0x4c042d9543d3f34aae95c6f3e69f18c40ccdbcd03b01aed7edd56734a78a86da
2023-03-19 12:54:11,True,1.089e-05,6.112e-10,3162184.0,0.0193,0xd5...1714,https://etherscan.io/tx/0xa5a12632b157d9b9aab0f4143744d91a79b0b9292047d4e32d2c9f33eb36654a
2023-03-19 12:41:23,True,1.085e-05,6.112e-10,567604.0,0.0034,0x39...866d,https://etherscan.io/tx/0x69a85c6044f53924842a517950e4fe27953bdc16f27167546488c848ff429809
2023-03-19 12:37:59,True,1.085e-05,6.112e-10,85412.7,5.22e-05,0x6d...e0c8,https://etherscan.io/tx/0x48c6612a6058873c14268662ac9b0cdc58290328d651b5ed6f675e3e11c289bb
2023-03-19 12:36:23,True,1.084e-05,6.112e-10,89663.6,5.48e-05,0xc7...ecc2,https://etherscan.io/tx/0x3d0c84c3a08efac3ff63c91d5e36cd5391fa783fe2beaf7a70a6e92b54f5f529
2023-03-19 12:34:47,True,1.083e-05,6.106e-10,58732991.0,0.3586,0xa1...546f,https://etherscan.io/tx/0x88ebcef5424706a26cd5f61afe75dc01dc9b45ca6dfce695ecd4d659b02291bb
2023-03-19 12:28:59,False,1.076e-05,6.065e-10,9466357.0,0.0574,0x00...5e6f,https://etherscan.io/tx/0x6e542f495d814f58cf539a5f664989662391054fd1900fce7fc866556e1ae57f
2023-03-19 12:28:47,False,1.076e-05,6.07e-10,44207215.0,0.2683,0x7d...730d,https://etherscan.io/tx/0xae243cb49ee7dc989e1ce4dede0ab6cffda3938f04f05d0e30f2271393946f9a
2023-03-19 12:21:47,True,1.084e-05,6.11e-10,10058026.0,0.0614,0x09...88ad,https://etherscan.io/tx/0x584eb74e9f7f42a80b1030fe72f2ad19bc70ddff6b1ad5d905192dea518e2987
2023-03-19 12:18:23,True,1.082e-05,6.107e-10,18298717.0,0.1117,0x7d...29e0,https://etherscan.io/tx/0x43976d0e222acac3a0233a1bd03fe8519baf812b080ad37e3bccba44631fd02e
2023-03-19 12:14:23,True,1.081e-05,6.105e-10,542225.0,0.0033,0x5c...efb7,https://etherscan.io/tx/0x95f3d2af3e834b94cb055bcc8d8c788ffc1843e7bce81492df311e913c62776a
2023-03-19 12:12:47,True,1.081e-05,6.104e-10,9255027.0,0.0565,0x7b...06f4,https://etherscan.io/tx/0xacd15ec131cd0e05447efc820fe262ebc165d35cbc3786c93fbe2d9c68a25c3e
2023-03-19 12:06:11,False,1.074e-05,6.068e-10,8128310.0,0.0493,0xa2...9001,https://etherscan.io/tx/0xc7cca9fa4b03c04aa73e2fb3f06c1655ebbc2e7c728ada754b7d60081987682c
2023-03-19 12:02:47,False,1.077e-05,6.07e-10,13951794.0,0.0846,0x3e...6cad,https://etherscan.io/tx/0x62707b9cd9a75d5f76e333699942b6831637522029bff1df9e39b384ffa36542
2023-03-19 12:01:35,False,1.077e-05,6.072e-10,7490103.0,0.0454,0xd2...f329,https://etherscan.io/tx/0x994afd2d38a178d7f83f4fc62af9de4d8909ce718866c6269868a0f749c499f0
2023-03-19 11:59:59,True,1.084e-05,6.109e-10,902714.0,0.0055,0x82...9b55,https://etherscan.io/tx/0x2539e7d4f6ef65353328a433c146e299af42a412eb219145a8bed40bd6cb16d8
2023-03-19 11:59:35,True,1.084e-05,6.107e-10,15836786.0,0.0967,0x53...85a1,https://etherscan.io/tx/0x8c9f3c6c237f94bf59dcc91d0d0d96c8aa122d68448dcee1c074d92efc628d89
2023-03-19 11:55:11,False,1.076e-05,6.07e-10,8472298.0,0.0514,0xd1...be8f,https://etherscan.io/tx/0x478f33b424524593b8ce27b1c13659a5569d0464a62d1ebca390d0dc69f5b6a7
2023-03-19 11:49:35,False,1.078e-05,6.071e-10,1944306.0,0.0118,0x46...86c5,https://etherscan.io/tx/0x4d5bbcc34cd7ca6ef6dedd60dad3efef8d95a7e0b88b52c4d06ec14ae70f37ff
2023-03-19 11:47:11,True,1.085e-05,6.108e-10,92257.2,5.635e-05,0xc2...7e25,https://etherscan.io/tx/0xe33f1f0c40cdacb7a51de654c25c4898ef1b8425de6eebade6b8ee1616ed8719
2023-03-19 11:42:47,True,1.085e-05,6.108e-10,94251.2,5.757e-05,0xf0...c54c,https://etherscan.io/tx/0x350d950cb9135914225238f99221f58999fc484a182ab6ca88076f2e1037a9e2
2023-03-19 11:35:11,True,1.085e-05,6.108e-10,2010677.0,0.0122,0x00...9a5c,https://etherscan.io/tx/0x76854e25da94b6836c9b8500041d1e4366c9026b4f9764fb5258f38c7914866e
2023-03-19 11:33:59,True,1.079e-05,6.077e-10,321446489.0,1.95369,0xff...e331,https://etherscan.io/tx/0xa8eb5bb689891f9573a29d65d083dfc86e1776b63e57e43ae4e0db21449bd2ea
2023-03-19 11:33:59,False,1.053e-05,5.928e-10,387754803.0,2.29881,0x09...a38a,https://etherscan.io/tx/0x3afd6bc8e76d2d4c485817c9e7a2b6626b88b0f56bc925d841ea1b9dbbf29be2
2023-03-19 11:33:23,True,1.087e-05,6.119e-10,2008527.0,0.0122,0xba...f266,https://etherscan.io/tx/0x55f50abf4d42677fc49f53fa9de02fd891228063b6eb9b2dce737996fc2c34b2
2023-03-19 11:28:23,False,1.08e-05,6.083e-10,7197507.0,0.0437,0x47...e90e,https://etherscan.io/tx/0x7be5067e4b8de7b1aa7d2b460eb8a336c366ead0357e3813fad8c8636c22c141
2023-03-19 11:27:11,True,1.087e-05,6.12e-10,94840.5,5.805e-05,0xf9...47a1,https://etherscan.io/tx/0x8f9230e791f7b7add8d07a8396f44eed13b0ecc74ab5c476ef6364be466e0c05
2023-03-19 11:26:11,True,1.087e-05,6.12e-10,6444073.0,0.0394,0x1a...d61a,https://etherscan.io/tx/0x92a00a62c7ebc610a1b2040f6eca765ad47f1d2625ca577ae1d6f3f7d01b3f01
2023-03-19 11:19:59,True,1.085e-05,6.119e-10,1008027.0,0.0061,0xeb...a094,https://etherscan.io/tx/0x6ec899fc3f822af70d38b1f2b709c325d815d1f5280da6b276427fa5f3604da1
2023-03-19 11:13:11,True,1.086e-05,6.119e-10,2915859.0,0.0178,0x4a...d8d0,https://etherscan.io/tx/0xba88633d2a64d60833a9b6ea1844c01beafdc7b20b5fedb1acee7c071feb23e1
2023-03-19 10:33:47,True,1.083e-05,6.114e-10,49884077.0,0.305,0x9f...40bd,https://etherscan.io/tx/0x7c896c34b8b558908fc7eca264835a15ced41fc400d5a03ca4d5702a73fd2626
2023-03-19 10:33:23,True,1.081e-05,6.104e-10,49832722.0,0.3042,0xa8...6aba,https://etherscan.io/tx/0x5588967c3b97ca850e07baa8e6858b7d00f81d2fa9311b6b6176c905a87dc958
2023-03-19 10:32:35,True,1.08e-05,6.1e-10,147540.0,9e-05,0x5a...099a,https://etherscan.io/tx/0xc0322660a92ca12257ec70ede89bb87aacef4679ca629d0024e37e735d463210
