datetime,buy_order,price_USD,price_native,amount_token,total_native,maker,etherscan_url
2023-04-01 18:54:47,True,1.132e-05,6.243e-10,222000194.0,1.386,0x91...8081,https://etherscan.io/tx/0xad40966043a3667feeb53291df52058ecce2fda4643764c22b31a71798f1e119
2023-04-01 18:52:47,False,1.129e-05,6.209e-10,260659378.0,1.61861,0x60...ab2f,https://etherscan.io/tx/0xd95279e7674ef452ace49bdafdba4bfa174ec0ef815cfc8f08129ab0bfebe36a
2023-04-01 18:49:35,True,1.137e-05,6.244e-10,282174064.0,1.76212,0xff...e331,https://etherscan.io/tx/0x186eb7b01934b0ed12012117afc5413cb6cae2334d29fdeb2d738940a4548c6b
2023-04-01 18:48:35,False,1.125e-05,6.179e-10,3356853.0,0.0207,0x63...f8ce,https://etherscan.io/tx/0xb50c02e7f143c60f40779581d2430483880b7c9472b49fdd50516ca638e58bd3
2023-04-01 18:47:35,True,1.128e-05,6.196e-10,210546946.0,1.30471,0x43...74f3,https://etherscan.io/tx/0xb00f76c4dfc93064460659888323b30c1d7ab153470240f45241931be82d08e4
2023-04-01 18:46:11,False,1.118e-05,6.144e-10,53006667.0,0.3256,0x1d...2af5,https://etherscan.io/tx/0xabab8229020dfe6d29f90f8b943257450c9c9e0f1c8711d003a7f6951a922290
2023-04-01 18:45:11,True,1.126e-05,6.183e-10,32061915.0,0.1982,0x74...c795,https://etherscan.io/tx/0xe9d87af3fb05b86ad5f888cdeabb581ac0f0b19f5b4fa2acf030e4d367aa0fae
2023-04-01 18:45:11,False,1.12e-05,6.152e-10,98191367.0,0.6041,0x76...7d5e,https://etherscan.io/tx/0xf70a4897fade4aabfd355a928b0ec5424892ee4caf9c1a6f37dbb674f297299d
2023-04-01 18:44:47,True,1.127e-05,6.194e-10,47332482.0,0.2932,0x5b...82c2,https://etherscan.io/tx/0xae513e386b23717c1a7e127cf71263da767e59630fbf68d69a58aba8e312e2dd
2023-04-01 18:44:47,True,1.118e-05,6.143e-10,479496146.0,2.94573,0xa5...63c0,https://etherscan.io/tx/0x14572920136ce78ad23514267c9fbe8a01ebaef9a93bb10c0350beb2bc12e500
2023-04-01 18:44:47,False,1.107e-05,6.084e-10,250000000.0,1.52112,0xec...fa53,https://etherscan.io/tx/0xa125d718c1737e0b44f2a84d007f0c07eb184a717e0002d9eb09892e92dbe6d1
2023-04-01 18:44:23,False,1.113e-05,6.115e-10,70074164.0,0.4285,0x7f...18eb,https://etherscan.io/tx/0x1ab412909318125619965d83b78a4c836873017051edf9a63a3dd211bb166710
2023-04-01 18:44:11,False,1.115e-05,6.126e-10,46606431.0,0.2855,0xd7...a3b2,https://etherscan.io/tx/0x7d6f86ba7f45e57568ca15a728a4a9b755dcdfccb5d47b7ee9959779a02cc957
2023-04-01 18:43:59,True,1.119e-05,6.147e-10,212990936.0,1.30928,0x60...ab2f,https://etherscan.io/tx/0x83df6f477d8498810746fa5e76bddb7517c443be99a3470219f1f5e9b53da3d2
2023-04-01 18:43:11,False,1.11e-05,6.097e-10,84872147.0,0.5175,0x15...cd03,https://etherscan.io/tx/0xdd330b4bce5ef6ac9bf7accf72e36e1c00d0434d73b4352e9715f8a3f2a37987
2023-04-01 18:41:47,True,1.117e-05,6.135e-10,80396796.0,0.4932,0xfb...f700,https://etherscan.io/tx/0xb5408608cf4d4772a10b7bd8c19176a875868392e77e0f72a3adcc1dc6b525a4
2023-04-01 18:41:47,True,1.112e-05,6.109e-10,179764221.0,1.09835,0x00...0f3d,https://etherscan.io/tx/0xf99d347a442e48086e4456274598d2b85635add11e836436acfcbb4c09d84797
2023-04-01 18:32:47,True,1.106e-05,6.071e-10,219189863.0,1.33087,0x1c...775a,https://etherscan.io/tx/0xe58d840f5c2c1ed33bc987a55d4c42cd5d223d76b8bbe9097faf2b7b4c06247f
2023-04-01 18:18:11,True,1.102e-05,6.05e-10,8191913.0,0.0495,0xdc...b716,https://etherscan.io/tx/0x340bb0327dced41164cde85b65c3834130b6a4cadf89a7c2e7623122bc124e07
2023-04-01 17:54:47,False,1.093e-05,6.013e-10,4050740.0,0.0243,0x1d...6073,https://etherscan.io/tx/0x8e67e5be298186674335de187e9ab9a90628238875ea379bd722f527b0bae9c3
2023-04-01 17:52:59,True,1.098e-05,6.034e-10,164738054.0,0.9941,0x5c...d3e8,https://etherscan.io/tx/0xbd996bac784cb5c3212ecdb3902a5e04840b5f1e5b9e49aa1f0d9fd77f6021f4
2023-04-01 17:51:11,False,1.089e-05,5.985e-10,23282648.0,0.1393,0xec...c791,https://etherscan.io/tx/0xae217c949fbe690af3de6497fde1b5fb472f0629c3afacbf738dbe95e04f5edf
2023-04-01 17:48:47,True,1.096e-05,6.023e-10,2006247.0,0.012,0x45...2015,https://etherscan.io/tx/0x53a1bd0ac3ad676bfc33e60c1d4dcc0c2d6dcf681fe62ad0dc39a028959068ed
2023-04-01 17:47:11,False,1.09e-05,5.989e-10,30000000.0,0.1796,0xc6...df27,https://etherscan.io/tx/0xa9c9bde88dea313ceb644cc449ff150f9283d53e3fd04485dbeaee7064e182dc
2023-04-01 17:35:47,False,1.091e-05,5.994e-10,19294423.0,0.1156,0xc9...2616,https://etherscan.io/tx/0x708d47b7a458289e5fad0d730c35ee0922f51fe3f31ff041d3a26dbb19f04cae
2023-04-01 17:17:11,False,1.091e-05,5.997e-10,18570925.0,0.1113,0x60...1533,https://etherscan.io/tx/0x9881c579eb7ce546e56a0719ebcfef0bda208459f4b25ed941ddc28585140903
2023-04-01 17:06:23,False,1.09e-05,6.001e-10,20000000.0,0.12,0x69...2f63,https://etherscan.io/tx/0xe8d772dc30b740eaec095a9d862c7c0d5be41d0dff0e4ed9999415af5fe12752
2023-04-01 17:04:59,False,1.091e-05,6.004e-10,11500000.0,0.069,0x25...6ae9,https://etherscan.io/tx/0xe1f2ef89bb01d2bee8f7c67e5e4b9927c7ed8c8be18272f6293f26cf93528def
2023-04-01 17:03:47,False,1.092e-05,6.007e-10,20000000.0,0.1201,0x69...2f63,https://etherscan.io/tx/0x51418bd11942b9cd6c3703cdd8ab374441814d41b3f435cb6fb4cd355ab64a45
2023-04-01 16:53:11,False,1.093e-05,6.01e-10,8541123.0,0.0513,0x40...c851,https://etherscan.io/tx/0x6128fab78fac3e48d1c0766afe6eb5a87b3e3b280e2a2dc728ee517deb380a63
2023-04-01 16:50:47,True,1.098e-05,6.039e-10,77711938.0,0.4693,0x7f...febc,https://etherscan.io/tx/0xc1a74ac021b8073a67217b54bf25254fbc9d4e2348975ec684b37cc13f9a8d92
2023-04-01 16:45:35,True,1.097e-05,6.031e-10,5094326.0,0.0307,0xd5...1714,https://etherscan.io/tx/0x18fa88c22e55c49286a213c1c1624054a9236768ba7a40516c1ebd102725b8a0
2023-04-01 16:42:35,False,1.089e-05,5.995e-10,3544582.0,0.0212,0xd6...7ee1,https://etherscan.io/tx/0x43d3615edc83cf3d36cba31d07fb7682492e13ef7af379b0d3ac73ce2524c522
2023-04-01 16:32:23,False,1.092e-05,5.998e-10,25517040.0,0.153,0xfc...a48d,https://etherscan.io/tx/0xddc78d7ad852e6af47cff003cbcf6d112203169bf8ed59455d8f283fb6e59c19
2023-04-01 16:30:35,False,1.092e-05,6.002e-10,20000000.0,0.12,0x86...0721,https://etherscan.io/tx/0xba9959c3a935c47244146f63cb0a4c5daa306d8569133fad8793618ca3f960eb
2023-04-01 16:26:47,True,1.098e-05,6.033e-10,72434539.0,0.437,0x9f...40bd,https://etherscan.io/tx/0xd6e5dec868de6e91e8947fef7d094458486ad25e8db91d01389fa13a8f54579f
2023-04-01 16:23:59,False,1.091e-05,5.993e-10,29238201.0,0.1752,0x68...5b80,https://etherscan.io/tx/0x8e8712eb06b2cad0b4cf3c6631ef7ef2b41b64244c8e64bb83cc7d61ae038bf1
2023-04-01 16:20:11,False,1.091e-05,5.996e-10,3862159.0,0.0231,0xc3...ec08,https://etherscan.io/tx/0x95365a7e1df62a097e3890c50d16a72fc8e35463ae76ccd40878dd30404e2630
2023-04-01 16:09:23,True,1.1e-05,6.032e-10,7065571.0,0.0426,0x93...9899,https://etherscan.io/tx/0xc93b8769ef64bd67945e664ddba56d2a29b65dde2bc9d6b6923ba31d867de7e9
2023-04-01 16:08:47,False,1.093e-05,5.995e-10,2172424.0,0.013,0xdf...f953,https://etherscan.io/tx/0xbff2aaaa651133fa71d0e2c13950a7e99f9e3faa21fdaf04eb945691ab49bf83
2023-04-01 16:06:59,False,1.095e-05,6.001e-10,60000000.0,0.3601,0x4f...d65c,https://etherscan.io/tx/0xf740fb57af81e407e31dca90ca28c686afb12cd8681659032bee675923fbc719
2023-04-01 15:55:35,False,1.096e-05,6.009e-10,21730374.0,0.1305,0xb3...5c0c,https://etherscan.io/tx/0x1df5c130bd195b3871431ae23ea78d0c9116fe16c8a91b6f8507da0fb426f04f
2023-04-01 15:50:11,False,1.097e-05,6.012e-10,8346242.0,0.0501,0xb3...016b,https://etherscan.io/tx/0x57737847b61ed61d63375384d60387fd2146692c3af0918019767df3704523b8
2023-04-01 15:48:11,True,1.103e-05,6.048e-10,7401251.0,0.0447,0xce...34a8,https://etherscan.io/tx/0x991461214d3fb7be58cc71026327b051482f345c6fdcbe0c600908b213613f40
2023-04-01 15:46:23,False,1.096e-05,6.011e-10,1000000.0,0.006,0x34...229c,https://etherscan.io/tx/0xefc28bebfb0610911152b09bb632976db979a4b21606ee7b17202cd1beddcb23
2023-04-01 15:39:11,False,1.098e-05,6.016e-10,46600000.0,0.2803,0x49...3941,https://etherscan.io/tx/0xdeaedd0670c63f6f3eb6eba6cda1c15ef1fb198bf0c6defbf8c9837906145fe4
2023-04-01 15:34:47,True,1.105e-05,6.055e-10,18166213.0,0.11,0x94...482f,https://etherscan.io/tx/0x9b2523357f7da58c637b5298ccde72b9b1daa1b350be83630c1d23669c3228de
2023-04-01 15:21:59,True,1.103e-05,6.046e-10,68960103.0,0.417,0x12...801d,https://etherscan.io/tx/0xc46b3ecd5049b790921f5f25d51ab3b6aab88c82b29b7e4257dbe52ede049a13
2023-04-01 15:20:11,False,1.099e-05,6.02e-10,177977340.0,1.0716,0x5c...d3e8,https://etherscan.io/tx/0xc4742bc50a7abb229e529f8aad9dbf38f0aee9bb66efa7b1151d419187c8e808
2023-04-01 15:04:11,False,1.103e-05,6.044e-10,68351466.0,0.4131,0x00...3d00,https://etherscan.io/tx/0x470c3984e79f343fa488ff88ddd1dbefffe808e6641413ba33dc1a3074ef43f8
2023-04-01 15:00:35,True,1.108e-05,6.072e-10,154344323.0,0.9372,0x5c...d3e8,https://etherscan.io/tx/0x73e3feeaffaef4398c41fc30b55f13c275dfbd3012f048984273f41fb277cca0
2023-04-01 14:57:23,False,1.101e-05,6.036e-10,155272312.0,0.9372,0x5c...d3e8,https://etherscan.io/tx/0x012dc281692390db29cbd38f6c4d4fdbd8bed0661f9509f29cfb7f1b7c6b2a40
2023-04-01 14:51:59,True,1.106e-05,6.062e-10,256843221.0,1.55717,0x43...9672,https://etherscan.io/tx/0x2e19ab28036ca6ea4d052e76382d1448d0f01fae37a99ea3c4ab38bb375eb2a9
2023-04-01 14:51:11,False,1.095e-05,6.003e-10,15997511.0,0.096,0x76...7d5e,https://etherscan.io/tx/0x380bb3caba004ca29890b010d0d0c87b21a381e3bbd8f9381dd8dc634518751d
2023-04-01 14:51:11,False,1.097e-05,6.012e-10,79840420.0,0.48,0x76...7d5e,https://etherscan.io/tx/0x380bb3caba004ca29890b010d0d0c87b21a381e3bbd8f9381dd8dc634518751d
2023-04-01 14:50:59,True,1.101e-05,6.037e-10,202947216.0,1.22524,0x43...74f3,https://etherscan.io/tx/0xfaf1e07cde81ec970ebf82c5b92038424e91880d9cbc3a40535a07ee5367800b
2023-04-01 14:50:11,True,1.094e-05,5.998e-10,204603741.0,1.2274,0x60...ab2f,https://etherscan.io/tx/0x35a285a28ae943f19981aed7fc6b8073f4808010e15e2b93abaf0d30a805f907
2023-04-01 14:47:59,True,1.088e-05,5.963e-10,177853554.0,1.06059,0x00...5196,https://etherscan.io/tx/0xb6f0c0e30c3cf58f68181e6617463455c5309e11ac3c947932b654a187a9aa18
2023-04-01 14:45:47,True,1.085e-05,5.946e-10,3647908.0,0.0216,0x04...aced,https://etherscan.io/tx/0x91cd4d4651a45e93a167d1dd7ad23f73045b55ba8b725927bf8c44f5227336e1
2023-04-01 14:37:11,True,1.085e-05,5.945e-10,4718023.0,0.028,0xf6...006f,https://etherscan.io/tx/0x0183f8ef74d8deda09e94e22f22dea9d9def56018c88734f2ea8bea18f2b1a91
2023-04-01 14:35:35,True,1.085e-05,5.944e-10,8337505.0,0.0495,0xba...127b,https://etherscan.io/tx/0x17b4b4c55ca81dfe26da29eb8379802940a956af5df730995010809d81296298
2023-04-01 14:26:23,False,1.078e-05,5.91e-10,24500000.0,0.1448,0xeb...13eb,https://etherscan.io/tx/0x2dd98bd52c99e3b4f2dd600cfc0770893e9a8cea8c2e9fab48b2d003c6290f5c
2023-04-01 13:50:59,True,1.085e-05,5.947e-10,7382847.0,0.0439,0xe4...36ed,https://etherscan.io/tx/0xa13e97b45e9f2c193c91e5ad8e48dde11e296cb97a593d875fa6774fb43a6cb9
2023-04-01 13:43:59,False,1.079e-05,5.912e-10,13285577.0,0.0785,0x03...acf0,https://etherscan.io/tx/0x7b84b503e3bb11468bd04f8f3e8779dcacdda5a164714aeab51f06f46bcf5afa
2023-04-01 13:42:11,False,1.08e-05,5.914e-10,5443601.0,0.0321,0x9a...8eb1,https://etherscan.io/tx/0x38652273f1f2bcb322433e493f7256c24ac30f3d7db3bb28fd6bb37d354d6ee8
2023-04-01 13:40:11,True,1.086e-05,5.95e-10,3361320.0,0.02,0x1e...3bd0,https://etherscan.io/tx/0x85537d33cea2aad45f2e28c405eb20c0ee3380c509f749b48ed58843a1e37cf2
2023-04-01 13:21:59,True,1.086e-05,5.946e-10,36002043.0,0.214,0x22...cb18,https://etherscan.io/tx/0xe58672fb9d55a1ac444682177006789246870ae993cbc491c2635eb737dcc286
2023-04-01 13:07:59,True,1.085e-05,5.943e-10,500376.0,0.0029,0x63...af8a,https://etherscan.io/tx/0x4d8dac844976911bd85e529d076e921f36c5e6fa789138f5755c338278ad3119
2023-04-01 12:48:35,False,1.077e-05,5.907e-10,5277609.0,0.0311,0x62...4182,https://etherscan.io/tx/0x70f559fb3ff3f2f82069c197a8fb6f3c6ddf9613f00866a3cacf990b45f5fcc2
2023-04-01 12:40:35,False,1.077e-05,5.908e-10,2000000.0,0.0118,0x91...dc25,https://etherscan.io/tx/0xf07f457151f956cdcde2086371309b60f6152b1e16fb2728c6bf7f4aad9910da
2023-04-01 12:33:11,False,1.079e-05,5.922e-10,144759056.0,0.8572,0x50...81c9,https://etherscan.io/tx/0x33ce078dbe4f22eb6e2f2224c2d81cc53d021c41782050bd81285ea9e43c2981
2023-04-01 12:33:11,True,1.086e-05,5.958e-10,140039933.0,0.8343,0x50...81c9,https://etherscan.io/tx/0xbc32a19f993b456137b515339497794c3e040b9b859d4263e9bc5dc1bafe4d3c
2023-04-01 12:30:47,True,1.083e-05,5.943e-10,21682647.0,0.1288,0x63...0b15,https://etherscan.io/tx/0xc3718d61eeb6965eeba3a47f5bdf4914a518199ccf374afa80b40353d244e90d
2023-04-01 12:07:47,False,1.077e-05,5.907e-10,19682484.0,0.1162,0x91...dc25,https://etherscan.io/tx/0x5d8ea7ec6e3d355717c163143ae6154c590e36dfab9053d7f80b723e1c57fec6
2023-04-01 12:05:11,True,1.085e-05,5.944e-10,1972210.0,0.0117,0x9c...0c5e,https://etherscan.io/tx/0xfc296cb4b8e584ed9dab5918a3cb96f824fb1b9b32c3c79b3844cbe79bdfc234
2023-04-01 11:58:35,True,1.082e-05,5.93e-10,154785087.0,0.9178,0x5c...d3e8,https://etherscan.io/tx/0xc5c0559d97ecc9edd06815a2fba8532c9a3499ac0cadd4ee71caf23e4049fdbf
2023-04-01 11:36:35,True,1.079e-05,5.912e-10,36667068.0,0.2168,0x45...e57c,https://etherscan.io/tx/0x4943766318a763b786287fc476dafc7153680a7943d93a022ea91e3b4483dd3d
2023-04-01 11:33:23,False,1.072e-05,5.873e-10,1500000.0,0.0088,0x98...5b95,https://etherscan.io/tx/0x07ac8e976cf770c7297f1bb920dd1487e78584178fb4bbab8d9a62720251bd70
2023-04-01 11:25:47,True,1.079e-05,5.909e-10,1692246.0,0.01,0xdf...e536,https://etherscan.io/tx/0x0ded158f741184495229c2b06eef9d5f6fa5cff3de2163f489d6f1614d827270
2023-04-01 11:23:47,False,1.073e-05,5.875e-10,20000000.0,0.1175,0x6b...e061,https://etherscan.io/tx/0x9b1bfa282865326d82506a7836651d9d2119343b86b99741a5f9ce20ce0357a3
2023-04-01 11:00:59,True,1.079e-05,5.911e-10,8795676.0,0.052,0xc9...2616,https://etherscan.io/tx/0xe967aedbdbc78fef3956186ea1fa326d66ab92928b880ca57e5a29af63cc44ca
2023-04-01 10:57:59,True,1.078e-05,5.91e-10,10498747.0,0.062,0xc9...2616,https://etherscan.io/tx/0xc69af975f6d2e5c4d98b448e45f9552d22c7dcfd261a0574aeb466854dbfd452
2023-04-01 10:25:47,True,1.076e-05,5.909e-10,838735.0,0.0049,0x24...6073,https://etherscan.io/tx/0x7458b4ec23a851303de307a1eb111ac970df1b6c5d9b6273fa04da876094459f
2023-04-01 10:17:11,False,1.071e-05,5.873e-10,1605393.0,0.0094,0xd1...7258,https://etherscan.io/tx/0x515c1649b8ad6328cd24afb2f4d0f11c8e1f526881d3f5321906ed019b1c342e
2023-04-01 10:12:35,False,1.071e-05,5.875e-10,12904896.0,0.0758,0x1f...d18b,https://etherscan.io/tx/0x61a233424d54fb7acd98be31d90a991e5bfc3ecf211e19f2c3014e2f142ea36c
2023-04-01 10:00:23,True,1.078e-05,5.911e-10,167675.0,9.912e-05,0x0a...2b62,https://etherscan.io/tx/0x57747a537c6864a65430eaa805d8e8ee29b30cf892cda4f0b9294dbfc19d8e08
2023-04-01 09:50:47,False,1.073e-05,5.88e-10,45884335.0,0.2698,0x6c...cf67,https://etherscan.io/tx/0xecb035ad001be0def7c340e2f949ad1693aba5ce92793dad508024bb9807e988
2023-04-01 09:03:35,False,1.072e-05,5.886e-10,22318228.0,0.1313,0x3a...9484,https://etherscan.io/tx/0x8ec5b6a4a7fcca66acbcf8dedcf8a735e6995af8c63329fe0750ec95850b4615
2023-04-01 09:03:35,True,1.079e-05,5.924e-10,323294.0,0.0019,0x4f...7eca,https://etherscan.io/tx/0x0da01d4339ff13a7cbe3d6d7162b3e7a4cfad51a5c74fa5fbc282418c348dc6d
2023-04-01 08:54:59,False,1.072e-05,5.891e-10,33341840.0,0.1964,0xd9...6a80,https://etherscan.io/tx/0x11c1d0795a735f7ff942376c5396beea9871fbda78a96a71298cf89a88f66508
2023-04-01 08:41:23,False,1.071e-05,5.895e-10,6263652.0,0.0369,0x2f...2411,https://etherscan.io/tx/0x2dc0d8d5683b8e4137f7f7b365c3a5f45c9a1e516ebcb905d4b8052776c27ad9
2023-04-01 08:37:59,True,1.077e-05,5.931e-10,3372060.0,0.02,0x56...f4c0,https://etherscan.io/tx/0xf494c55b3d5e85116fc9b19b923a8e7fa3cd8d304d44703ae9df6b6a26876926
2023-04-01 08:34:59,True,1.077e-05,5.93e-10,163533.0,9.698e-05,0x14...fc34,https://etherscan.io/tx/0x36c3b08835599a8266967354780b86de5ec3865c4b1bf5d22c8a105e1cc4de7d
2023-04-01 08:31:11,False,1.072e-05,5.896e-10,9533427.0,0.0562,0xeb...ccaf,https://etherscan.io/tx/0x384f205b030010b89347d7f7bd835184573cbf2b9daa98cc5a31068b3a733e20
2023-04-01 08:29:47,False,1.075e-05,5.913e-10,184619450.0,1.09182,0x91...8081,https://etherscan.io/tx/0x522ddd82646408f5c7c1fdbc1a4b2789d67e61fc0b4eb83434adf8beb11fa3b7
2023-04-01 08:20:11,True,1.087e-05,5.966e-10,631320.0,0.0037,0x78...d993,https://etherscan.io/tx/0xe40787781621af99bb5e089475077c7348e65f914ad35d6e7c81ce99d57b828d
2023-04-01 08:19:35,False,1.083e-05,5.944e-10,154399108.0,0.9178,0x5c...d3e8,https://etherscan.io/tx/0xf38cb164f2ca4efd6d0ead21c8bc3dba3b7c26a2598b93ea5208ef0822205e47
2023-04-01 08:17:11,True,1.093e-05,5.993e-10,18215468.0,0.1091,0x96...78fe,https://etherscan.io/tx/0x88f04ae5c488e0c6014323575e73635f6627e423dfac6c2b2a693d2c77eaacf4
2023-04-01 08:15:11,True,1.092e-05,5.99e-10,8272944.0,0.0495,0x94...2db2,https://etherscan.io/tx/0x4dfc639aa02ec69407333236af861f343c0bf746d24f6284b28dae4226184216
2023-04-01 08:07:59,False,1.086e-05,5.955e-10,14602329.0,0.0869,0x4f...a0cf,https://etherscan.io/tx/0xc0777de46d7054fe73709e1bce07cdd4c5b63a193d2f962cc10593577a1d4e69
2023-04-01 08:04:59,True,1.093e-05,5.991e-10,16607390.0,0.0995,0xe0...4709,https://etherscan.io/tx/0xc7cee2604aea169c7ebdc8ebc1a784d295d4ddae40358a87ef7b071f39076bf7
2023-04-01 08:01:35,True,1.092e-05,5.987e-10,27415378.0,0.1641,0x56...da45,https://etherscan.io/tx/0xee57d9af65d63004d6603d9f4f1169321cbf0dbd8c333f3e4473e05ba89d7c40
2023-04-01 07:54:47,False,1.084e-05,5.949e-10,11567112.0,0.0688,0x9d...4fb1,https://etherscan.io/tx/0x61ed74f2c2da7e10b27490dc417029fee56d9ed698c2dbbd8c92c5e7bfbc9305
2023-04-01 07:38:11,False,1.084e-05,5.951e-10,3000000.0,0.0178,0xec...7645,https://etherscan.io/tx/0x9155bc2a2e91e852f2833e986a387aad1bd09cd54df73183eebc3cae63d66490
2023-04-01 07:30:35,False,1.084e-05,5.952e-10,12000000.0,0.0714,0x66...a3b4,https://etherscan.io/tx/0x860e2dcf218a17bdc2a36dd86266737f111b9b6e02f659e22f71230a2a0887d0
2023-04-01 07:24:35,True,1.092e-05,5.989e-10,4965252.0,0.0297,0x1d...7e3e,https://etherscan.io/tx/0xe0f79542e15536715a5f9073cc52907a7c7911861d324883bdc40992b43feb82
2023-04-01 07:00:35,False,1.087e-05,5.953e-10,8379278.0,0.0498,0xf2...a0bb,https://etherscan.io/tx/0xde382032cd9a08ee0883fff12803073c2cc9b564fcbef21408a06ed3dc8f8dfb
2023-04-01 07:00:23,False,1.088e-05,5.957e-10,31496050.0,0.1876,0x22...d3b3,https://etherscan.io/tx/0xc538bcec5750dec84745c879f4a62938599bb79e2f8c1648d764cc5c9ea2c1cc
2023-04-01 06:52:23,True,1.094e-05,5.983e-10,133698942.0,0.8,0xf2...2f20,https://etherscan.io/tx/0x7ec36765a5b849c3cce98dd6230adac6e40b4d5148b1c19e22764405b2e884d5
2023-04-01 06:50:35,False,1.086e-05,5.942e-10,80000000.0,0.4754,0xe1...b768,https://etherscan.io/tx/0x8a8bd1f1a5c8658cf162d83c87acad51d6e199199a1e812ce0a24f5bc1c05885
2023-04-01 06:50:35,False,1.087e-05,5.951e-10,11358873.0,0.0676,0x97...20df,https://etherscan.io/tx/0x0e154ea5afe2025833ca0e9905217be30c085cec4ec43d961cf30a50e9f28a9c
2023-04-01 06:40:35,True,1.093e-05,5.987e-10,8317538.0,0.0498,0xff...b915,https://etherscan.io/tx/0x9f9f8724f4af29db3ecca9bb44457ff56816fb03faf32fcd87dd5757b3b0b2ae
2023-04-01 06:33:35,False,1.086e-05,5.952e-10,21007173.0,0.125,0xa7...fbc0,https://etherscan.io/tx/0x77f9a1a042e0c52ca828538368f4e719653ba872a6bad5d8f352a21b07599bdb
2023-04-01 06:30:11,True,1.093e-05,5.99e-10,4139049.0,0.0247,0xf8...06c2,https://etherscan.io/tx/0xc01c929adee01b3029db8e52a4d0fe33bd7ec75f33767f8607bf6d7aa63416df
2023-04-01 06:26:11,True,1.092e-05,5.985e-10,46671748.0,0.2793,0x49...3941,https://etherscan.io/tx/0xdf1659a4d24137158dfca4f5c47fefded7bf6e8bd4e9f012cb372ddd976a4128
2023-04-01 06:17:23,True,1.091e-05,5.974e-10,74666732.0,0.446,0x26...560c,https://etherscan.io/tx/0x90f03ed50352e7fc594d90ccd61b2e4e733712653a802cb5bf5aa799ee4371b7
2023-04-01 06:12:59,True,1.089e-05,5.965e-10,13642081.0,0.0813,0x28...fbd1,https://etherscan.io/tx/0xe557332f4752a12ec7206e0a4e128b913ee80bab3edada9460651da7e5e9c5ec
2023-04-01 06:11:11,True,1.089e-05,5.963e-10,9972907.0,0.0594,0xa5...9ab2,https://etherscan.io/tx/0xd0ffad4cbc9479eba0ad59e8df0dcab2155dee372d3e3acdf09ad33daf42f5b6
2023-04-01 05:55:59,True,1.088e-05,5.957e-10,58031247.0,0.3457,0xe5...9c15,https://etherscan.io/tx/0x18536dbc517b208193202aa2c53fda8a8865f9d9a73e0cf5406d0cf588e4921f
2023-04-01 05:55:11,False,1.08e-05,5.917e-10,12962025.0,0.0767,0x7a...e308,https://etherscan.io/tx/0x0c6a0608d912a0e7e37df6135f2464124da2e5db42b42d2de53a48b9f1edaab0
2023-04-01 05:48:11,True,1.087e-05,5.954e-10,1604959.0,0.0095,0xf6...25b3,https://etherscan.io/tx/0x70aeef68cc5668dc47f525423ee6aea0fe3bd62905a4ee2357d854b848e78738
2023-04-01 05:43:35,True,1.086e-05,5.952e-10,13930724.0,0.0829,0x9d...33ed,https://etherscan.io/tx/0x3cb59e5d0d8cc1522ab77801f35093a02cd634c3f163ebc5a20940aa84ea2320
2023-04-01 05:34:59,True,1.087e-05,5.95e-10,15288011.0,0.0909,0x6a...a2b0,https://etherscan.io/tx/0x092fecfbfaf7247f656ca07cc37aff0487ab142029f735698a50e288b4bd2954
2023-04-01 05:23:35,False,1.08e-05,5.913e-10,2032597.0,0.012,0xbe...6c45,https://etherscan.io/tx/0x3ef6768244153dadb19cba2eb7f150968b7b683d4b6922fe0b24c05db9f9e7f5
2023-04-01 05:15:35,False,1.081e-05,5.914e-10,9776200.0,0.0578,0x85...d445,https://etherscan.io/tx/0x63a4bfb163229b3c6b5b5e241a41a3abc53768ad77f370f96a20e44ce15543e9
2023-04-01 05:02:23,True,1.088e-05,5.95e-10,911219.0,0.0054,0x08...0082,https://etherscan.io/tx/0x2e0594d3bd806286ff6f94f5b6f0c47c87af614e01594ef903310f83d1d5a03a
2023-04-01 04:46:23,False,1.08e-05,5.917e-10,25781394.0,0.1525,0x5e...85c2,https://etherscan.io/tx/0xa53eb19d3cef478dde8fbe4ff08b7fc4541b8fbe3057a6d7ca66186ceb73daed
2023-04-01 04:41:23,False,1.081e-05,5.92e-10,8170316.0,0.0483,0x40...ab23,https://etherscan.io/tx/0xab4d676879d6b87669f2e2874c1d66909e1971ec6eaba37dbe83309a80d19da4
2023-04-01 04:38:47,False,1.084e-05,5.932e-10,123853211.0,0.7347,0xcd...2af2,https://etherscan.io/tx/0xa325d5526839b302f09ddea930ac0603c7933203c66f51d3f2775608636ba37b
2023-04-01 04:38:47,False,1.086e-05,5.944e-10,5213351.0,0.0309,0x2a...86d6,https://etherscan.io/tx/0x6b05354baafb1c3c39c84d23a9c89f75d3b59feca7594880b98b960d84732e4a
2023-04-01 04:35:23,False,1.087e-05,5.948e-10,32572318.0,0.1937,0xa6...a79c,https://etherscan.io/tx/0x3d5228879941a98e136b5c90720f1c739ad8fbe3712d921f527527b85e6ba59b
2023-04-01 04:24:59,False,1.089e-05,5.951e-10,8078487.0,0.048,0xc9...01c8,https://etherscan.io/tx/0x29a6aadad3d89b460475b7369efb2b65e3a4714372393de1a31f099979708bd8
2023-04-01 04:13:59,True,1.096e-05,5.973e-10,160711823.0,0.96,0xd6...c4a5,https://etherscan.io/tx/0x0cdf6ea0fad4b80d13e177fa269ff87da8d7081919b0a7f8e9264315a775c62a
2023-04-01 04:12:23,True,1.093e-05,5.957e-10,9623386.0,0.0573,0x1f...92d3,https://etherscan.io/tx/0x58d665b22f702569a5f7531b4841b431b30f2d6945f141982269063eac4e2ce2
2023-04-01 04:05:47,False,1.089e-05,5.925e-10,45578142.0,0.27,0x6c...cf67,https://etherscan.io/tx/0xb84fe2764720ce5223717004dd56205209880f37f8aa556cf7a12b39d01f7833
2023-04-01 03:45:23,True,1.089e-05,5.963e-10,18282327.0,0.109,0xc5...db7f,https://etherscan.io/tx/0x668bf455ee188be29bcfb8b474510583f24d3549538c99bcddb0229a6f05bcf2
2023-04-01 03:36:47,False,1.083e-05,5.927e-10,15000000.0,0.0889,0x7f...96ce,https://etherscan.io/tx/0x4315d20053e3430f0c085f5576454d80f85fb47b6b4874d2dd1f8a415ee471db
2023-04-01 03:36:47,False,1.083e-05,5.929e-10,12693405.0,0.0752,0x98...0c3b,https://etherscan.io/tx/0x2876640465e93fc2037f024adda0c6678be141f0f9577ea85471577e0c505b53
2023-04-01 03:27:47,True,1.088e-05,5.962e-10,43671555.0,0.2604,0x6e...fe87,https://etherscan.io/tx/0x42414663d79b70287f426b9a3a56391972343a3074935f74541f11ab71270d16
2023-04-01 03:17:59,False,1.08e-05,5.925e-10,21838366.0,0.1293,0xd1...cd8c,https://etherscan.io/tx/0x1c0286d4287582ccce2299dbab840bb4c42962402bb92a1d0c93ffb7b7fecd1e
2023-04-01 02:48:23,True,1.085e-05,5.96e-10,23404234.0,0.1395,0x5b...8b01,https://etherscan.io/tx/0x652b927fba52b3a880a17c61339bbd204d0b860f83f1caf7af6a088fb0c3a58f
2023-04-01 02:42:35,False,1.079e-05,5.927e-10,50000000.0,0.2963,0x69...2f63,https://etherscan.io/tx/0x68b33ca660b52e5acb91fcdc0561cf2639c6dfe253484626f793d9b9c29388d0
2023-04-01 02:34:47,True,1.087e-05,5.965e-10,27043404.0,0.1613,0x82...c2be,https://etherscan.io/tx/0xe9f6cbe6edf95693ffd1e95b4f2f48cadee84dc3803ac0b2d244233229ed3808
2023-04-01 02:14:35,False,1.08e-05,5.928e-10,15000000.0,0.0889,0xb5...9508,https://etherscan.io/tx/0x8b85a0ada21a5a0d34e5ee2f606a7e42e99e77f49d699f91691b7eedbb48602d
2023-04-01 02:03:35,False,1.081e-05,5.93e-10,12976499.0,0.0769,0xc1...e8e8,https://etherscan.io/tx/0x650bb3686d9d9b259979c9c5faf7fb391e2893eaba0491bb712285dfcbca0c2c
2023-04-01 02:01:35,False,1.081e-05,5.932e-10,3896709.0,0.0231,0x28...d2f4,https://etherscan.io/tx/0x453b07d31f6c0b66002e5f4fc2bdfb1c603e62acbd62ee2fdd3e0815f9ac32ed
2023-04-01 02:00:11,False,1.081e-05,5.937e-10,48920811.0,0.2904,0x49...3941,https://etherscan.io/tx/0x5686d05ccdee0e6aa50801f5c62298ff028c73ab151e7ae1bb7ce2de9545f10b
2023-04-01 01:58:47,False,1.082e-05,5.941e-10,945371.0,0.0056,0x12...7f9e,https://etherscan.io/tx/0x6bec81ef6f4fef12d386dc41888a37d4f0c315938057de4239eda5173ef9a0d9
2023-04-01 01:46:59,False,1.083e-05,5.942e-10,1344241.0,0.0079,0x3e...0122,https://etherscan.io/tx/0xe7d17196fb2f8b2023f0560f8ebeb23c5cab545ce203738016531e0062fa64a8
2023-04-01 01:45:35,False,1.083e-05,5.942e-10,1450461.0,0.0086,0x55...f38b,https://etherscan.io/tx/0x722a1836083a16a5386b31413c32f9d5638da18b6ee97f57e2fe0e0493c03dd9
2023-04-01 01:42:35,False,1.083e-05,5.942e-10,1001574.0,0.0059,0x7f...54c7,https://etherscan.io/tx/0xf7ff2c254dbd4da1ad46f2007978148822358ccea67153f1158a88d5b5538ab7
2023-04-01 01:37:11,True,1.09e-05,5.978e-10,5679682.0,0.0339,0x8f...e7e2,https://etherscan.io/tx/0x50b8a4355c271a3758d3aba0c1db4fcd5f676afd55746b6d473c57018ea20ecb
2023-04-01 01:35:23,True,1.09e-05,5.976e-10,10780754.0,0.0644,0xe6...1683,https://etherscan.io/tx/0xa9bb485286af247a71750442609ef8879555be473af996aa7b9a7b6dcf76397a
2023-04-01 01:16:11,False,1.084e-05,5.94e-10,11356933.0,0.0674,0x23...e56d,https://etherscan.io/tx/0xd71a0225a280ad16897b8118050176c8906b80e087f2b31619bd81d5059ca672
2023-04-01 01:12:35,True,1.09e-05,5.976e-10,9287661.0,0.0555,0x4e...c2b4,https://etherscan.io/tx/0x476761645200b4257b10a520e9f3c89447cb51407dd014f5fc2abe5f491969dc
2023-04-01 01:08:35,True,1.09e-05,5.975e-10,3317672.0,0.0198,0x94...2db2,https://etherscan.io/tx/0xdc6d99bf21f586461f6971f14dca124dfa38656c47ad5d004b52e3e0d94c78f5
2023-04-01 01:06:47,True,1.09e-05,5.972e-10,34856292.0,0.2081,0x94...2db2,https://etherscan.io/tx/0x5e4416b2bda119654162cd574e5db2b865cd7d3c2736389277fc189e8ced7978
2023-04-01 00:56:47,True,1.09e-05,5.968e-10,44474.8,2.654e-05,0xc5...08af,https://etherscan.io/tx/0xd7de4c6767f5913c03eb3993bd7919532bf1689edac10c8a7ef58a396c2846aa
2023-04-01 00:33:23,True,1.09e-05,5.968e-10,3988924.0,0.0238,0x9a...cd2b,https://etherscan.io/tx/0x6dfd51fdaf7c2d64a748e8f1355c0257b616c206e9b895b019d98bac2d09077f
2023-04-01 00:32:59,True,1.085e-05,5.944e-10,257949332.0,1.53329,0x60...1df7,https://etherscan.io/tx/0x668e789e556579f9e9282f37bace722f8da3cab942e4641daf2af35d8e85686a
2023-04-01 00:32:23,False,1.078e-05,5.907e-10,250000000.0,1.47695,0xec...fa53,https://etherscan.io/tx/0xfb67f88424ab9f5d1184d8413cc9ce66e7761eec3fe8619b626d433ed5fe15a4
2023-04-01 00:19:23,False,1.082e-05,5.931e-10,4877178.0,0.0289,0x67...f734,https://etherscan.io/tx/0xbbcc86d39e05ab18108266a0fe2b7a68138d40009aa6ed366a23e36df026a52b
2023-04-01 00:03:47,True,1.087e-05,5.966e-10,11630014.0,0.0693,0x11...0af5,https://etherscan.io/tx/0x0afd590e89b1b39d03cd4c6f4061bbd76a379f22f5c090429538775e3a194e3b
2023-04-01 00:01:59,False,1.085e-05,5.951e-10,238001485.0,1.41645,0x91...8081,https://etherscan.io/tx/0xe2aeb809bd3e0453ca12714cba8f111dca3cb9b4040ac043902a7f5641a50ad8
2023-03-31 23:55:23,False,1.09e-05,5.975e-10,24869194.0,0.1486,0xcd...2af2,https://etherscan.io/tx/0x9e9168c3700b79d4b64e33f5f014d22f30f983c3110344029674f0b1f18e875c
2023-03-31 23:46:35,True,1.095e-05,5.998e-10,162792437.0,0.9765,0x49...1b16,https://etherscan.io/tx/0x074fc3725ed1d557d68f5680612e867ada3754ba3e9ea193cc317483aac1989d
2023-03-31 23:42:35,False,1.085e-05,5.95e-10,29194985.0,0.1737,0xce...05ff,https://etherscan.io/tx/0x7a530c955aafbe4c26ff716eaaeadbd79da33957e334cbd9e35eb519693e3bd1
2023-03-31 23:34:47,False,1.085e-05,5.954e-10,15682657.0,0.0933,0xdc...9192,https://etherscan.io/tx/0xaddbb44669fab157cbad5f0e8d1a8afdfa003c6fe2eaa25531582733259ef207
2023-03-31 23:29:59,False,1.085e-05,5.957e-10,18264126.0,0.1088,0xe9...7986,https://etherscan.io/tx/0x568840fe4466e27628e57068f82cf21eb766b7ba224bd018e2f61c49fa948311
2023-03-31 23:29:11,True,1.091e-05,5.992e-10,33084147.0,0.1982,0x68...d8da,https://etherscan.io/tx/0x902351f0ebb4beecd6b2b5a4abb563694e1818045ae47c0979de0f7c08478ada
2023-03-31 23:23:47,True,1.085e-05,5.965e-10,256931563.0,1.53267,0x06...44a1,https://etherscan.io/tx/0x5adc7faf7ecc4ffcc398d48c7356934880f7da7aad611da5f7dc1bca55b6d0fb
2023-03-31 23:11:23,True,1.08e-05,5.94e-10,13278958.0,0.0788,0xe8...cba9,https://etherscan.io/tx/0xeb3e412e1d7193caf80332072d08ddcd6109f3192853109c2770c4d1e5f17dbf
2023-03-31 23:09:35,True,1.079e-05,5.938e-10,8346242.0,0.0495,0xb3...016b,https://etherscan.io/tx/0x839a0bbaed1abfeaddcc59ef469768d65679729a82bfd99ea62d4ff07822cbdb
2023-03-31 23:08:23,True,1.078e-05,5.932e-10,58224353.0,0.3454,0xe8...cba9,https://etherscan.io/tx/0x95e54edbad272084cccb9b9b76dabb7fa362a945eb65e38d0ef54c70a264d9ee
2023-03-31 23:02:11,True,1.077e-05,5.926e-10,4089653.0,0.0242,0xe6...f79b,https://etherscan.io/tx/0x094d296928f7d4afc448d08b221c21323254811740d3a39f30d013eb7161f09d
2023-03-31 22:56:59,True,1.08e-05,5.925e-10,1003633.0,0.0059,0x8e...bf6f,https://etherscan.io/tx/0x499138a995a579172f632789754ac23d209d814ff3e423d40afcfd4983ed9326
2023-03-31 22:54:35,True,1.076e-05,5.904e-10,229341822.0,1.35423,0xff...e331,https://etherscan.io/tx/0x4daf93f26eb257aab1ed28a9bb14750beaa9f92d79223bcc8a9e318651240123
2023-03-31 22:45:59,True,1.073e-05,5.882e-10,13530696.0,0.0796,0xfc...e958,https://etherscan.io/tx/0xc9c80ebfb503f1417fb2a7c544de7fdd0a9740eb65db45a90771db89b341ef2e
2023-03-31 22:44:23,True,1.072e-05,5.88e-10,6742183.0,0.0396,0x8e...bf6f,https://etherscan.io/tx/0x31031b673934a85d64e0d036018a9966f3210ac0e8cdb6cb3cea28f2259ef4bc
2023-03-31 22:35:59,True,1.071e-05,5.879e-10,4462563.0,0.0262,0x1d...37e0,https://etherscan.io/tx/0xc77a87e934d649fd01df9e00fdf30e72559e3a8db530073c0b96ff9230fd2ba8
2023-03-31 22:34:47,True,1.07e-05,5.877e-10,24204121.0,0.1422,0x4c...56ba,https://etherscan.io/tx/0xf57708c24e9b8c419d56aec35b53c3f40f6a7881f8c579c036c4c39d51b396f0
2023-03-31 22:15:23,False,1.066e-05,5.84e-10,12008120.0,0.0701,0xd7...f487,https://etherscan.io/tx/0xb9acbb2c3187d4c47d6a31e09ba047f23b80053ca876bcc18ca8299ad05d4e63
2023-03-31 21:55:11,False,1.069e-05,5.843e-10,19736897.0,0.1153,0x62...04d6,https://etherscan.io/tx/0x8fc72b36dd8f0d1b744ecb4ad5fd71616d4588157a7701d66cfce5b5a0dd8cf8
2023-03-31 21:54:23,True,1.074e-05,5.88e-10,47973.2,2.821e-05,0xb9...b662,https://etherscan.io/tx/0xb139c45f8c42076a1bbbc03bd24dfeca5451baa7158e42269865408aa08c3584
2023-03-31 21:47:47,True,1.074e-05,5.879e-10,18710332.0,0.11,0x00...0906,https://etherscan.io/tx/0xd133570421cfbcd9b520666f6f99b2af068f66f618e0d4ac95b912b8d11a90ef
2023-03-31 21:47:11,True,1.075e-05,5.876e-10,9169648.0,0.0538,0x82...c2be,https://etherscan.io/tx/0xa458f3a590bc89cb1d07944e999c2ef47456666ec932c736d09944e7e22b4c1f
2023-03-31 21:45:47,True,1.074e-05,5.875e-10,4520544.0,0.0265,0xf8...06c2,https://etherscan.io/tx/0xeada84ad49c33b620161f900ee25614e09889b59ce95a67532e9fae57325a7e8
2023-03-31 21:39:59,False,1.068e-05,5.84e-10,9219557.0,0.0538,0x9c...0669,https://etherscan.io/tx/0xceecfa043177d29caf114ef17d0e41f1335d49feca1d7043062630ef6ffde47f
2023-03-31 21:32:11,True,1.07e-05,5.868e-10,87200156.0,0.5117,0x04...0cf7,https://etherscan.io/tx/0xdada336f3720605ad1210a940cd5cf9e74c4e88e086f3a11041c61935911bd75
2023-03-31 20:58:11,False,1.062e-05,5.825e-10,951718.0,0.0055,0x5f...6d4c,https://etherscan.io/tx/0xa577d76d1e45c2f059f00305e90b45e4cedc1664895b827e08ea4864f22424a3
2023-03-31 20:52:35,True,1.069e-05,5.857e-10,38595696.0,0.226,0x77...e74b,https://etherscan.io/tx/0x481d05bb051efb00246e373c6bec6de6d5e8639e8085bb9f0acc86261e92dd92
2023-03-31 20:40:59,True,1.066e-05,5.853e-10,4247193.0,0.0248,0x92...b896,https://etherscan.io/tx/0xa32176a786d2cc0ed09bbf255fdba5e478aad86e90b85b1b9cfc8382fb1a9928
2023-03-31 20:40:23,False,1.06e-05,5.818e-10,4409367.0,0.0256,0x19...71e0,https://etherscan.io/tx/0xf97876d31c25f124b14391abb9ed876fbfee92b681c2a101ee4a20314c036069
2023-03-31 20:32:23,True,1.067e-05,5.852e-10,19970536.0,0.1168,0x86...efe4,https://etherscan.io/tx/0xc3da5856e4e2765d0523b55a907f478c210e86f7f8762b2c83b181f238d98d8a
2023-03-31 20:26:11,False,1.06e-05,5.816e-10,12434229.0,0.0723,0xc6...bc06,https://etherscan.io/tx/0xc8a22d21997d2a6262d4b89aec7f16d198ff65ca5a02e4d77f66c20c11adf9a4
2023-03-31 20:19:47,False,1.06e-05,5.817e-10,2328856.0,0.0135,0x2d...a5f5,https://etherscan.io/tx/0xcbd0e0baae940f397f5d5ca588f34be1a06e3064e4d5534afeb0d0ece249d605
2023-03-31 20:03:59,False,1.061e-05,5.818e-10,10000000.0,0.0581,0x2d...6f8e,https://etherscan.io/tx/0x295dee14b8c2788ee48e6a87e97f68a064b85a3376e9d7c5519c7cb570042ed6
2023-03-31 20:02:59,False,1.062e-05,5.824e-10,52952703.0,0.3084,0x8e...2480,https://etherscan.io/tx/0xa8779297cf8730eade59b2a4a9a2622688b4b03d06674e1f1213644365ff6bd7
2023-03-31 19:58:11,True,1.053e-05,5.774e-10,1006217091.0,5.81073,0x04...f8b3,https://etherscan.io/tx/0x4df6d0a8421788b5e63d9832b1eca86005f7959b56583a42d968d607af7d8b2a
2023-03-31 19:58:11,False,1.045e-05,5.735e-10,953963453.0,5.47157,0x2a...93bc,https://etherscan.io/tx/0x49e04116d3e03dbcc80909bffa284709d732ebe4ddbc7fabc8eb502d4c0f59ed
2023-03-31 19:37:23,True,1.07e-05,5.854e-10,2839245.0,0.0166,0xf0...f2ab,https://etherscan.io/tx/0xb96fab938ef7f51783cc5b6134536061d261c382af0b94b89b5a41f38121ff5a
2023-03-31 19:34:35,False,1.064e-05,5.819e-10,11068157.0,0.0644,0x3c...754d,https://etherscan.io/tx/0x8c36b4bc553198e3eb6082539f94984a985a373b5a6683397304f4aa929aa282
2023-03-31 19:30:59,False,1.064e-05,5.822e-10,18427278.0,0.1072,0x1b...ea67,https://etherscan.io/tx/0x0e2b3704dbd8b6727cafe55571d82c0fd7d0c086e32c2ab2ef5f8107a17f9bf7
2023-03-31 19:16:47,False,1.065e-05,5.824e-10,8919509.0,0.0519,0x9d...f6b9,https://etherscan.io/tx/0x50b6d33d97c10352dcb23ee0590ff44981dbb5d6df48d2161b39a281f0d5d3a8
2023-03-31 19:01:35,True,1.071e-05,5.859e-10,16917474.0,0.0991,0x52...f2ce,https://etherscan.io/tx/0xd62ab40229c6edf1e4d31f96ad33697d90de70c4242f528d7a7c3920236a4077
2023-03-31 18:45:23,False,1.064e-05,5.831e-10,100606254.0,0.5867,0x52...5d91,https://etherscan.io/tx/0x10d3ffb8a1f23b5d27deead19e284bff9347ccdcbf8872b1302da50e6682d3c2
2023-03-31 18:41:47,False,1.066e-05,5.84e-10,1670523.0,0.0097,0xf0...bfc1,https://etherscan.io/tx/0xb88288ae7b120684e1efb061815b557b268e9626d707accf813765a5a3ae83d5
2023-03-31 18:37:47,True,1.068e-05,5.859e-10,188227337.0,1.10286,0x5c...d3e8,https://etherscan.io/tx/0xd96f374be64fee81f54eaa30479052e7e086d46ce6e1b1619a6ac915dcc21a1d
2023-03-31 18:33:35,True,1.065e-05,5.842e-10,2054054.0,0.012,0x09...4d80,https://etherscan.io/tx/0xea66af27ee4084f541343e0e50ee7e5a095b0ddbdc53a0acf117273d0b059a7c
2023-03-31 18:30:35,True,1.066e-05,5.841e-10,67871.6,3.965e-05,0x49...024a,https://etherscan.io/tx/0x38e17e7d56daa547046fb7b70d4e24c252dc876831bcfbe7da385d4478167d62
2023-03-31 18:22:11,True,1.068e-05,5.84e-10,17122204.0,0.1,0xc6...004f,https://etherscan.io/tx/0x9006e8b08a4e6667283df6cd9656c644bcca63a5d2a980fd0341e81e073bdb45
2023-03-31 18:07:23,False,1.063e-05,5.805e-10,14127318.0,0.082,0xc6...bc06,https://etherscan.io/tx/0x7c702cefea87f6fc0bf7c791a6cae8d428119b81e5af5a50cef95662bf624a6e
2023-03-31 17:45:59,True,1.067e-05,5.84e-10,5087396.0,0.0297,0x53...5a0e,https://etherscan.io/tx/0x4b610cee9acbf4c259efef2e93b324f9a3e8a0374314ad60c9d1a2bfa5bd61ac
2023-03-31 17:41:59,False,1.063e-05,5.814e-10,98146730.0,0.5706,0xba...7b82,https://etherscan.io/tx/0x768c371ae23a955d78800c3d16bc513f0130d2ef46957b79c0812f845015af53
2023-03-31 17:20:47,True,1.071e-05,5.857e-10,8811202.0,0.0516,0xa5...15ed,https://etherscan.io/tx/0xa0416b629c8e6e620ee27e8cdeebc67442eeb75107579bd3df32fa09f7fa233c
2023-03-31 17:04:59,False,1.071e-05,5.823e-10,26668897.0,0.1553,0xed...e814,https://etherscan.io/tx/0xf93440bc10068ec8983c86664f8a9a3b5048fbca5990e9c4a69a28008183fc62
2023-03-31 16:58:35,True,1.077e-05,5.861e-10,405634.0,0.0023,0x37...6573,https://etherscan.io/tx/0x40d49e33f4c215fdd20649a35dafddb207305f19cc6a903be110fbd59a059968
2023-03-31 16:57:35,True,1.077e-05,5.86e-10,5026742.0,0.0294,0x37...6573,https://etherscan.io/tx/0x48d1ddc2c060b3129e6a8a2ff448523a0578a4ad1d0eb6fdc0c8ec8525e3cd79
2023-03-31 16:43:11,False,1.074e-05,5.831e-10,69502831.0,0.4053,0xa3...d1a2,https://etherscan.io/tx/0xcf11c561083ea59766bb5e5ce95f2088493b2105a71bccfab448dbb90d8b2f90
2023-03-31 16:23:59,False,1.075e-05,5.838e-10,11662577.0,0.068,0xa5...3f25,https://etherscan.io/tx/0x0cb688152d452b4c6d1776df22b13fbfc1e660c0eafc766d36f81ba8cce8602a
2023-03-31 16:17:35,False,1.069e-05,5.84e-10,8391543.0,0.049,0x5c...f6a0,https://etherscan.io/tx/0xbe48e65bbaa830dc686d6a40a3ebd486941ff62a99035f8507d86d46cc85e905
2023-03-31 15:57:23,True,1.074e-05,5.873e-10,27038481.0,0.1588,0x85...e83f,https://etherscan.io/tx/0x5d6dfc78f7541e8bb32b7b029702aff9cbf432402c49058378638f99450c87d2
2023-03-31 15:55:11,True,1.073e-05,5.87e-10,15195994.0,0.0892,0xf9...d127,https://etherscan.io/tx/0xf358e9abfc7edca1c62d3314d28e3ef2edcd33b38549d62a007162aea098e3f0
2023-03-31 15:51:47,False,1.066e-05,5.834e-10,4437869.0,0.0258,0xb4...4b84,https://etherscan.io/tx/0xd19d377e1864026d597562af17c1ac9fecdaf3b396ea59b6fd1d9843266ed2f6
2023-03-31 15:41:59,False,1.07e-05,5.843e-10,96363039.0,0.563,0xc3...5bb7,https://etherscan.io/tx/0x90f6ec8a51dc61826958dd57f628cf57072c472104fcea5e3cd4810ffce9af0c
2023-03-31 15:39:59,True,1.077e-05,5.886e-10,3738258.0,0.022,0xd2...1ef3,https://etherscan.io/tx/0x8e94bbbb737b5e70ab6d7bc0e279337c5ac2351d5c2848b6bd470f0d903faca7
2023-03-31 15:36:35,True,1.079e-05,5.883e-10,33995076.0,0.2,0xc6...f054,https://etherscan.io/tx/0x2e3ed0b236e507d96748bc9df516908e31b8bf148c452aaf9aca3025cdddaa6d
2023-03-31 15:34:11,False,1.067e-05,5.845e-10,5613024.0,0.0328,0xc9...5e29,https://etherscan.io/tx/0x6cb5cb0d9ff2caf759cb66c5bb0121e6c89d11293fe02fa9cd7d8b1359e39732
2023-03-31 15:31:23,False,1.068e-05,5.862e-10,188109355.0,1.10286,0x5c...d3e8,https://etherscan.io/tx/0x69bcbb1b5b9a1c9e5edd66da05867fe25ca840946da927ab3a2df07a8d2256e2
2023-03-31 15:29:59,True,1.076e-05,5.915e-10,393736.0,0.0023,0x77...63cc,https://etherscan.io/tx/0x5e83598c0ff931d1af880e2ecfa0591c4b79592419f17b86109734ff288d3b8a
2023-03-31 15:28:23,False,1.069e-05,5.88e-10,6307154.0,0.037,0x1b...ea67,https://etherscan.io/tx/0xc914e45672999cbaec5d9da4e3c6ebe7ef301e96a0ebc53624c2a2e27db8476c
2023-03-31 15:18:59,True,1.072e-05,5.915e-10,7994987.0,0.0473,0x74...132a,https://etherscan.io/tx/0x0a38dea1917c7bf6f43b58eceec40cbeb6eb4dd833ceaee861556bbea2f76b32
2023-03-31 15:15:35,False,1.063e-05,5.88e-10,13415811.0,0.0788,0xcf...116f,https://etherscan.io/tx/0x9ca5f7a6b52f6fc58af6681b65f95cb489e25148adad1e206ae2140f1132c0ea
2023-03-31 15:14:11,False,1.063e-05,5.882e-10,2764077.0,0.0162,0x07...efa7,https://etherscan.io/tx/0x44d04cdd80408b7d70ef5e9dc7704ed449111b42177cb9a239064950b05275b3
2023-03-31 15:10:59,True,1.068e-05,5.908e-10,105701485.0,0.6245,0x85...e83f,https://etherscan.io/tx/0x0b3ad7a6b432280c8b5b2030546a62a5c176c40ab122c08af93de5aafa8414bb
2023-03-31 15:06:35,False,1.058e-05,5.863e-10,551545.0,0.0032,0x65...18e9,https://etherscan.io/tx/0xa314040a34ec805d8ee9989aa674173e0b69f389ebed4d674a9e17ea1bc746f6
2023-03-31 14:49:59,False,1.058e-05,5.864e-10,10000000.0,0.0586,0x16...7073,https://etherscan.io/tx/0x26ad222cfb0aee06187ee63c8506c4a8d05aadf8f58082aeca23731f682c0a64
2023-03-31 14:42:59,True,1.068e-05,5.9e-10,2446097.0,0.0144,0x7d...9eb9,https://etherscan.io/tx/0x9a4a59f6a3ba80d1b47c3b3e05d95f7ba165aa04d7ea8ee92d30a2ad646dc5e7
2023-03-31 14:36:59,True,1.065e-05,5.898e-10,20958542.0,0.1236,0xb5...7cf5,https://etherscan.io/tx/0xaa3712735fdfe0cea6e7c10a1a229019dd70516db8f488d1eb01b09129961c48
2023-03-31 14:35:59,True,1.064e-05,5.894e-10,21530508.0,0.1269,0x37...6573,https://etherscan.io/tx/0x55e7a21da2b90427f776c07381eea7e3ccb42bc5a6241cbc21be28c979834385
2023-03-31 14:27:23,True,1.056e-05,5.892e-10,1356268.0,0.0079,0x1c...0385,https://etherscan.io/tx/0x807f135be9c84a702cc7f0448b02636f60ea4e12b7caaa457ef36873b9de4c0c
2023-03-31 14:25:23,False,1.05e-05,5.858e-10,18719198.0,0.1096,0x6c...cf67,https://etherscan.io/tx/0x449e9140534398e5ca002ff263177522abf18a485a73883783ed9aa5f4003877
2023-03-31 14:23:59,False,1.05e-05,5.86e-10,9359599.0,0.0548,0x6c...cf67,https://etherscan.io/tx/0xfcbcb13eb2a39c14ea542338d69ae8a6bb99a253831625e6b891ee331f23dd58
2023-03-31 14:16:35,False,1.051e-05,5.863e-10,21925005.0,0.1285,0xdd...783d,https://etherscan.io/tx/0xc14dee9513bb33238baa66ee35192629ddbb3500840bcd6876de1da4feff65bd
2023-03-31 14:15:47,False,1.052e-05,5.866e-10,9359156.0,0.0549,0x6c...cf67,https://etherscan.io/tx/0xbf77e93da03bddadc693df3a0d2aa26461cdd61ed1e7723b368606834a6f5069
2023-03-31 14:12:11,False,1.052e-05,5.868e-10,9358747.0,0.0549,0x6c...cf67,https://etherscan.io/tx/0x64cf271f2c8a3907aa3593083621a6a5592bb9044e0a83942c0f2dace3e3ca9d
2023-03-31 14:11:23,True,1.058e-05,5.903e-10,9689971.0,0.0572,0x92...f15d,https://etherscan.io/tx/0x3d336d8923824f5c88cc3f992443a7c6d819ca2baf932c37abd54caa14c41ad7
2023-03-31 14:04:47,False,1.052e-05,5.868e-10,15851092.0,0.093,0xc6...fed0,https://etherscan.io/tx/0x27fcc1f62be793d26f60c2779fdb6b1c2e5692ba485a3066271195309848d377
2023-03-31 14:01:23,False,1.052e-05,5.871e-10,8540606.0,0.0501,0x83...6d6b,https://etherscan.io/tx/0x1b9526a9142325976dafe1c8650ba6b1d0e70e7e331d5ff2e6a26af8160d68eb
2023-03-31 13:40:23,True,1.058e-05,5.907e-10,1258552.0,0.0074,0x06...a33b,https://etherscan.io/tx/0x08a16e081d4b0bb7b2c5f62cbe9277036d57c9387b7a9cd50937e20797eed5e1
2023-03-31 13:33:23,False,1.051e-05,5.871e-10,3265812.0,0.0191,0x34...341c,https://etherscan.io/tx/0xa2287e76de0ea5131d7cb98b9fe9452d2849c7e79c3cccfe0c888d6e56db7d1c
2023-03-31 13:05:59,True,1.058e-05,5.903e-10,49032748.0,0.2894,0x07...6542,https://etherscan.io/tx/0xddf0eb32be6a212aa198ea100f5aa776cfea1979144272ecbecf92ceebf70a49
2023-03-31 13:05:11,False,1.051e-05,5.863e-10,4115451.0,0.0241,0xc7...ebac,https://etherscan.io/tx/0xd4480771bc1f575b6985cf54c585b97528e8e7126bae2b3a98e3edae8675d193
2023-03-31 13:03:47,True,1.057e-05,5.898e-10,6272463.0,0.037,0x91...e8df,https://etherscan.io/tx/0x7ddd9e05f8f709bafee184eef7e17b33540018ac21b06851ccb12694b65efa30
2023-03-31 13:02:11,False,1.051e-05,5.863e-10,11137275.0,0.0653,0x3b...5a8a,https://etherscan.io/tx/0x74a40e8da67c9e55211be1b4ba9e06856ec0a83cfa1a05d1eb6bcb3a16ea94b2
2023-03-31 13:01:59,False,1.051e-05,5.865e-10,9000000.0,0.0527,0x52...9671,https://etherscan.io/tx/0x64dc7e519932c655a970a31eb7150ffb6c6b1ea78ad170e448febe5e3ecea03d
2023-03-31 12:59:11,False,1.052e-05,5.87e-10,49123746.0,0.2884,0x43...83e4,https://etherscan.io/tx/0xb2e38a75ed260322e8b00396d42bc69b3c60c67beed0531be8c73a663f146506
2023-03-31 12:50:35,True,1.06e-05,5.909e-10,9392612.0,0.0555,0x03...c411,https://etherscan.io/tx/0x1d0cead3dd55785ffa13ef4bff921b2f19e3ff5d1639d2dbfcba47cebc57b839
2023-03-31 12:49:23,False,1.052e-05,5.866e-10,47497692.0,0.2786,0xd0...7ebc,https://etherscan.io/tx/0x736e792c6dee5b84c1d6f27e3e94ad35da26ca1d6c37080fed02b154ee47953e
2023-03-31 12:45:35,True,1.062e-05,5.917e-10,1411013.0,0.0083,0xdd...3881,https://etherscan.io/tx/0x7561f395d6f837c6692e0595e79e618f0fa9ca5dca73e7bfa1e2d5a12178cf47
2023-03-31 12:35:23,True,1.064e-05,5.917e-10,2680298.0,0.0158,0x32...4a8d,https://etherscan.io/tx/0xdc1851d33f6676b37abdf0a7154afefa4b6158cd992cb7f1b7efa35733d1126b
2023-03-31 12:32:59,True,1.06e-05,5.905e-10,128699281.0,0.76,0x43...881c,https://etherscan.io/tx/0x2584a63fe02d70c8524afafca5c55b2901ac8315d7dd3f10aceb0ee2852463d2
2023-03-31 12:28:11,True,1.058e-05,5.893e-10,84096.6,4.956e-05,0xb4...d792,https://etherscan.io/tx/0x4ba84d8829bf106dc89d156093b99b294f9dd670c33e4bae117d123836ebf389
2023-03-31 12:27:11,False,1.051e-05,5.861e-10,33844076.0,0.1983,0x6a...55ed,https://etherscan.io/tx/0x4fee2212bac792c2a7df5c1194646abe98a3d3cbd67cbc45b169e43c5dcc8904
2023-03-31 12:25:47,True,1.058e-05,5.898e-10,16954584.0,0.1,0x43...881c,https://etherscan.io/tx/0xf65e2ab39de0be0bbc1095ffe3581431e27271c82c0abc8100b9b13aea15b763
2023-03-31 12:14:59,False,1.049e-05,5.864e-10,35936272.0,0.2107,0xb4...86f4,https://etherscan.io/tx/0xfcca94167ca1cbb7331bbeaa7cc230d32e772c8c4d883a703614049492e3f450
2023-03-31 12:13:23,True,1.056e-05,5.902e-10,2480225.0,0.0146,0x14...fc34,https://etherscan.io/tx/0x88414b2fe622b271004d3aea7a1d55ebfc0611f2a313bf6e29a7af299f58a569
2023-03-31 12:06:35,True,1.055e-05,5.899e-10,35285224.0,0.2081,0x94...2db2,https://etherscan.io/tx/0x554a911f78576b79ab6d539163c8c864f34b0d6faa49380cf53102304a031c08
2023-03-31 12:05:35,True,1.055e-05,5.895e-10,3362501.0,0.0198,0x94...2db2,https://etherscan.io/tx/0xdc09d8c6e794e2f8aa9b3c7d2e7317ad660f3d86f29ad44344a4ef7f4a6d9333
2023-03-31 12:03:59,False,1.048e-05,5.86e-10,6380157.0,0.0373,0x45...b118,https://etherscan.io/tx/0xe9c5809fa014e7d8f67d8de12f13a146288f51f66e37e9fda786e88011f9fb75
2023-03-31 12:01:35,False,1.048e-05,5.861e-10,2818729.0,0.0165,0x8c...fcd8,https://etherscan.io/tx/0xc638f55885ff30a5c4f545a9a05cb025b5061727b0f3e817f1248e529f63b868
2023-03-31 11:54:23,False,1.049e-05,5.865e-10,37899400.0,0.2222,0x27...2fa1,https://etherscan.io/tx/0x814d0c4e40e2659ad3da07d3ba92684c12bb0e5b6dc44fcd7681cbfa94fd7767
2023-03-31 11:33:11,True,1.057e-05,5.903e-10,9357849.0,0.0552,0x26...c8ea,https://etherscan.io/tx/0x6609773200dc7c65e515dba5a3bda9e762867f75f730c3635baa63507ae2deba
2023-03-31 11:32:59,True,1.056e-05,5.902e-10,47814.7,2.822e-05,0x8c...97ff,https://etherscan.io/tx/0xea171eb7c928212eaa0468bd85d719599850ed34d6cfdd8eb4fd8f4552c99788
2023-03-31 11:32:11,True,1.056e-05,5.899e-10,27835332.0,0.1642,0x64...24f3,https://etherscan.io/tx/0x8aa4b5965a99d58efd7b78bd2b8b2a195c11a6da4dcf54f2e576fb5c673cb1d7
2023-03-31 11:26:47,True,1.056e-05,5.896e-10,7021563.0,0.0414,0xa9...c3d9,https://etherscan.io/tx/0x281f9ad7c558f2305d1e8ddcd595e8af82c4c76553be3605dc4be70069be0af0
2023-03-31 11:25:35,True,1.056e-05,5.895e-10,5000000.0,0.0294,0xe5...9726,https://etherscan.io/tx/0x49d2cf4757ac00a0b41d2ee63a36a8c1adb2f4443625e7b64e0615b2d91ac05c
2023-03-31 11:24:59,False,1.049e-05,5.861e-10,13940465.0,0.0817,0xc6...bc06,https://etherscan.io/tx/0x1b76f89fcfbbcb661b4c06f5127ce820df9c5c311ebe5edcf18aa2a3d9189d0c
2023-03-31 11:21:35,False,1.052e-05,5.867e-10,58931564.0,0.3457,0x49...1b16,https://etherscan.io/tx/0x7317ff20bd64efdc9b25ffe5c7f6b07d2be69bd34b86213529a55db14ebdca97
2023-03-31 10:54:23,False,1.051e-05,5.873e-10,3750394.0,0.022,0xf3...494a,https://etherscan.io/tx/0x77ba2aa1f9c9e424bc402d4f31534d6d9a6eab48ba7c65d2fbc84a6d979bd699
2023-03-31 10:26:35,True,1.059e-05,5.908e-10,6710676.0,0.0396,0x9d...3cc1,https://etherscan.io/tx/0x9754d9b062b3a39e9b4fe388aeba0ca6c88be4e88fc627cb3e08ac72a9a8749c
2023-03-31 10:14:23,False,1.055e-05,5.874e-10,25740000.0,0.1512,0x36...b7d6,https://etherscan.io/tx/0x394ea1726bb9b8e820ef280c8e1ee7168a2d4995f0b702f7b8ece7a4571dae52
2023-03-31 10:01:35,True,1.06e-05,5.907e-10,55571596.0,0.3282,0x49...1b16,https://etherscan.io/tx/0x29a5a5192d68490b3ab8de417ceed3d4d3becba8939b45a4cfa5b31670b69f8b
2023-03-31 09:56:59,True,1.058e-05,5.901e-10,4819510.0,0.0284,0xe4...b6ed,https://etherscan.io/tx/0x5cd39d077b0171e689b5e673e9d02106275d4c9b72cdf9da1e05c050739fc26b
2023-03-31 09:06:23,True,1.06e-05,5.901e-10,3359462.0,0.0198,0x47...2744,https://etherscan.io/tx/0xefc46a0b04608a982b97fd1cb87cac09846e6c27dcdeb33e85e756919a4668e2
2023-03-31 09:02:59,True,1.06e-05,5.9e-10,3646554.0,0.0215,0x47...2744,https://etherscan.io/tx/0x86d13ba9cea9d1b243ad854763212e86e128cd83cef80f5d4f67c8c1e89c7714
2023-03-31 08:57:47,False,1.055e-05,5.869e-10,49419042.0,0.29,0xd8...6933,https://etherscan.io/tx/0x9d3ef3dec2a30fa586706921b2133746764b54141741aa654bd6a1b731eab97e
2023-03-31 08:57:23,True,1.062e-05,5.909e-10,2021975.0,0.0119,0x49...33cf,https://etherscan.io/tx/0xcfef81758b52687afe9f591bde26aadbec7b4c71b900f075b7e463233c9f22b2
2023-03-31 08:32:47,False,1.056e-05,5.875e-10,19830000.0,0.1165,0x25...f5c4,https://etherscan.io/tx/0xa01149ecde278b3f4a1de0b0c8f8e46d556a1e9f9008f7dd8c78fe93a2e2f93f
2023-03-31 08:25:23,False,1.056e-05,5.879e-10,25886463.0,0.1522,0xd9...991f,https://etherscan.io/tx/0x6fdaee6fc96cdd03504b462c02980f7bcdd232c07ecfd02e7e6191faf948d703
2023-03-31 08:15:11,True,1.062e-05,5.915e-10,16756295.0,0.0991,0xe5...10ef,https://etherscan.io/tx/0xc161d41278ed1e398dfb5998c3027a8fd94439c153736e2f6e0d6d6ac0ccb08b
2023-03-31 08:11:11,True,1.061e-05,5.905e-10,94013060.0,0.5552,0xa6...f4e6,https://etherscan.io/tx/0x28a6d044449e11de74c7ed830984134acad425053e244e02a3ccaf272204c7b6
2023-03-31 07:41:59,True,1.063e-05,5.896e-10,4641195.0,0.0273,0x59...0386,https://etherscan.io/tx/0xcd9c48205f984c38d70ac6ec25311d8672527d442cc1091d36b3c205f7bbde58
2023-03-31 07:32:47,False,1.057e-05,5.862e-10,22666074.0,0.1328,0x95...4f53,https://etherscan.io/tx/0x1c3e7cdf6562f650728c3e7af34f04e01a81888dee3e27f2eaa31f69cae878a6
2023-03-31 07:21:59,False,1.057e-05,5.865e-10,4847529.0,0.0284,0x3d...6c16,https://etherscan.io/tx/0x05cd7b54fe3a2be95871cd76bab0849a1dd6f0d14975a032b34c587a96eaaf60
2023-03-31 07:19:59,True,1.064e-05,5.9e-10,6988538.0,0.0412,0x32...3284,https://etherscan.io/tx/0x59a9b095acceb235b7bcfb3404f1c00239841e1565e96fe87e0c6f5be1156069
2023-03-31 07:19:11,False,1.057e-05,5.865e-10,10340858.0,0.0606,0xbb...3fc7,https://etherscan.io/tx/0x2d77b28fe4ae32770c0b9ea8f06dc086826ea85d270f41ec7019a550b60f38d7
2023-03-31 07:07:59,False,1.058e-05,5.867e-10,14869876.0,0.0872,0x24...21ad,https://etherscan.io/tx/0x8349d99bfb37636bef8c9f851c623574b9dfde91744145c6707dc293cdb01a81
2023-03-31 06:44:59,True,1.064e-05,5.902e-10,26317148.0,0.1553,0xe6...7d70,https://etherscan.io/tx/0xfee3bcd5d9e40709bebd17b4860b846accf9805b2b7c564b6d86f60caececba2
2023-03-31 06:36:23,True,1.062e-05,5.899e-10,132534.0,7.819e-05,0xd1...3658,https://etherscan.io/tx/0xd292d82d4dbf12010d9e434276aa05152c1031ad9af540f5e1b57479820adb2d
2023-03-31 06:21:23,False,1.056e-05,5.864e-10,4092764.0,0.024,0xc6...fed0,https://etherscan.io/tx/0xf86bec9ffc82b1d6fb08e1500c05cfec4d76a77bac787013f7d557484f0a294e
2023-03-31 06:17:59,False,1.056e-05,5.868e-10,37234585.0,0.2185,0xa4...ed25,https://etherscan.io/tx/0x01da79415795d5a96d5cf9c1d34989bb96877175fb55ff383ef570fd6889ab3c
2023-03-31 06:09:59,False,1.057e-05,5.872e-10,3023988.0,0.0177,0x44...aa3a,https://etherscan.io/tx/0xe6c16d08e27e6a9581eed38449b8c73e4e95d669f7fffbc283c66ab4317a3e96
2023-03-31 06:09:35,False,1.058e-05,5.873e-10,17884411.0,0.105,0xab...aca4,https://etherscan.io/tx/0xf6fdfa1a0d1ad38bba625ed3e8c8d5427d03bb0fe6b88b45a9e371ee062edc3d
2023-03-31 06:06:11,False,1.059e-05,5.876e-10,8742144.0,0.0513,0x95...412c,https://etherscan.io/tx/0xcb7a556a21c87f39d238ebf07a66aebff902298650b4f95e4ab9e460a62b9f9f
2023-03-31 05:56:23,False,1.06e-05,5.877e-10,7302379.0,0.0429,0x82...6d46,https://etherscan.io/tx/0x18048ecf5e3de690a3c291f5c5b8c29e5dd5aed7ad1ed66c52ee001fedbdcad6
2023-03-31 05:51:47,False,1.06e-05,5.878e-10,3341102.0,0.0196,0x0e...11cd,https://etherscan.io/tx/0xe48bbf198434c7702c22a5f4e7e8ca2c85f9ca4a290864b81acc90f6590e4e13
2023-03-31 05:45:59,False,1.061e-05,5.879e-10,2000552.0,0.0117,0x4a...c5d6,https://etherscan.io/tx/0xafefce0ec471a71bef71453dc169aa3b86c73328c285981db6c9a1e52ba92cc5
2023-03-31 05:33:23,False,1.062e-05,5.882e-10,31498117.0,0.1852,0x43...83af,https://etherscan.io/tx/0xc43cf4cf3a718336318ea4f26b635a243a60fd5f332e1ba95224a6d50c02e54a
2023-03-31 05:25:59,False,1.061e-05,5.885e-10,5000000.0,0.0294,0x2f...1210,https://etherscan.io/tx/0x1f294684685b4eb8955162272dbac297126a53216108908ad99b561615e0079a
2023-03-31 04:50:11,True,1.068e-05,5.919e-10,18549399.0,0.1098,0x5d...2fd0,https://etherscan.io/tx/0xea3133ac8efdcec56b82a7df60dbfa02d257dfba45d4c27346aa5530d089d628
2023-03-31 04:39:35,False,1.061e-05,5.883e-10,13998554.0,0.0823,0x21...5370,https://etherscan.io/tx/0x98118bb3151a90ea6d133065940e177fd4c58d30a2238db3a3fa081306657b05
2023-03-31 04:38:59,False,1.061e-05,5.886e-10,13461584.0,0.0792,0x13...b2d9,https://etherscan.io/tx/0x2b84ef7423d6535ce485a9d34ab30942345bc42a3b9a530cd32d32662b2b328e
2023-03-31 04:37:59,False,1.062e-05,5.89e-10,28387429.0,0.1672,0x9d...f6b9,https://etherscan.io/tx/0x21b5d17ba658edfa9bc3f6d03d6886371abc4e0f80f17fe91ec375bacf48d421
2023-03-31 04:27:59,True,1.067e-05,5.922e-10,65355896.0,0.387,0xfe...409f,https://etherscan.io/tx/0x9269f1feedf83005d2951cbd931f7f19a6285fde4b480b48dff759024bec83b7
2023-03-31 04:15:35,True,1.065e-05,5.915e-10,8435351.0,0.0499,0xba...c93a,https://etherscan.io/tx/0x4757a4608fc1e052e70b2572243d32c8c5ac411aec0423953c70dba602f19471
2023-03-31 04:14:23,False,1.059e-05,5.879e-10,5786127.0,0.034,0xdc...2983,https://etherscan.io/tx/0x9cefb4382d1da67bc2a754f9cb1e88ec7510633a3ff9a45e46289ad41e6355b3
2023-03-31 04:13:59,True,1.065e-05,5.912e-10,35761721.0,0.2114,0x78...bd1e,https://etherscan.io/tx/0x0e2ff5c570d6b10c9f4b567f61f773e425bba768731d2d49f891df49e74d9567
2023-03-31 04:11:23,True,1.065e-05,5.908e-10,10066161.0,0.0594,0x7f...96ce,https://etherscan.io/tx/0x3b3d821a0c03dca1992d8b88493d3e835fb043f5fadaa3b538a776743caa9571
2023-03-31 04:11:11,True,1.064e-05,5.906e-10,11747814.0,0.0693,0x49...aa41,https://etherscan.io/tx/0xc0158bca707e2ca7c7dc062f4a7c4489636dbbbc95894f9135955e8aee37e282
2023-03-31 04:00:23,False,1.058e-05,5.874e-10,55171406.0,0.3241,0x50...81c9,https://etherscan.io/tx/0x4bce1fc3675093c4381fe7bc7e2c3b3086a60faf2b21897c1813c0c3eb1ad223
2023-03-31 04:00:23,True,1.065e-05,5.91e-10,51510668.0,0.3044,0x50...81c9,https://etherscan.io/tx/0xfdf18aa693bc06ef26aca634286df5ba160c9df20dd05f4d5ff5421c57cef275
2023-03-31 03:59:23,False,1.058e-05,5.87e-10,1163713.0,0.0068,0x6c...c6b0,https://etherscan.io/tx/0xba1336452da5ae12f9cd31aa77abd359c245a18bf825a207c9a1929518effab9
2023-03-31 03:55:35,True,1.062e-05,5.897e-10,96594579.0,0.5696,0x76...7d5e,https://etherscan.io/tx/0xd8ca6a8f98d45f9baa13a056ca2ff4a47061a08c49f68d7a3f379cb1f7d62f3d
2023-03-31 03:53:35,False,1.055e-05,5.853e-10,7361992.0,0.0431,0xc0...31ce,https://etherscan.io/tx/0xda70be2943d1b45e6e44fccf94adff806ecdf8f6b6f7fad0728f4deccf72e427
2023-03-31 03:40:11,False,1.059e-05,5.872e-10,198100000.0,1.16336,0xa3...91bc,https://etherscan.io/tx/0x80759bff86f3fb80db07a49bbcc0eeba098cd2d1fe48699ac117470c8a2d22ad
2023-03-31 03:37:23,False,1.065e-05,5.895e-10,55628995.0,0.3279,0x49...1b16,https://etherscan.io/tx/0x6ad12bf82ad973d31f502e91d1530c71ced0aebda30ff8ce1420d0941b1f943d
2023-03-31 03:34:47,True,1.065e-05,5.897e-10,421707563.0,2.48707,0x7c...616a,https://etherscan.io/tx/0x75049b238fd338f8bdf969ea3c5894c44cf00746ff211f17fe4ffff653c08a7e
2023-03-31 03:23:23,False,1.056e-05,5.83e-10,68223291.0,0.3977,0x4f...b91d,https://etherscan.io/tx/0x95f982969a01cb783a0e4a0e4ca6d83e8103386e74c072515a2a007574782f28
2023-03-31 03:21:35,False,1.057e-05,5.836e-10,2366302.0,0.0138,0xd4...da24,https://etherscan.io/tx/0x8f2764c5c58ed993de9484905fc656476cc63a321c900d06328f7cc4e800ff35
2023-03-31 03:15:23,False,1.059e-05,5.843e-10,74477834.0,0.4352,0x4f...b91d,https://etherscan.io/tx/0xe35ba87b6a8be0a5760c49ed75de489f8063ada7dc5c48139166c866284ce82e
2023-03-31 03:03:59,True,1.066e-05,5.884e-10,16846433.0,0.0991,0xf2...eef2,https://etherscan.io/tx/0xb3a6616b01603623170bb9c4ed233f882fe93f9ae37bfa9590fd9948cf6a7aa0
2023-03-31 03:03:47,False,1.059e-05,5.847e-10,6404349.0,0.0374,0xc6...fed0,https://etherscan.io/tx/0x0bf605215a4f1696796cbfcedfaa86f5f012aa45579392cf47e6ae62af4ff2dd
2023-03-31 02:54:47,False,1.057e-05,5.857e-10,106104885.0,0.6215,0xea...33d3,https://etherscan.io/tx/0x43365134c2873fa8b09a6a0c7d37952cc8d98e2a0daddd57d89f8b38afc93241
2023-03-31 02:44:23,False,1.056e-05,5.868e-10,9366493.0,0.0549,0xcd...6f10,https://etherscan.io/tx/0xdbacef02773babb3136f0277744d95b5b9b231c61dcd5ef3e9597e339e0326a9
2023-03-31 02:41:59,True,1.059e-05,5.882e-10,239852434.0,1.411,0x00...0906,https://etherscan.io/tx/0xf98c81e15e9522738f3929533aa5175d9b8b401d86961dcbcd0c6906f574a76c
2023-03-31 02:41:35,True,1.055e-05,5.86e-10,1691279.0,0.0099,0x49...7633,https://etherscan.io/tx/0x87a792f52273337cda8befbe970e65609fa3bfb7035d97c401798168afa9e886
2023-03-31 02:31:35,False,1.05e-05,5.826e-10,3632732.0,0.0211,0xe4...73c2,https://etherscan.io/tx/0x84188d164eab607b261d2cd7997fbfd8a8d54474c73cc01d501de16ac8344622
2023-03-31 02:14:11,True,1.051e-05,5.861e-10,164936.0,9.667e-05,0x51...e7ab,https://etherscan.io/tx/0x0d4aeefd336c71022d84ec6a75acc20b78cca234a139f6418c9c2a74b7148005
2023-03-31 01:56:35,False,1.043e-05,5.826e-10,7290133.0,0.0424,0x28...7535,https://etherscan.io/tx/0x8072c46f4584ca7dd55d19cc7642796c4672d92b0e430478c80f6ba91d77d0ec
2023-03-31 01:55:59,True,1.049e-05,5.86e-10,28284557.0,0.1657,0x22...34d2,https://etherscan.io/tx/0x586e70ccff37dc852000e555f6171900f445ed15b6b907a0ac0200d34170f8df
2023-03-31 01:48:59,True,1.049e-05,5.857e-10,5962960.0,0.0349,0x5a...9c42,https://etherscan.io/tx/0x3dbae20648e5c7f83bb7c9241e27fc172eb152fd5979a730ea66c99320661fe2
2023-03-31 01:42:59,False,1.042e-05,5.822e-10,10711845.0,0.0623,0x1f...4be9,https://etherscan.io/tx/0x35856a3b28819388e13fe8a97f6d8f3b35974477a32ce6e0ce27eab6328031dd
2023-03-31 01:36:11,False,1.048e-05,5.851e-10,310525195.0,1.81697,0x39...f580,https://etherscan.io/tx/0x35235806852721373c5c706bdd68ba0c2641e09a84aa8537c0a39e4c9e3f7d86
2023-03-31 01:28:35,True,1.058e-05,5.913e-10,11733506.0,0.0693,0x37...3b27,https://etherscan.io/tx/0xa7f58649d8309575909fa7e2db40258e9d6f3ebe22c000ceb2be730a690f4df8
2023-03-31 01:18:47,True,1.056e-05,5.909e-10,33844076.0,0.2,0x6a...55ed,https://etherscan.io/tx/0x4657e39ae6d78322cb72c6c4b13ad424c9b21956fd257a62bef8f96b303b22cf
2023-03-31 01:13:23,True,1.054e-05,5.906e-10,3386353.0,0.02,0x1c...5534,https://etherscan.io/tx/0xea7e9bd0a465e9bba0f8136d7a7da5d47a9626fe3eddf2dafe8caa652311a271
2023-03-31 01:06:47,True,1.055e-05,5.905e-10,1284306.0,0.0075,0xf7...039b,https://etherscan.io/tx/0xd97ee6a0d3f8178ef8178d4a9d4ef18cd33584fb88da7dce634df33d28da793c
2023-03-31 00:22:59,False,1.053e-05,5.87e-10,5436583.0,0.0319,0xcb...9fc0,https://etherscan.io/tx/0x4da1be8fbf8bf636457e3ae299846759a90f21d0a509f62d72b93654df8458f6
2023-03-31 00:08:35,False,1.053e-05,5.871e-10,5000000.0,0.0293,0xcb...9fc0,https://etherscan.io/tx/0x6e3e5a08c3deb5aa576ba5231e1ac6c1dbb419316b1897b13a72562d60bc1e82
2023-03-30 23:58:47,True,1.058e-05,5.907e-10,2651149.0,0.0156,0xb0...01e8,https://etherscan.io/tx/0x4c3eedef5caea03635eb33fceebde35d02d0c9f5f5b6c7646b77d29f9027101f
2023-03-30 23:55:47,False,1.051e-05,5.873e-10,18740688.0,0.11,0x32...88a9,https://etherscan.io/tx/0xb06e0c0bf4e7f5f9fbbbc89ae23e4299a4c8e8b4e2084249958d23c9c24921b6
2023-03-30 23:52:47,False,1.052e-05,5.876e-10,14173038.0,0.0832,0x37...6347,https://etherscan.io/tx/0x6756bef5e493452aaedb993e993cc0e59f7fc058388a751586f42abc5f0fa25a
2023-03-30 23:32:47,False,1.053e-05,5.878e-10,12091984.0,0.071,0xc6...fed0,https://etherscan.io/tx/0x92cf0aaaca40665bf23b7f2ca545c5afb19815bd8275a9365b5e44314c14e1a8
2023-03-30 23:28:35,False,1.054e-05,5.881e-10,16206602.0,0.0953,0xdc...7b8f,https://etherscan.io/tx/0x5190b92e22e41982632b233f8c9fb805cef36dabdb64c68f5718e38e52928050
2023-03-30 23:27:47,False,1.055e-05,5.883e-10,10435688.0,0.0614,0x68...1da7,https://etherscan.io/tx/0xd858bd0f4fc42e530ea061a2bf2dddd009fd23297ab581b42d1ea6123ab562a6
2023-03-30 23:22:11,True,1.06e-05,5.914e-10,57169667.0,0.3381,0xf8...ef96,https://etherscan.io/tx/0x5cff939477619c1230798745101359ebaa3deba6b1b9de486f4c8c1550c8eaea
2023-03-30 23:17:11,True,1.06e-05,5.909e-10,1677417.0,0.0099,0xb8...1576,https://etherscan.io/tx/0x32d39b33fb4d3def3549afb675b29b6bb847f372fafd03fdcdfd35daceb6d5d3
2023-03-30 23:15:23,True,1.06e-05,5.909e-10,2296370.0,0.0135,0xb8...1576,https://etherscan.io/tx/0x7e9f17f857e7f3f8812226982285413269d9fe2c3efe49edbfdf604d73ae8164
2023-03-30 22:48:59,False,1.055e-05,5.874e-10,12599196.0,0.074,0x10...5200,https://etherscan.io/tx/0x856cbd57ca958e98216f125291167d4f089ec137a08e3fd7bb5ea2a13a50c20e
2023-03-30 22:44:47,False,1.054e-05,5.879e-10,40270912.0,0.2367,0xc2...c65f,https://etherscan.io/tx/0xc3beb5a6703d3e74de1887a58ff75288e52991a1cba02615ebea8f96b3013970
2023-03-30 22:37:59,True,1.059e-05,5.913e-10,50900819.0,0.301,0x4b...5c48,https://etherscan.io/tx/0x6ba6e604fb5685d6c53cd712d67a28731c00d6d1ba972271ba03ae6e30df2b72
2023-03-30 22:37:35,True,1.058e-05,5.909e-10,366149.0,0.0021,0xed...8bd7,https://etherscan.io/tx/0x7294070d2d2d3dc56d64f31f6bec7c86b2c396ba8553810e8595561591e64663
2023-03-30 22:29:35,False,1.048e-05,5.876e-10,33655330.0,0.1977,0x33...e932,https://etherscan.io/tx/0x233e9f9faafd51425e4d8b99143b0bd08d602ee092d81fffbd92433cd4af3485
2023-03-30 22:25:59,False,1.048e-05,5.88e-10,11936221.0,0.0702,0xc6...bc06,https://etherscan.io/tx/0xdaa9ee65dc325e8107a9573a77864d9eb8a8e4a149b1887364538ae8da1f027b
2023-03-30 22:12:35,True,1.053e-05,5.916e-10,6132521.0,0.0362,0x23...c60a,https://etherscan.io/tx/0xdadf9e02298550ffe63c3c321d8c39b2f06f414cc0f0dee0cd0046734403769d
2023-03-30 22:08:11,False,1.047e-05,5.881e-10,7610017.0,0.0447,0x06...80f5,https://etherscan.io/tx/0x235ea915f1ed3e1da0844d70a8dcd4a65303247cf2d2d012d54d94b22a0143ca
2023-03-30 21:56:47,False,1.047e-05,5.882e-10,2640362.0,0.0155,0x6b...45cc,https://etherscan.io/tx/0x4a3294616e7ccc40a9c615a0523f8d3b211ae80fb52b85992d36b2c4e1629779
2023-03-30 21:56:47,True,1.053e-05,5.917e-10,11326209.0,0.067,0x49...1b16,https://etherscan.io/tx/0x7b6e499cb9218a24214e19cd5fc3e17c3beb98ca801bb5599949c75a7952090b
2023-03-30 21:54:59,False,1.047e-05,5.881e-10,14209347.0,0.0835,0x93...28f1,https://etherscan.io/tx/0x11beb88388844beebc5095dfd63aee3436d788e24d48883a2a03485d191c1353
2023-03-30 21:45:11,False,1.047e-05,5.883e-10,921692.0,0.0054,0xde...9436,https://etherscan.io/tx/0x0c0686f0ee5e5bca0d7202a1d064316bd77417bab0f8bd921c3b79a6b91ab0d6
2023-03-30 21:43:47,False,1.047e-05,5.883e-10,307231.0,0.0018,0xde...9436,https://etherscan.io/tx/0x729e438d0b5a0504c77f957ab4aa232756a86ed54602f6f31d8dcdaa00f46a41
2023-03-30 21:39:47,True,1.053e-05,5.918e-10,1969519.0,0.0116,0x19...a636,https://etherscan.io/tx/0xdc186c2d3eb1e678fdbf9e003070b3a217437bc519b89147ed2bdbfd9218af08
2023-03-30 21:34:47,False,1.047e-05,5.883e-10,8586869.0,0.0505,0x85...335e,https://etherscan.io/tx/0xa881a34bb35c89f6d9690bebc473f7db19390b3fd30e79077e14aa404b012c0b
2023-03-30 21:24:47,True,1.053e-05,5.919e-10,3348945.0,0.0198,0x3c...40bb,https://etherscan.io/tx/0xf1e8a812ed233953246dbdbd157c11461f7296f18ed7b1026a6b95c583ea45ab
2023-03-30 21:10:35,True,1.05e-05,5.912e-10,72777110.0,0.4303,0xd5...0603,https://etherscan.io/tx/0x375ffd6125c799f500720083089697933eac1c7618ac95c3122c8631b1f9c7fd
2023-03-30 21:09:59,True,1.049e-05,5.906e-10,166376.0,9.826e-05,0x5a...9c42,https://etherscan.io/tx/0x8a604cbd2a55c929a082e257fde4319edc8a6168195a8ebc2ea905c2bbee37b4
2023-03-30 20:54:11,True,1.048e-05,5.905e-10,3356853.0,0.0198,0x63...f8ce,https://etherscan.io/tx/0xecb3f65e58cfcce1e6b6a713ff29c114ee54da788e3cc8d864057ac45ba2fa0e
2023-03-30 20:41:59,False,1.041e-05,5.871e-10,16000000.0,0.0939,0x49...1b16,https://etherscan.io/tx/0x41fbe9a3f2f7e50d91a8e88e5d0ecd0220757fe9113e6bbe6c8e6f25c6768633
2023-03-30 20:14:59,False,1.04e-05,5.88e-10,77411081.0,0.4551,0x63...3a9a,https://etherscan.io/tx/0xc1c82ffc9872608967f6b39b3c3cc138b4cb74b78aa6f07c2ac041d39df7fae8
2023-03-30 20:10:11,False,1.041e-05,5.887e-10,5160863.0,0.0303,0x90...03f8,https://etherscan.io/tx/0x9e1cad5a4699f24914b6b008e64ae63e9ed996997979865f93c9a7b5c6d5a6a7
2023-03-30 19:51:47,True,1.048e-05,5.923e-10,2008167.0,0.0119,0x48...c969,https://etherscan.io/tx/0xbdef020589b5366fd96501e56456d85f7a3f0e42c27f19fb68d79e44195291dd
2023-03-30 19:42:47,False,1.043e-05,5.9e-10,142456495.0,0.8405,0x76...7d5e,https://etherscan.io/tx/0xf2c0961ef6146ce11ecf6920ad026f15440fd3ced58c6608d5b299e64956041c
2023-03-30 19:42:35,True,1.048e-05,5.929e-10,214136791.0,1.26973,0xc4...c2db,https://etherscan.io/tx/0xa1376f75f78d8cc1e244032f5e883e1cb93a502e42fba082205793e465d4c792
2023-03-30 19:41:23,True,1.045e-05,5.905e-10,51484796.0,0.304,0x49...1b16,https://etherscan.io/tx/0x0a42cb0985321fa811280fed0665e8a7f8dcc3fa0501a71e5047f54c6e4d688d
2023-03-30 19:36:47,True,1.042e-05,5.894e-10,71526174.0,0.4215,0xb9...aa50,https://etherscan.io/tx/0x8db55ce004c4f8b56ceea1cff385a079c051ed420ecdbfbcc726fc6185881d76
2023-03-30 19:34:47,False,1.036e-05,5.853e-10,12648573.0,0.074,0x69...09f5,https://etherscan.io/tx/0x47e986bd781f2dff73352f2f723a04ee82c51d0e78d3ad72914a2e0ee92f5311
2023-03-30 19:34:11,False,1.037e-05,5.858e-10,39633178.0,0.2321,0x62...91be,https://etherscan.io/tx/0x15a628dc691aea6ef5e197153ef22fe84361d13a2302ee1fcf5101f4b7c8651b
2023-03-30 19:22:59,False,1.045e-05,5.862e-10,4925165.0,0.0288,0xfb...3f24,https://etherscan.io/tx/0xfeb2e2337129541db69a975509102ad0d670f869ddc36e0c2386dbb156c3bfb1
2023-03-30 19:22:35,True,1.051e-05,5.897e-10,337410.0,0.0019,0xf2...2fa6,https://etherscan.io/tx/0x794fce0119281eadf4da0d850df6716e911d5acda782589c2dc982a8fedbd90b
2023-03-30 19:14:47,False,1.048e-05,5.867e-10,53901617.0,0.3162,0xd9...8f38,https://etherscan.io/tx/0xa403130c02b4131a48fe6d64ba3139e45f27e556b0aaa8164db0260da4043f50
2023-03-30 19:01:23,False,1.049e-05,5.876e-10,46878531.0,0.2754,0x66...458e,https://etherscan.io/tx/0x6c065f1503dab615067788952bd440d859fb62b999c0d94052ae37953cc1c8b6
2023-03-30 18:49:59,False,1.05e-05,5.881e-10,12565721.0,0.0739,0x69...7846,https://etherscan.io/tx/0x5f118fb951f911dde3c47fa65f3585cda32057ef355ffd1eb875c15a01c28195
2023-03-30 18:31:35,True,1.058e-05,5.917e-10,10050611.0,0.0594,0x81...b2c5,https://etherscan.io/tx/0x5762f02ad7b027990792d6a8d989e33b2a260adad18fd2d697321fec4347e7bb
2023-03-30 18:30:23,False,1.051e-05,5.881e-10,5000000.0,0.0294,0x6a...4d96,https://etherscan.io/tx/0x86c13d1dcdcc2d09e5b20ccd29f6bf9e954eaa3b0b0548ec44b1708bb62b3fb2
2023-03-30 18:17:11,True,1.054e-05,5.916e-10,12565721.0,0.0743,0x69...7846,https://etherscan.io/tx/0x4f2baf70051205cdca58ef4988f6634d21a3e34c351a9d0883ec42a0313202db
2023-03-30 18:14:47,True,1.054e-05,5.914e-10,6762895.0,0.04,0xc6...fed0,https://etherscan.io/tx/0x4534d9088f19a198006ca927779c09697693475459a964d5ed1f2550a0aeea7e
2023-03-30 18:08:35,False,1.049e-05,5.887e-10,93564963.0,0.5508,0x49...9897,https://etherscan.io/tx/0x44d12874d961dac12d9168f1d044c64753e8d5bf1119412771d817572da1ef17
2023-03-30 18:02:23,False,1.055e-05,5.9e-10,54139211.0,0.3194,0x35...d7a6,https://etherscan.io/tx/0xaca39a9513660477a7411a9b26e77df483dbaaf33728c55675cf8725fbb265d5
2023-03-30 18:01:23,True,1.062e-05,5.94e-10,4969280.0,0.0295,0xbf...f9be,https://etherscan.io/tx/0x72fbafa0ecb4c1d042f8b8b45a47c221de8ed5bff69e13d53fd10e2def6fd10b
2023-03-30 18:00:47,True,1.062e-05,5.939e-10,7850637.0,0.0466,0x13...2ced,https://etherscan.io/tx/0xe29ed7ed0804b3db6621d8e7e4e534cd65671b4e87d89e375e367c2bae64aa73
2023-03-30 17:56:59,True,1.061e-05,5.938e-10,1669188.0,0.0099,0xc2...7874,https://etherscan.io/tx/0xc545262217640a531f91d5fe32dbe7841d8470169d3057a5691d64e29a3300a9
2023-03-30 17:54:35,False,1.054e-05,5.903e-10,6430650.0,0.0379,0x72...6bba,https://etherscan.io/tx/0xda327c9b08407b3d5877a8e23a47a433de6e38b5774a7cc4df65a59a96a484f4
2023-03-30 17:31:59,False,1.055e-05,5.907e-10,35831885.0,0.2116,0x69...7846,https://etherscan.io/tx/0xad4cbbd5f88989c43c0c15a1f94c0347bd6d5bd5437ff85531434196f6a12ccb
2023-03-30 17:22:35,True,1.066e-05,5.946e-10,840895.0,0.005,0x86...7b21,https://etherscan.io/tx/0xf1b52820e9c59367cd5964774d2d4c93bedca8731e95b1d7c958b33dee7263ed
2023-03-30 17:17:59,False,1.07e-05,5.97e-10,652844514.0,3.89792,0xae...ae13,https://etherscan.io/tx/0x4b81cd85fc14322aca97ad06c39dbaa8629f7bad34a2fa5481c3eca4e1b00c09
2023-03-30 17:17:59,True,1.082e-05,6.039e-10,294522289.0,1.77888,0xd9...3f1e,https://etherscan.io/tx/0xc86c9cc82e11e654c368dad46831933ca565fe76872a2d7addece5fbc981b3b5
2023-03-30 17:17:59,True,1.066e-05,5.951e-10,652844514.0,3.88544,0xae...ae13,https://etherscan.io/tx/0xb39fce83599c309895a54706baa1c0a82e5619a5d47c0e9d0876a46d006086da
2023-03-30 16:49:59,False,1.051e-05,5.859e-10,35936872.0,0.2105,0x26...1338,https://etherscan.io/tx/0xe9b63adaa4073dab1fafb3c56baf149e5d214acc2bb7ee6bea8c039104142be5
2023-03-30 16:38:35,False,1.05e-05,5.863e-10,1816132.0,0.0106,0x54...d9a1,https://etherscan.io/tx/0xf19811f3fb907651ec8b749ffdbc54ac41e3118498421354c262aac0eaf2212b
2023-03-30 16:24:47,False,1.052e-05,5.865e-10,23709870.0,0.139,0x5d...9164,https://etherscan.io/tx/0x79d2e73f5090646eba89903888afbfd64250d650eccb78b49a9d7339537447e5
2023-03-30 15:57:23,False,1.055e-05,5.868e-10,12951563.0,0.076,0xf0...4c23,https://etherscan.io/tx/0x5224bc580b81c310116b090a864d3a976d5ac2669cc80dd4faeb05c0e0296a24
2023-03-30 15:22:11,False,1.058e-05,5.87e-10,9319153.0,0.0547,0xa9...31ee,https://etherscan.io/tx/0xfed579247e427257c93692a2b498b0fb79b656082e2f795419e43fd5e353a586
2023-03-30 15:13:23,True,1.064e-05,5.906e-10,1678167.0,0.0099,0x6f...8cef,https://etherscan.io/tx/0xe27c4907d7714302eada8c525eea9a7d8f64e10f570d0d3920cc0fd50c9b9ac0
2023-03-30 15:11:59,False,1.058e-05,5.871e-10,5843990.0,0.0343,0xc6...fed0,https://etherscan.io/tx/0xd68c96253ac0ddfafcd68d2d2aebdeb1afc6e882cbafabd1378192c2ed38c3be
2023-03-30 14:30:47,False,1.057e-05,5.872e-10,5000000.0,0.0293,0x32...7587,https://etherscan.io/tx/0x31a8707989b4544cd42be5a6ba076858603635ca27fcf4f3a0fb5ff6aa4484f9
2023-03-30 14:24:11,True,1.063e-05,5.908e-10,4362184.0,0.0257,0xb3...738c,https://etherscan.io/tx/0xcd5fdc43fe4c044a208d3be78dbbc969fcaac006f45f4250de68f0954a31364d
2023-03-30 14:19:23,True,1.063e-05,5.904e-10,37736135.0,0.2228,0xb0...0c3a,https://etherscan.io/tx/0x66c1aec588359fa8d0d79d1e70dd332d555fef01dbcb401d35802b9b368f3d5f
2023-03-30 14:06:23,True,1.063e-05,5.9e-10,48698.4,2.873e-05,0x2a...7bc0,https://etherscan.io/tx/0xd87727c674d15e16a91a5c4fce10eb38e2d30c58e903eedd787fa17d3d1381b9
2023-03-30 14:06:23,False,1.057e-05,5.867e-10,24871183.0,0.1459,0x83...3e9c,https://etherscan.io/tx/0x822246644032980d86a0ddc713e6d7a8126a5b2b03b23eac0cff46ae7c66ec47
2023-03-30 13:57:23,False,1.06e-05,5.871e-10,19787362.0,0.1161,0x59...dbd2,https://etherscan.io/tx/0xf9c7c05940f6fb9e34f24b422eec91632bab434d53e0ceb556983ac82d9089d8
2023-03-30 13:27:11,False,1.06e-05,5.873e-10,1246565.0,0.0073,0x59...0490,https://etherscan.io/tx/0x34e810c9d01360ac8a794698273438d66c27e62cc907f69f0f36492848e0076c
2023-03-30 13:11:23,True,1.066e-05,5.908e-10,3244161.0,0.0191,0x14...fc34,https://etherscan.io/tx/0x296a1bbc5056481e2b8a4298a4a33322eada71e3e490262b24b54b98024697d0
2023-03-30 12:52:11,False,1.057e-05,5.874e-10,18653854.0,0.1095,0xc6...bc06,https://etherscan.io/tx/0xb1f8d5761a2defd2980e9caae4149e3f148f78e2fff8a245750f61d200531524
2023-03-30 12:32:11,True,1.064e-05,5.911e-10,10150394.0,0.06,0x58...4af0,https://etherscan.io/tx/0xa4dcd1374de7e20d9fb89bc8914ef6c09ac73b03358c8763cd2bc597fe6cddad
2023-03-30 12:15:47,False,1.06e-05,5.876e-10,21247801.0,0.1248,0xb2...8ee9,https://etherscan.io/tx/0x39fb3e81e655b30f51ecd010394c765bdb50eb2287e070cc29265a8f53bf4af6
2023-03-30 12:09:59,False,1.058e-05,5.879e-10,5122112.0,0.0301,0xb3...738c,https://etherscan.io/tx/0x43c05157a08064e3c0332ecea822fa756071a6ff656c3997d8eea0d18fa96f2d
2023-03-30 11:46:23,True,1.063e-05,5.914e-10,4657418.0,0.0275,0x86...8b0b,https://etherscan.io/tx/0x061360fbd128991fb576a777696bc15b2228779c3aff1e5a2aff0c2f47f9dcce
2023-03-30 11:41:11,True,1.062e-05,5.913e-10,2514204.0,0.0148,0x4e...c2b4,https://etherscan.io/tx/0x20a37923b543aaa7c0c7cbd63fa2d4d542d923fabaea5136406db9bf0374decd
2023-03-30 11:32:23,True,1.062e-05,5.912e-10,8382094.0,0.0495,0x39...c821,https://etherscan.io/tx/0x59f7c9b3452a17d4f7d1f801484d77decde0b8cf1e72ce604c3c826c861c8e16
2023-03-30 11:23:35,False,1.055e-05,5.877e-10,9432770.0,0.0554,0xbf...688a,https://etherscan.io/tx/0xdd877beadc82f462e2acaa434328ebc706fb1609ade3c249f1e375cef8d015e0
2023-03-30 11:21:23,True,1.061e-05,5.913e-10,124035.0,7.335e-05,0xe8...5a6a,https://etherscan.io/tx/0xb20c330e7c1de49bd76229050e8762ffe223179f76f1d4203bb1ad121128fcd0
2023-03-30 11:16:23,False,1.056e-05,5.879e-10,10000000.0,0.0587,0x6c...05a3,https://etherscan.io/tx/0xe02471b018499e248299e75e43668ab9d55912eea1f7888f7cd5faebce6a74d3
2023-03-30 11:13:47,True,1.064e-05,5.914e-10,8379278.0,0.0495,0xf2...a0bb,https://etherscan.io/tx/0xd5d620657e414759f0b3123af3c2892f95ee569531881886cc69827a3ba2e3f0
2023-03-30 10:49:11,False,1.058e-05,5.883e-10,51966029.0,0.3057,0x11...12af,https://etherscan.io/tx/0x61767bbc4ce09a5efec54304292d3069ea289d1dfbde80a21846ca422729310f
2023-03-30 09:49:35,False,1.063e-05,5.889e-10,19783639.0,0.1165,0xc6...bc06,https://etherscan.io/tx/0xd9ddf54e29f4a07acb0216fd0b4e8547012709a1d26873f9d350968a942c4e47
2023-03-30 09:45:47,False,1.065e-05,5.896e-10,50000000.0,0.2948,0x5b...095b,https://etherscan.io/tx/0xecec3eef820e28f42e16f7c217d9b6c21ac1ba38d77aa778c48a929948904e81
2023-03-30 09:39:35,False,1.067e-05,5.902e-10,14540612.0,0.0858,0xc6...bc06,https://etherscan.io/tx/0x2c276e876660bffe47b0f2d7e0afd227c5a2a7ce078281f3a7c5ebb253bf269f
2023-03-30 09:35:23,False,1.061e-05,5.903e-10,1000000.0,0.0059,0x60...2ff4,https://etherscan.io/tx/0x83e284749e38253d2c2e9a5e8dcdb5fae09c1f77fb7a16b0e62de93d3cad5483
2023-03-30 09:05:47,True,1.066e-05,5.934e-10,47748019.0,0.2833,0x96...70b2,https://etherscan.io/tx/0x2e527ece22119663c610ee1f415d81bd5874c788b8c7195b483cb653d8c35de8
2023-03-30 08:57:23,False,1.059e-05,5.895e-10,9311181.0,0.0549,0x5c...4c25,https://etherscan.io/tx/0xa19389cc1ac2ec20e0e30556b094007d41b0925c6a05f5e27cd1ca17b53d7824
2023-03-30 08:54:23,False,1.059e-05,5.897e-10,4655590.0,0.0274,0x5c...4c25,https://etherscan.io/tx/0xdae5eff54d25d0368de1f50df8aae05c6046be30b95d8b5c8164ba7c0fa78fab
2023-03-30 08:40:59,False,1.058e-05,5.904e-10,81622704.0,0.4819,0xad...9de9,https://etherscan.io/tx/0xc0423af6a5dde857b273d9127484a81f44747c84b86df6452b323c7a40749e2e
2023-03-30 08:32:35,False,1.061e-05,5.913e-10,16119205.0,0.0953,0xde...6876,https://etherscan.io/tx/0xd9771e135ced0c0ea652b6b4a2c96f3a11f5d1094fdd9e546155b056d8696a21
2023-03-30 07:59:35,True,1.069e-05,5.95e-10,3042250.0,0.0181,0xd9...624d,https://etherscan.io/tx/0x835fabe6229ddb4d7aa7d83c1f32d6d1941657672c0c318959c5f0f57cca3a57
2023-03-30 07:57:59,True,1.068e-05,5.948e-10,13771317.0,0.0819,0xd9...624d,https://etherscan.io/tx/0x41aed7f921f64ef187deec638db1b0aeb3a9a098d9c5478050a72533fc25d3f1
2023-03-30 06:59:59,False,1.063e-05,5.912e-10,7953680.0,0.047,0x3b...ec2d,https://etherscan.io/tx/0x28f0976fc72e0ef1389873cc159972798693c2be103ba4cee174f1f48450fa00
2023-03-30 06:55:23,False,1.063e-05,5.914e-10,8602500.0,0.0508,0xc7...a38f,https://etherscan.io/tx/0xb152b71dadd1904753341dd6ff0c8a3dddbefb3ac554209c4d513c8a0cf70ed8
2023-03-30 06:53:59,False,1.063e-05,5.915e-10,3969708.0,0.0234,0xde...58c1,https://etherscan.io/tx/0x94c309e3983c7a74a45ec74766853b06c387f13ea9ae68ee0a3572439757d8ec
2023-03-30 06:50:23,False,1.062e-05,5.915e-10,1291472.0,0.0076,0x09...4c01,https://etherscan.io/tx/0xa2b0948940ba290067a1d77e33428bd4d88f10bb3b082ccbe56932d254b2f87c
2023-03-30 06:49:47,False,1.062e-05,5.917e-10,20000000.0,0.1183,0x07...b9ff,https://etherscan.io/tx/0xf99fa27fc5b8e9e631238edae562016015f78e7b56c9455382cdbb00eb4d7329
2023-03-30 06:42:35,False,1.063e-05,5.92e-10,6606033.0,0.0391,0x2a...1075,https://etherscan.io/tx/0x1f88a3658220128b3750f0aab256bb4953fb256486c02d51fa41c2a66b3f6807
2023-03-30 06:34:35,False,1.063e-05,5.922e-10,21450000.0,0.127,0xc8...be28,https://etherscan.io/tx/0x8f0dd147583ac32b573c669942b4b82b3e0287dc0c2733b05642d90fbf50627e
2023-03-30 06:24:47,False,1.062e-05,5.925e-10,5706039.0,0.0338,0x9e...efdc,https://etherscan.io/tx/0x8c143130f06a84bf802a0db47009a671f7b59d7581598e66ce6d0895ddab4d2e
2023-03-30 05:58:47,True,1.066e-05,5.961e-10,150086.0,8.947e-05,0x73...e4a4,https://etherscan.io/tx/0x81a3a9ec20aafe876344dd7001aa158c4e7558d46af0be3055b0215b7f22c504
2023-03-30 05:56:23,False,1.059e-05,5.926e-10,9900000.0,0.0586,0x25...e5cb,https://etherscan.io/tx/0x99f3a11eea8ff12c661f3ac3f28bd6d60b3e5d22dcfe4d93e55cdbf6e48be270
2023-03-30 05:51:47,True,1.067e-05,5.963e-10,1688982.0,0.01,0x31...50ec,https://etherscan.io/tx/0x6c21a905b5e2dece1a019f27366e9cd8794977a6b08806c1476c12c673a3bdac
2023-03-30 05:42:47,True,1.064e-05,5.962e-10,9361587.0,0.0558,0x90...59e2,https://etherscan.io/tx/0x139eaee9e055005233d71c46145c4780426236cf651027cd00095b0f10e1e66d
2023-03-30 05:27:35,True,1.063e-05,5.96e-10,8359167.0,0.0498,0x8e...058a,https://etherscan.io/tx/0x079fe78329f16abec4daf63dc15b96bc3c499b7fbc50658af4130fa251e36d77
2023-03-30 05:17:47,True,1.062e-05,5.95e-10,100000000.0,0.595,0xb2...d518,https://etherscan.io/tx/0x59efffa6feefc43c3e6beaece36003290f0485cc3d34f51c7e59708e53b69859
2023-03-30 05:15:35,True,1.055e-05,5.939e-10,26704753.0,0.1586,0x2e...8c81,https://etherscan.io/tx/0x0a67a1a3bde13bbd68573e253fba9a987ed598c62c7bf92ca6349635c0d6d38d
2023-03-30 05:11:35,False,1.048e-05,5.901e-10,6607662.0,0.039,0xa5...855c,https://etherscan.io/tx/0x2e32629c8d48c6f9f0d763da0486d7d76cd12bce0d040b70bd35f64bf76a7752
2023-03-30 05:07:35,True,1.056e-05,5.937e-10,7998519.0,0.0474,0x45...9e8f,https://etherscan.io/tx/0x82bfaa4174aa0efc711076306834d33429d3ec9829f0f6be456360a2fd7568a7
2023-03-30 04:56:47,True,1.079e-05,5.935e-10,10295872.0,0.0611,0x5d...9164,https://etherscan.io/tx/0xdc2c122d14c6011a46f2eb31c824d98a4b5c992f735cd7a3c4ac9bd72577df7a
2023-03-30 04:40:35,True,1.084e-05,5.932e-10,16711819.0,0.0991,0xbc...c867,https://etherscan.io/tx/0x9dd6f163bcf3ac21d80d123e598929aa13a026f56dbee7325d8d51b0a3a24304
2023-03-30 04:35:11,True,1.078e-05,5.925e-10,67812584.0,0.4018,0x31...eb28,https://etherscan.io/tx/0xbabee4da44bcd2fdb4c9af91e5232b7fc8db211503af29d330b85e67bee804d6
2023-03-30 04:27:47,False,1.066e-05,5.884e-10,5592706.0,0.0329,0x42...9efb,https://etherscan.io/tx/0x2212e8a5da0149eba4f7dfb9bc55d0827e6e837e8eb5d4d987bc03b6170523e3
2023-03-30 04:15:59,True,1.061e-05,5.919e-10,6679307.0,0.0395,0x0c...00de,https://etherscan.io/tx/0xa2f8076d2b13ecad80f8409f6e5015935a826c21897e3e2f676a739e22294587
2023-03-30 03:43:59,True,1.059e-05,5.918e-10,1689553.0,0.01,0x3a...5139,https://etherscan.io/tx/0x3919b57de2164e8cf8f8217befd3aea3aad3cc760066afc7452c1eb34dd5a7bc
2023-03-30 03:23:59,True,1.058e-05,5.916e-10,17590289.0,0.104,0xc0...065d,https://etherscan.io/tx/0xf73cf9e9583ce06df807a658d0707c7ed99d198d7784cc362cb63a20f0bc65c7
2023-03-30 03:07:35,True,1.057e-05,5.913e-10,24814791.0,0.1467,0xfc...374b,https://etherscan.io/tx/0xa15d8718c5c74941b265fe5b8e6d7aba52b51f6960a6c13e7496daa9e0463209
2023-03-30 03:03:47,False,1.05e-05,5.875e-10,5332798.0,0.0313,0x57...d16b,https://etherscan.io/tx/0xf092e92c3930a5c11fe5dc85fc485a0cc645a6870f4ffcc9bc62c03c6c8b908a
2023-03-30 03:02:35,True,1.057e-05,5.911e-10,2515175.0,0.0148,0x6a...10e0,https://etherscan.io/tx/0x83ca279080d056eb9d01a0c57d02fd99a98bf3ec7e1343b8d7b00bd681b4c055
2023-03-30 02:48:59,False,1.052e-05,5.876e-10,1369098.0,0.008,0x21...e8cb,https://etherscan.io/tx/0x90fab972e65538ca15d6253f8f3bbb9180cd77b60883e3763913c16603d5ab11
2023-03-30 02:48:47,False,1.056e-05,5.896e-10,220000000.0,1.29713,0x87...4a69,https://etherscan.io/tx/0xe7231ef4d0559cae364275349719f41fd9dc885eaf3bf65144a383277a0e229b
2023-03-30 02:46:11,True,1.067e-05,5.95e-10,8292752.0,0.0493,0x8c...97ff,https://etherscan.io/tx/0x54e6e4178aaa0a7f07cf430d8047093d9402911157646cc4b929571fe08c7159
2023-03-30 02:33:59,False,1.061e-05,5.915e-10,8459832.0,0.05,0x43...7ef5,https://etherscan.io/tx/0x4ab7311a05df145e070a57f7d18dcadb44c5fa8765bdb7a4db7da29c55426d57
2023-03-30 02:30:23,True,1.069e-05,5.951e-10,1671020.0,0.0099,0xb5...1c80,https://etherscan.io/tx/0x72ff0b3a2d3baebebf21d2005f1adfc554319d66e12d7cffd382ec2a99b945ac
2023-03-30 02:16:11,True,1.067e-05,5.951e-10,999377.0,0.0059,0x18...cb0e,https://etherscan.io/tx/0x3b3c739882d3766b22144354ae72c9836238bfe9215306a79a9e47ee7499cf2f
2023-03-30 02:11:23,False,1.06e-05,5.915e-10,2856356.0,0.0169,0xee...3514,https://etherscan.io/tx/0xefb3d61014f4aae0e146509f7ea6219d964cc49b679849bcad7e3bf9f837fc71
2023-03-30 02:08:35,True,1.066e-05,5.951e-10,3331186.0,0.0198,0x35...46cb,https://etherscan.io/tx/0x9963d41ff8a1acdbc884325bd3cf37301f174f46718f9040f840bc9245f9c781
2023-03-30 01:43:59,False,1.06e-05,5.916e-10,7294200.0,0.0431,0xb2...ed6a,https://etherscan.io/tx/0x155e3c3c6558beae466c162b99e47c3bc23790bf8596da3a78fd6d73d15d79f5
2023-03-30 00:52:35,False,1.06e-05,5.925e-10,92783505.0,0.5497,0xd8...0e9e,https://etherscan.io/tx/0x834f68b4ead6d301e727951b036c8d3a33cd0617664561e8d2b211fbc33144ea
2023-03-30 00:52:23,False,1.061e-05,5.934e-10,9423960.0,0.0559,0x27...54e8,https://etherscan.io/tx/0xc8d08bcfaf0838238a7037496a211134c26d74d66128c41e05c56dea28a4f59f
2023-03-30 00:46:59,False,1.062e-05,5.936e-10,8926567.0,0.0529,0xf7...1d59,https://etherscan.io/tx/0x1c3abe0838a2732119971e91ce4484c588aa1e386286ed3f440b6bc9e3432554
2023-03-30 00:44:11,False,1.063e-05,5.938e-10,20000000.0,0.1187,0x32...9ed8,https://etherscan.io/tx/0x2314720ac25d2908c85844a01bba4b39a3a32ddad8a622f1d8294691cd5b19b9
2023-03-30 00:42:23,False,1.064e-05,5.943e-10,35099850.0,0.2086,0x9f...181b,https://etherscan.io/tx/0xc83c9e9f64c3a5ea144857cfb5dbe849a7291df4ca8f38e471af2408763562c3
2023-03-30 00:40:59,True,1.07e-05,5.975e-10,76405251.0,0.4565,0x0d...538d,https://etherscan.io/tx/0x26740936723f626ca3e57984c58218d568e0645b022e2ebfe78b3c408fd6116b
2023-03-30 00:37:47,True,1.069e-05,5.968e-10,556078.0,0.0033,0x0d...a11a,https://etherscan.io/tx/0x3002ee187f8ed33b6ad65b120d57ae103313867d06391b2b44e85604ab845b13
2023-03-30 00:03:59,False,1.061e-05,5.933e-10,5000000.0,0.0296,0x22...db2f,https://etherscan.io/tx/0xbd0a36f9064dc7009a18ab0f1148f4c710336228b97fd18ff066f6b90a52a5c7
2023-03-30 00:02:35,True,1.067e-05,5.966e-10,30000028.0,0.179,0x81...be0f,https://etherscan.io/tx/0xee44d000b744048a32ba2221d2a8a50e7787ad981a16306d37680a2806a4e40a
2023-03-29 23:52:35,True,1.069e-05,5.943e-10,220801802.0,1.31241,0x51...b17c,https://etherscan.io/tx/0xc765f295122d73e10140c67a883866ff6f6abc202202b521fb2eadd96e595b83
2023-03-29 23:50:23,False,1.059e-05,5.89e-10,20000000.0,0.1178,0xdc...7071,https://etherscan.io/tx/0x2e1dd7389abb406cffe99af076480a7fa502a1964fa25b973b0f0b581e5be51c
2023-03-29 23:37:35,False,1.062e-05,5.892e-10,3818530.0,0.0225,0x12...1982,https://etherscan.io/tx/0x82e60dea1d3b5be2280ca866debb38b7b6f45b6884f3fa0d7cc2718c448f58c3
2023-03-29 23:35:11,True,1.069e-05,5.926e-10,16558399.0,0.0981,0xcd...6c3e,https://etherscan.io/tx/0xe25909f31c9b242b816f1442e8acf1f65eb602dadc63eae5bd4affe15311fb2b
2023-03-29 23:31:47,True,1.068e-05,5.92e-10,46859546.0,0.2774,0x81...be0f,https://etherscan.io/tx/0x7e23177518a047613a07ab5a11430c992d3dd5bf912bf06fb88cc3b91ce940cc
2023-03-29 23:30:47,True,1.067e-05,5.916e-10,5026577.0,0.0297,0xe2...ae5a,https://etherscan.io/tx/0x041c7684155906bf9102f2760d5b8a43245deab96c12226833e10670364e78af
2023-03-29 23:18:59,True,1.065e-05,5.915e-10,1005408.0,0.0059,0x34...a2e9,https://etherscan.io/tx/0xf5426ae35bd4b3267f3f703200d33713454961d104be07e960d788936afdb998
2023-03-29 23:06:47,False,1.058e-05,5.88e-10,5334509.0,0.0313,0xaf...9d90,https://etherscan.io/tx/0x7a992cdae2c6aee920167d5379f35165907417019c9808b80077d07d2326cc50
2023-03-29 23:04:23,True,1.066e-05,5.914e-10,20423732.0,0.1208,0xe2...ee60,https://etherscan.io/tx/0x085c2b0804c4bbabb1595cc2bd674a321c5ad151b7970dbe067a6c0561e86e2e
2023-03-29 22:07:35,True,1.069e-05,5.912e-10,5029836.0,0.0297,0x04...af59,https://etherscan.io/tx/0x900ef29f566bb1c8ab2b8cccc08f5a4fba26170bde53b33669d5da12316b0b3a
2023-03-29 22:02:23,False,1.062e-05,5.876e-10,1000000.0,0.0058,0x9c...f107,https://etherscan.io/tx/0xc729ab7a66c641e81526bf1d293f912da307858286536755d1825492f6393a33
2023-03-29 21:49:35,False,1.061e-05,5.877e-10,7500000.0,0.044,0x21...a1c5,https://etherscan.io/tx/0xcf5e99878b0b9233da8ce602b727197ffc5c4100d8234f79adaec2a1514aa994
2023-03-29 21:46:11,False,1.061e-05,5.88e-10,24801606.0,0.1458,0x71...fc89,https://etherscan.io/tx/0x87eb88a47ac60a47b5c9e693a5633bdf1c3a10fe28e31d5c11c52ca7b2e6dd83
2023-03-29 21:43:11,True,1.066e-05,5.909e-10,93159646.0,0.5505,0x97...172b,https://etherscan.io/tx/0xa8bfb390dc92c52a923c02a044deb230457a652a93bd85f5e3c732bca145c93e
2023-03-29 21:41:59,False,1.058e-05,5.867e-10,21687319.0,0.1272,0x59...d2df,https://etherscan.io/tx/0x1a7860ae2217a82d93996cd4928afec0326900bd3935f21b749985a97113b5a9
2023-03-29 21:41:59,True,1.065e-05,5.901e-10,33566108.0,0.1981,0x35...dcf7,https://etherscan.io/tx/0xb2dea02a5e3f116a5f2c0f115f63e1fd514f42af2a6d23e047d1a4075c1072ab
2023-03-29 21:37:47,True,1.063e-05,5.896e-10,22324918.0,0.1316,0x76...7d5e,https://etherscan.io/tx/0x16b4292440394e1cf293cfd19d3e65c6157f4ae19d2308df07afd33202932ab6
2023-03-29 21:16:35,True,1.061e-05,5.886e-10,93437327.0,0.55,0xcb...633a,https://etherscan.io/tx/0x042866fc98b5d21655901be224246801dc1c412180c3aa82ab8a03d675eddd41
2023-03-29 21:03:35,False,1.053e-05,5.843e-10,4361388.0,0.0254,0x36...3058,https://etherscan.io/tx/0x890e5879b3f67de4d0a7670460b3af2e89c0f7331aae8c4992d6df4a64a08088
2023-03-29 21:00:35,False,1.054e-05,5.844e-10,8953045.0,0.0523,0x67...2548,https://etherscan.io/tx/0x006fc7db7c84830f256ad3620d6a4a8b61d1fbfc202f854cfb53da4997c165ec
2023-03-29 21:00:23,False,1.055e-05,5.85e-10,55565949.0,0.325,0x7a...6dcf,https://etherscan.io/tx/0x836fe1f34ec4cb35e6476a8da34ed92016ed8b55c8d5b1fbfbe86ce17ccfc26b
2023-03-29 20:58:23,False,1.056e-05,5.856e-10,20000000.0,0.1171,0x19...1b94,https://etherscan.io/tx/0x1c5c5316225c6dce989145ad8a9b18702dfb4ad7c029fd177207dc17817da482
2023-03-29 20:57:59,False,1.059e-05,5.873e-10,162067353.0,0.9518,0x7a...6dcf,https://etherscan.io/tx/0x4929854947a00c7c8a1e917faea2fe11cfd869dd136fb819ce2220efaba2a244
2023-03-29 20:53:35,False,1.062e-05,5.888e-10,9260992.0,0.0545,0x7a...6dcf,https://etherscan.io/tx/0x1d4dbb5c69a682e98fb0a015a562ce0497409f495e2b21df1ea5a2b28de8d9ab
2023-03-29 20:52:59,True,1.068e-05,5.924e-10,50634.7,3e-05,0x1f...2d89,https://etherscan.io/tx/0x4d76d4f6c555d27b2620f6756d14ecde128dcae9bbaa41c7631fa16237b5974d
2023-03-29 20:19:35,False,1.058e-05,5.89e-10,18521983.0,0.1091,0x9f...4635,https://etherscan.io/tx/0x9cf5b03cc8ecc03f0ca67cbd044f42cdd32f8a15025938f54c4ad067286e0452
2023-03-29 20:18:35,False,1.059e-05,5.894e-10,18323411.0,0.108,0xd6...d94f,https://etherscan.io/tx/0xf83de692a1519efb524b6a15e6f2fe9ce5ecd769fda5d32106554c813668fe8e
2023-03-29 19:45:11,False,1.06e-05,5.897e-10,20000000.0,0.1179,0x02...7f5f,https://etherscan.io/tx/0x1af184003170a32584f675236aee1f417bf516c39906c0b6987a66ceae1036ca
2023-03-29 19:22:35,True,1.069e-05,5.934e-10,1452241.0,0.0086,0xda...23eb,https://etherscan.io/tx/0x00b0aa1f2bc1c885eec38f56a68c46f434a6fe3f236edd90baed368c344eadf1
2023-03-29 19:15:47,True,1.068e-05,5.934e-10,5011056.0,0.0297,0xed...57ed,https://etherscan.io/tx/0xea849174e61b9c386cef83f9ce3447a7b79ca043b3571c7a59049ee58f7190c1
2023-03-29 18:45:35,True,1.067e-05,5.933e-10,1670523.0,0.0099,0xf0...bfc1,https://etherscan.io/tx/0xe5dd5e32260b9ea86fd66c25d30447e3e275c93b1857c54305157ed83206004d
2023-03-29 18:41:47,True,1.068e-05,5.932e-10,16764755.0,0.0994,0xda...23eb,https://etherscan.io/tx/0x664ba07ff51f0ffc301850e663e3974e560214cbe4e433f15e65c83f7e186cbf
2023-03-29 18:13:59,False,1.062e-05,5.895e-10,100000.0,5.895e-05,0x84...dfc2,https://etherscan.io/tx/0x5dba5e02e998aae8318bd4ba01761bc3a998cb2af325173ffa68d05864efd9e2
2023-03-29 18:00:11,False,1.066e-05,5.897e-10,23155117.0,0.1365,0x6e...e961,https://etherscan.io/tx/0x7001fcbc7f33ea39373dd9dca22749e42348f8673ff4f53aadc99bc87d0f2f0d
2023-03-29 17:43:47,False,1.067e-05,5.903e-10,42680638.0,0.2519,0xf3...be1a,https://etherscan.io/tx/0xd061d1ce1b51a7d7bd642b05a6b39cf718f884074c523426183e079462843351
2023-03-29 17:43:23,True,1.074e-05,5.942e-10,2873149.0,0.017,0xeb...eded,https://etherscan.io/tx/0x307eb9a2bc24ad5a8507c4123476f8ad37761f4d905182422a3237f73bed5354
2023-03-29 17:36:11,True,1.073e-05,5.941e-10,1000937.0,0.0059,0x64...addd,https://etherscan.io/tx/0x39738e3f579a7c0293602c015b52c3ad32730b80a53f1907cabb64d2a381b241
2023-03-29 17:24:23,True,1.07e-05,5.94e-10,11846758.0,0.0703,0xd9...b3c2,https://etherscan.io/tx/0x0ccad83ddd670a72cd2c218ea021811c1d6bd871dd62f81a0bd3adc4b91b4290
2023-03-29 17:22:35,False,1.064e-05,5.908e-10,48181389.0,0.2846,0x57...eefc,https://etherscan.io/tx/0x045b6155733b2cb9262301de42e8d3b116c8690d500b7c95459c97ba2f741973
2023-03-29 17:02:35,True,1.067e-05,5.94e-10,83000000.0,0.493,0x27...c3b6,https://etherscan.io/tx/0x297a5ff39c011edb79ecca0eaead8172e2046decfdfa4dc4a4900f3df20c155f
2023-03-29 16:46:47,True,1.066e-05,5.933e-10,1685.4,1e-06,0xa3...4510,https://etherscan.io/tx/0x6bac197995ffe1f4288039b637d6a173b8a538dedad41fd7ecd8889f6102dc92
2023-03-29 16:41:23,True,1.064e-05,5.921e-10,135112232.0,0.8,0x49...1b16,https://etherscan.io/tx/0x1f7b2143d8e205764dea8f0ab99a82dcf0c98131907d1f3ea17c98bbb8729364
2023-03-29 16:40:47,False,1.057e-05,5.886e-10,150000000.0,0.883,0xff...0b46,https://etherscan.io/tx/0xd68a5bdf899b0d2296e8bce551155ab2f6f8955cf11d9548aadc0bf17093881f
2023-03-29 16:36:23,False,1.064e-05,5.904e-10,49800008.0,0.294,0x57...4399,https://etherscan.io/tx/0x9d2925ae6f66c82adf0dc5c5260ef883a4ef20bedfd7d972a0f3d80557c68a5a
2023-03-29 16:35:59,False,1.065e-05,5.91e-10,11000000.0,0.065,0x37...e0bb,https://etherscan.io/tx/0xf1eeb2b9798ad1d2aed6368bebcee1fd4f2b30be636dd492973cb798ec6dc1df
2023-03-29 16:14:47,True,1.076e-05,5.943e-10,38359169.0,0.2279,0x8c...1656,https://etherscan.io/tx/0xf79508689355e64131f98af098715a740e80f1c3bb686fa6dc3a09e5725ddc1b
2023-03-29 16:13:23,False,1.069e-05,5.904e-10,1434647.0,0.0084,0x65...c761,https://etherscan.io/tx/0xbd45bf115d32c73ddd96ea7fa0d9dfd258c6903f4cbb0a9f4cc64138794ce685
2023-03-29 16:03:47,True,1.073e-05,5.936e-10,37511872.0,0.2227,0x93...945c,https://etherscan.io/tx/0x7e1fe18d3e0a56fda2e8a7247caeb5bfde329075ffc7b016917d5dffb1dc4484
2023-03-29 16:03:23,True,1.073e-05,5.933e-10,1670665.0,0.0099,0xd6...5497,https://etherscan.io/tx/0xb740cc13c37d7b3647152d1ab965a64f333f32f74ec612f607bedbf3ce33862a
2023-03-29 15:58:23,True,1.073e-05,5.931e-10,22419457.0,0.1329,0x4f...7eca,https://etherscan.io/tx/0x116c44381b19f4bfa80bd8d093c389c8aea5149b3f9beb20282470251253d28c
2023-03-29 15:56:59,True,1.072e-05,5.928e-10,5607274.0,0.0332,0x4f...7eca,https://etherscan.io/tx/0x1396d2699341e2ea2dea9775f575f70e1fcfc13511095cb4960371c69dd80ee8
2023-03-29 15:52:35,False,1.066e-05,5.892e-10,1715441.0,0.0101,0x70...5eb1,https://etherscan.io/tx/0xefdf2cb700552d39b4fac7f9ee894e934e66b1de333ec60f12cf9b250caa3a2b
2023-03-29 15:47:11,True,1.07e-05,5.928e-10,2533806.0,0.015,0xa0...c7e4,https://etherscan.io/tx/0xf5a42cd091cc7d6c5060e32d5072447d9d15e219f2ef61d2a5a8fa509c5fcd87
2023-03-29 15:43:23,True,1.073e-05,5.927e-10,16363.4,9.7e-06,0x20...88dd,https://etherscan.io/tx/0x7d3a4d150729cffd445ee83f2ea4006b74c4c17e501f1172df4374d1558a32a6
2023-03-29 15:40:59,False,1.066e-05,5.894e-10,23508903.0,0.1385,0x3b...1ae8,https://etherscan.io/tx/0x88bce1a0c64b489582e7d410f6e3f829a107d91525fec626ed8e511af5373be7
2023-03-29 15:38:23,False,1.067e-05,5.896e-10,4342302.0,0.0256,0x66...a210,https://etherscan.io/tx/0xd41c42e1ddc95e940b595d8ed95dcdefe71bfb2e8e003cbe7941ca2df54406a3
2023-03-29 15:36:23,False,1.066e-05,5.898e-10,10052845.0,0.0592,0x90...8f27,https://etherscan.io/tx/0x753c76a65933160aa6783e9c19c95e01ca558e9d6f442e0b560e455112f4b98a
2023-03-29 15:14:47,True,1.073e-05,5.933e-10,12831839.0,0.0761,0x49...58c0,https://etherscan.io/tx/0xd2d201ca6907d5aac67c8905f48b13e1cc1bd61d9f0fd75b86cbe06cd5d66ea8
2023-03-29 14:54:11,False,1.065e-05,5.899e-10,23772000.0,0.1402,0x2c...4157,https://etherscan.io/tx/0x0dac64e28dab96590b3e5d0ca03edcbe474b268366a253634ac37b491ccb70a1
2023-03-29 14:05:59,False,1.068e-05,5.901e-10,1812029.0,0.0106,0x23...abf3,https://etherscan.io/tx/0x89983503afa813c3764d8a70a816e7e0d61ab7d8c26b2139557626fb3c42549b
2023-03-29 14:05:35,False,1.068e-05,5.901e-10,2061644.0,0.0121,0x9a...2140,https://etherscan.io/tx/0x944263072de86e9aa77277ca1c4c011bb94ca86e535b6b714881bb76bfa053c6
2023-03-29 13:51:35,False,1.067e-05,5.901e-10,128940.0,7.609e-05,0x18...c992,https://etherscan.io/tx/0x079a74db9a5a5bffe54441fe5216a516e6615291fb95afb10f7c9e6d1d594594
2023-03-29 13:44:47,True,1.073e-05,5.935e-10,20040034.0,0.1189,0x0b...47c0,https://etherscan.io/tx/0xadb0d03ebe3bedaa37bf1bee85af7ae125f7a9fefa470b37e01857d2b60635df
2023-03-29 13:32:47,False,1.068e-05,5.899e-10,16470168.0,0.0971,0xc7...e742,https://etherscan.io/tx/0xe23c09c10dca53a77223e52467b2538ed7fad3a8479c834576b58badf6f0564d
2023-03-29 13:26:47,False,1.067e-05,5.901e-10,6000000.0,0.0354,0x3f...214f,https://etherscan.io/tx/0xaef8fed9c6c9b5372050d92c5d42690b0f39751e667c575ccecc75eaad7fa654
2023-03-29 13:19:47,False,1.066e-05,5.903e-10,10017353.0,0.0591,0x97...4eef,https://etherscan.io/tx/0x0b6a933a33ced9613190306e3633189328ae45dff4aed0c715f76bf917efdf73
2023-03-29 13:06:59,False,1.066e-05,5.905e-10,11152000.0,0.0658,0x3d...0200,https://etherscan.io/tx/0x10775fc5f16b247b2bd728918f1d4518710812de4f0fae8f7cf9a69d40ad93ab
2023-03-29 12:50:59,False,1.07e-05,5.907e-10,19929940.0,0.1177,0xe9...7553,https://etherscan.io/tx/0x0750b88ac561d6f60fca50621aad7c9c712887e1876350901b8fd58023aeab7e
2023-03-29 12:10:23,False,1.072e-05,5.911e-10,19147851.0,0.1131,0x9e...c753,https://etherscan.io/tx/0x94cfe568ee91bead0af16ed68a5da5a9e9cf2cd410c2cb6aa4856dc50c46ac3e
2023-03-29 12:08:23,False,1.072e-05,5.914e-10,14464320.0,0.0855,0xbe...4d80,https://etherscan.io/tx/0x720a5196c9d58530321a9afc43570139e495e36ec2a4a975c1dc2617b1cf9a95
2023-03-29 12:05:35,True,1.079e-05,5.949e-10,24709096.0,0.147,0x35...347a,https://etherscan.io/tx/0x0de1314fa45ed46d6357a1dc43555d9232fae76946caf00c450e7bd415347b59
2023-03-29 12:01:11,False,1.075e-05,5.927e-10,174698503.0,1.03548,0x00...0906,https://etherscan.io/tx/0xa27a00c8864657f7b9c474bfaaf252ad50ec0af03c5a64821eb7a92dc59c210b
2023-03-29 11:59:23,False,1.078e-05,5.944e-10,16365240.0,0.0972,0x38...10b5,https://etherscan.io/tx/0x7a7a257a29c0433ebc9621a909c1c7822699428d1ed8628f5f43b3eaacbb1deb
2023-03-29 11:43:59,False,1.081e-05,5.948e-10,22948340.0,0.1365,0xa8...5603,https://etherscan.io/tx/0x3e86c083c43aa255a4e39398315f7c5564185169bbfac173d17fbc35015c5cf4
2023-03-29 11:32:47,True,1.089e-05,5.986e-10,1123950.0,0.0067,0x01...2732,https://etherscan.io/tx/0xd7c85c9c84756b7839445fc31ea580d753e71fb042eb2ff1d3170fbdbf108778
2023-03-29 11:14:23,False,1.084e-05,5.951e-10,10949309.0,0.0651,0xf3...494a,https://etherscan.io/tx/0xd76fc082fa1d57bab5f10350c629e0102b3f13f12f7f4d9073930a5fda0b0ebb
2023-03-29 10:56:11,True,1.09e-05,5.984e-10,41964390.0,0.2511,0xde...5426,https://etherscan.io/tx/0x558c01ea1be5b1374a77616980f6bedff200491b44a7624a4d183c931bdb6dc7
2023-03-29 10:23:11,True,1.086e-05,5.979e-10,3836169.0,0.0229,0x71...f3f6,https://etherscan.io/tx/0x31dee0150b4698aa8f7968034ce10f9228274a980d2d13cda2df3f994c66db33
2023-03-29 10:04:35,False,1.071e-05,5.944e-10,5417192.0,0.0322,0x17...5a5a,https://etherscan.io/tx/0x0a8501f74fe325286edb21175b214b8ed1b5cbe1572f6489292e9b6548a32404
2023-03-29 09:34:23,True,1.08e-05,5.98e-10,347617.0,0.002,0xd3...d333,https://etherscan.io/tx/0x07ff6dea54b719ded50c98dbfd22639dc94a867886fe8227d0347f2d7dbf10d0
2023-03-29 09:24:35,True,1.08e-05,5.98e-10,1115680.0,0.0066,0x29...04fa,https://etherscan.io/tx/0x81f15d3316e99d01d7df303f7520e33fd59b9dd01b8053887dc4bdfb98b91e3a
2023-03-29 09:19:59,False,1.075e-05,5.953e-10,100000000.0,0.5953,0xe5...9c15,https://etherscan.io/tx/0xc0087177c986665b90d06a54bcb76cd2644e51ce8e1f46cec959162b55eae949
2023-03-29 09:13:11,True,1.081e-05,5.998e-10,2412703.0,0.0144,0x0c...c5f3,https://etherscan.io/tx/0xe2a3d34b9f554dc21feca2b7923639ea57a79536e8896fa428bf5ef1df9249f2
2023-03-29 08:59:11,True,1.078e-05,5.979e-10,202665945.0,1.21184,0x1c...775a,https://etherscan.io/tx/0x37236419860f26ce01eb7d2f2c1b03752af2d601120247002577fb77e556ec4b
2023-03-29 08:58:35,True,1.075e-05,5.96e-10,98609.9,5.878e-05,0xcc...22bb,https://etherscan.io/tx/0x275a88a91f08ebedcea6f19c6db5f702e41aad1fc70cfb8372920f2aba9f9de8
2023-03-29 08:32:23,False,1.073e-05,5.926e-10,17476240.0,0.1035,0xd5...36be,https://etherscan.io/tx/0x51a96ad96aee34deee08e0fb20518afed24e7e90b55468ccc55ad4494bf4f801
2023-03-29 08:30:11,False,1.072e-05,5.929e-10,8309023.0,0.0492,0xd4...8cb8,https://etherscan.io/tx/0xdd17fc78b33ddf15cc60e9f6fce9004e7880bed55b31d086655ab5c076634091
2023-03-29 08:26:35,True,1.069e-05,5.964e-10,8309023.0,0.0495,0xd4...8cb8,https://etherscan.io/tx/0xd5000366ab3d156cd13834f856d0c4a44488d62da979fe194930d72dd2af65f0
2023-03-29 08:03:47,False,1.059e-05,5.928e-10,2205078.0,0.013,0x0a...267a,https://etherscan.io/tx/0xa1aea48868af1fca6fc3107eed362dbf86c3446a6649e2ce1a581c2496040248
2023-03-29 07:56:35,True,1.066e-05,5.961e-10,37101082.0,0.2211,0xe5...9c15,https://etherscan.io/tx/0xdd936f2bc64c064109283182c06383005d33be6b5a9078be37812b738940d8bb
2023-03-29 07:56:11,True,1.065e-05,5.957e-10,2059466.0,0.0122,0x48...d394,https://etherscan.io/tx/0x3bb6fde759265782cc1d0fdb40d5ff57cfa2e24b5cc14ace3953f410ad87aabe
2023-03-29 07:52:23,True,1.065e-05,5.956e-10,9319153.0,0.0555,0xa9...31ee,https://etherscan.io/tx/0x766403df46e5fcbc6b457997461c1227f14cc76f789e5a4db1ce2ceb83bf0fa9
2023-03-29 07:49:59,True,1.065e-05,5.955e-10,1390352.0,0.0082,0x41...25ff,https://etherscan.io/tx/0x8c73f54080af983cec4e523c63b2dd29a73343e2c828514402866fd17f1cb1c6
2023-03-29 07:46:47,False,1.059e-05,5.92e-10,10000000.0,0.0592,0x0c...2e13,https://etherscan.io/tx/0x1651689d50c825a1af05c80e3d51694663d7ab5242190abf28fb9d214514bec5
2023-03-29 07:38:47,False,1.06e-05,5.921e-10,2948828.0,0.0174,0xfd...5774,https://etherscan.io/tx/0x73e962cdbb0ffffde5d66d45e90ab71ff6c6c4eb9639c3b9beebf6c5c423da37
2023-03-29 07:32:59,False,1.062e-05,5.924e-10,25000000.0,0.1481,0x0c...2e13,https://etherscan.io/tx/0x71973a762864aa62616076df4bfceb407b7695517c250ac77f2cc678905a8835
2023-03-29 07:31:11,True,1.069e-05,5.962e-10,426069.0,0.0025,0x1d...3358,https://etherscan.io/tx/0xd220ae4b0fd9b526da5eff9dd724e8876e684faf0747af60845cc56341081268
2023-03-29 07:29:35,True,1.066e-05,5.944e-10,190386083.0,1.13183,0x19...eff0,https://etherscan.io/tx/0x7556a11f4b244e9981721977f09047675e12d6b4e0e030fff36cc43165c0ca37
2023-03-29 07:12:47,True,1.061e-05,5.926e-10,16726683.0,0.0991,0xee...264f,https://etherscan.io/tx/0x98098419ec53b72d2b6316e4f5387ceec6d32c47fd7e456c2b86f70ec82b4503
2023-03-29 07:10:59,False,1.055e-05,5.89e-10,11968587.0,0.0705,0x11...21f2,https://etherscan.io/tx/0xaf5c3b7dede77a75153f0b713d11c468d1d89769b2e02cc5c46709238205073d
2023-03-29 07:05:47,False,1.055e-05,5.893e-10,23283161.0,0.1372,0xf5...f768,https://etherscan.io/tx/0x2538bfd91209cd5adb0091274e3d2e66432fcdbd43534985ab180f142ead3ecb
2023-03-29 06:57:59,False,1.056e-05,5.899e-10,50091174.0,0.2955,0x32...9ed8,https://etherscan.io/tx/0x10db245f4673961d38de2e4228d4c06366b2f26331686668db89a296c64394a1
2023-03-29 06:52:59,False,1.062e-05,5.939e-10,385686283.0,2.29075,0x50...81c9,https://etherscan.io/tx/0x1c40d48b6ed5ce2d8cd601dc2476cbebcab78a97078cae1fcd7b6908d10c9895
2023-03-29 06:52:59,True,1.068e-05,5.975e-10,376934555.0,2.25249,0x50...81c9,https://etherscan.io/tx/0x8003b93e8567ca2941a580a205956e6e1a775180aa374804b15594c077ab0191
2023-03-29 06:46:11,True,1.064e-05,5.939e-10,20000000.0,0.1187,0x2b...393c,https://etherscan.io/tx/0x9032835c743e9de502d68605a12f565a13dfe072c3da3ae8b2b4d6b3a822b115
2023-03-29 06:45:11,False,1.056e-05,5.902e-10,1835373.0,0.0108,0x10...95db,https://etherscan.io/tx/0x5a487641a397c6ce19491e1eb24e4384ac269a7a2e30799b10ef2253fb0c0c57
2023-03-29 06:44:23,False,1.056e-05,5.902e-10,3239626.0,0.0191,0x7a...fadc,https://etherscan.io/tx/0x7dc5016faca680ae80b91550531da61d223622e71f5f3965e85e5b2f9ee4ac78
2023-03-29 06:31:35,False,1.055e-05,5.904e-10,12507713.0,0.0738,0x03...aa9b,https://etherscan.io/tx/0xfc5dafc9c263917784d29561aa67ada563b55e1e96a622952ae073831ed50456
2023-03-29 06:28:47,True,1.06e-05,5.938e-10,27628250.0,0.164,0xeb...138e,https://etherscan.io/tx/0x7226b4d881845453515b2cfdb5613967e573df9f8a982937806e91221c240316
2023-03-29 06:16:35,False,1.05e-05,5.901e-10,10000000.0,0.059,0x2a...d0f8,https://etherscan.io/tx/0x2e489cbc00636ad6f7fe2253607769b85d627609bf25a1d7d7d1f16c8ede3b2a
2023-03-29 06:08:35,True,1.055e-05,5.935e-10,24158707.0,0.1434,0x5d...a5f1,https://etherscan.io/tx/0xe66bc019b71eb446508e08f9e947cc16a50a9e0aa779a240a28423f48801a966
