datetime,buy_order,price_USD,price_native,amount_token,total_native,maker,etherscan_url
2023-03-19 15:56:23,True,1.092e-05,6.124e-10,1777.68,1.088e-06,0x87...4e15,https://etherscan.io/tx/0x8f1a3366cbd932981987101f1bbe57a19d5bee9739f9d252b90ef5da0b9c6988
2023-03-19 15:56:11,True,1.092e-05,6.123e-10,8464145.0,0.0518,0x93...df32,https://etherscan.io/tx/0xfcba28005d430b1dd7b4fa29205a758eb38c6848f01f29ce90a8e5ebae1ecc45
2023-03-19 15:52:47,False,1.086e-05,6.086e-10,1369960.0,0.0083,0x34...9c58,https://etherscan.io/tx/0x4c70674f893e9a4f3c6ddc73c3ff4835e251771a8617ffbded2528e36bca4d49
2023-03-19 15:51:23,True,1.093e-05,6.122e-10,7962588.0,0.0487,0x08...fc14,https://etherscan.io/tx/0x0eeca1f8821120e9f2a2c02fd1506d37f24e558fe1971d8d93e5aa036747288d
2023-03-19 15:50:35,False,1.087e-05,6.088e-10,36735893.0,0.2236,0x96...95f5,https://etherscan.io/tx/0x143e044a4401d5df667edc7eda7a90230aed15097397d6af89544f5b8a0665bd
2023-03-19 15:44:11,False,1.088e-05,6.092e-10,9098390.0,0.0554,0xe0...a098,https://etherscan.io/tx/0xc2a553def65ac968d0a605cb95d9ba15a2019b6913a846deb19fa8334728ebee
2023-03-19 15:43:59,True,1.094e-05,6.128e-10,19347895.0,0.1185,0xa9...6585,https://etherscan.io/tx/0x2a0017798fd760b944be1b91fa6df8b747cc60d99901f4a1bbcf8152150ce9cf
2023-03-19 15:38:47,True,1.094e-05,6.126e-10,50709.0,3.106e-05,0xd0...2b64,https://etherscan.io/tx/0x2dca84cec49725e5dabba7e782e1f3c6b0501f4ad30dbe4ab763bbb5fd7da5da
2023-03-19 15:37:23,True,1.093e-05,6.126e-10,808982.0,0.0049,0x63...bd17,https://etherscan.io/tx/0x93e5c229b92fa4bc40005f2977e49212b8e72cbbb81637d3a806e58a2b75026f
2023-03-19 15:35:11,True,1.093e-05,6.126e-10,1135130.0,0.0069,0x66...4070,https://etherscan.io/tx/0x31a91d9f8351e725b88636700b10d54e438532c98305053df34ef5f1d0ae2b34
2023-03-19 15:32:35,True,1.094e-05,6.121e-10,49481426.0,0.3029,0xfe...1e7c,https://etherscan.io/tx/0x45889d2900bc2f463f4ae680c96a5e6884f7ea524d5706199f2314c21925ea0e
2023-03-19 15:31:59,False,1.087e-05,6.081e-10,10287497.0,0.0625,0x5f...c114,https://etherscan.io/tx/0x9d9b496fe61218e79483a365cd066d2978a568473b26503d404845c95049de43
2023-03-19 15:31:11,True,1.093e-05,6.118e-10,1581186.0,0.0096,0x05...7deb,https://etherscan.io/tx/0x147216a98c6644fcefbc1890ba9c9410036e50844937ddc48ef52db8d3a4b551
2023-03-19 15:30:11,True,1.092e-05,6.118e-10,810051.0,0.0049,0x46...e8ac,https://etherscan.io/tx/0x34e33367768e10df5699d748f0323edc3f0c91620d9c1794b699746e5f055fb1
2023-03-19 15:29:47,True,1.092e-05,6.118e-10,41626.6,2.546e-05,0x6d...e0c8,https://etherscan.io/tx/0x1827b273489999eaa15475adbb5f4f4c78c93f3b21335a02a6aa49f9c60a0cf1
2023-03-19 15:27:35,True,1.089e-05,6.118e-10,43609.9,2.668e-05,0xdf...414c,https://etherscan.io/tx/0xf8be9a5d84fbdfee163f88a144dd3eb20d0a9e31629571ad1b30d1b3be97492c
2023-03-19 15:24:35,False,1.082e-05,6.082e-10,4525284.0,0.0275,0x2b...c1f4,https://etherscan.io/tx/0x7c248648fee1fff0e7e37dd5b132245296a8a2d8c44d82274900701e82e10e80
2023-03-19 15:20:11,False,1.083e-05,6.084e-10,18076560.0,0.1099,0xe5...93aa,https://etherscan.io/tx/0x6522202982ff6c8c0cac0ca99288c50e6a7fd72755f518af0a59994244f1996a
2023-03-19 15:12:11,True,1.089e-05,6.122e-10,53206.3,3.257e-05,0x2b...5093,https://etherscan.io/tx/0xd17fda1fe5b9ad00de23f2c909728f761dac39c27a6f5120c0b61379e16cf8bd
2023-03-19 15:07:35,True,1.088e-05,6.122e-10,3909167.0,0.0239,0x91...3994,https://etherscan.io/tx/0x1dc9359a5a7bec8457d97fedeea9288bd9d4f96824518121870bc3132f3e9170
2023-03-19 15:04:59,True,1.088e-05,6.121e-10,5506432.0,0.0337,0x75...c9d2,https://etherscan.io/tx/0x86bb69cb8e80d1f60b772b0e8ce35e4dd7614cbdce705e0bce10ced54359bde5
2023-03-19 14:58:47,True,1.087e-05,6.12e-10,1432985.0,0.0087,0x33...b297,https://etherscan.io/tx/0x5f3f9c2f074f13dda1fcb1960eee0481a912297767e7614b6f8260989fa75181
2023-03-19 14:57:47,True,1.087e-05,6.12e-10,1186.79,7.263e-07,0x40...b1b6,https://etherscan.io/tx/0xa9970e2486cefdce971d653b0c6521f4cd67bbdb0459c32d5dd4468643ab584a
2023-03-19 14:57:35,True,1.087e-05,6.12e-10,55875.2,3.419e-05,0x82...2467,https://etherscan.io/tx/0xf33614d18c0a1ae7862f7f22b0fe1f6f2f17a25460d6a4e0bdaf60d3d157d06e
2023-03-19 14:56:11,True,1.087e-05,6.12e-10,720304.0,0.0044,0xaa...39bd,https://etherscan.io/tx/0x384b070683a7ecfeedc09cc3e0ed135841f29a5fb7c82bd1e11efc23fef0d30a
2023-03-19 14:52:11,False,1.08e-05,6.084e-10,6366901.0,0.0387,0x40...b1b6,https://etherscan.io/tx/0x98489007b81df4b61bcad797c370eb9f504e439b3494949816341b734f695fe3
2023-03-19 14:49:47,False,1.081e-05,6.086e-10,15104480.0,0.0919,0xed...03fc,https://etherscan.io/tx/0x99d4480bdaa813508668d7ba0441120b20a94bb30974907ff12ecca6fd771bbd
2023-03-19 14:47:11,True,1.085e-05,6.108e-10,166975951.0,1.02,0x36...3389,https://etherscan.io/tx/0x131d9d59635183b512643a50bcf88e37c3544a6d000706f51cd4ebfe1486f683
2023-03-19 14:37:23,True,1.084e-05,6.092e-10,1626913.0,0.0099,0xe2...769c,https://etherscan.io/tx/0x112cc1c0027cf29674b35badb16d089ad4f6b0f2f7434dabb82f75a9b4fce111
2023-03-19 14:31:35,True,1.084e-05,6.092e-10,1638932.0,0.0099,0x64...51dd,https://etherscan.io/tx/0x87d179732f8e45d371cb6fb7ee6bd61cb029f411b39c1e7a93665e76e9e561be
2023-03-19 14:26:47,True,1.084e-05,6.092e-10,56547.1,3.445e-05,0x2d...3bc9,https://etherscan.io/tx/0x2817acaa4a5ed274ddef89eb3cb6fd31abab0d9daba23274b75898d90c27f98f
2023-03-19 14:22:35,True,1.084e-05,6.091e-10,9289724.0,0.0565,0xb5...778c,https://etherscan.io/tx/0xfd3ae82cb57694333cf3bb1561d089bfb22d2e02c9fb93970b7be1f147c511b0
2023-03-19 14:21:11,True,1.083e-05,6.09e-10,3255173.0,0.0198,0x27...4d7e,https://etherscan.io/tx/0x40a8804e5f65ce6ccb087f71c2d09cfa159120910a6034a324362458294a627b
2023-03-19 14:18:23,True,1.083e-05,6.089e-10,1642077.0,0.01,0x9d...1ab6,https://etherscan.io/tx/0x5828d6aec9f5f2adf0e35360b703707aa903010fe966ff13bd6643d7946aae48
2023-03-19 14:13:23,True,1.082e-05,6.089e-10,3058802.0,0.0186,0x53...f3cd,https://etherscan.io/tx/0x190e1b41d8c3f3bccbd5ebbaacbfc03d0ee347d642e7069bba510c08ee3c6e3e
2023-03-19 14:13:23,False,1.075e-05,6.052e-10,635793.0,0.0038,0x4a...df04,https://etherscan.io/tx/0x75af9554416385cfd84e5c165562aadbd75c186fed0aab3690749747bddd5463
2023-03-19 14:06:23,True,1.084e-05,6.088e-10,10094377.0,0.0614,0x9c...2c34,https://etherscan.io/tx/0x40b0002e4f60b2320fcb7d2ec0ca0bc29ea4e100b320e09cb1b464a3a8f18723
2023-03-19 13:46:23,False,1.081e-05,6.06e-10,100000000.0,0.606,0x02...d641,https://etherscan.io/tx/0xe9d9e1fa9892073fa55997dc2741608bfd7b75cd7029f50a4160e0a6ea7e4d2b
2023-03-19 13:46:11,False,1.083e-05,6.07e-10,9126822.0,0.0554,0x6f...6571,https://etherscan.io/tx/0xb53cd74cb3311fe8dc7f8c0eb369b55ce4520b4e8592f9ededaffd2162908d0f
2023-03-19 13:42:35,False,1.083e-05,6.071e-10,4487762.0,0.0272,0xdf...c1dc,https://etherscan.io/tx/0x65e286e8f6d8266e2a01afd67931bedf691ec89c64ab2ce1b07fc435be88dec7
2023-03-19 13:39:47,True,1.089e-05,6.106e-10,18249819.0,0.1114,0x10...24ee,https://etherscan.io/tx/0xd05a40ad3739afaff5d0e764af5233495d98ccf4e1ada60d570f50248311195d
2023-03-19 13:36:23,True,1.088e-05,6.105e-10,1150496.0,0.007,0x12...7254,https://etherscan.io/tx/0xcc7dfc89b1d0c01710a8f6c6ebd6dbeace739c182b62190fd4391be3f1170d36
2023-03-19 13:33:35,False,1.081e-05,6.068e-10,3000000.0,0.0182,0x57...be3b,https://etherscan.io/tx/0xb33697d814a46840d6f1d0af825cffcfd36e570fdf13a5d18a5ab78a3e23e80e
2023-03-19 13:31:35,False,1.081e-05,6.069e-10,2000000.0,0.0121,0xf9...d290,https://etherscan.io/tx/0xc2ba1fd0e2dac266ed8fbbca8c8ec4bb75d794b3bce73010f37e4cb33d3e50c1
2023-03-19 13:29:35,False,1.082e-05,6.072e-10,33373570.0,0.2026,0x77...80f2,https://etherscan.io/tx/0x9b92e73a3d08ef033275bb59d635e1151a1ad2f0af7a1bfc7f716e046ef07dda
2023-03-19 13:28:35,False,1.084e-05,6.076e-10,11494261.0,0.0698,0x1b...c2a5,https://etherscan.io/tx/0xe51f04938e7e8da4f9f3f34c94f6b9d67563673d55ceeb95b05f548a362e3548
2023-03-19 13:24:11,True,1.091e-05,6.114e-10,991624.0,0.006,0x9b...2625,https://etherscan.io/tx/0x3072804a6ac1ec235c7a55d55fcd9e7641174f19713cc39349b3f4a3f5188e90
2023-03-19 13:22:35,True,1.091e-05,6.114e-10,136624.0,8.353e-05,0x52...1585,https://etherscan.io/tx/0x871a0deff845682fbe628b0b64ffd6cda239aeaeb6ee00eb61def725269fc828
2023-03-19 13:22:23,True,1.092e-05,6.114e-10,274901.0,0.0016,0xce...f348,https://etherscan.io/tx/0x7a168902e68c01f2455b3774c1745859b4df4d3b61d6f1af58c8a5229d3a0d5f
2023-03-19 13:20:47,False,1.084e-05,6.078e-10,5898012.0,0.0358,0xe1...566c,https://etherscan.io/tx/0x9fb4a9b34b3e21314f2c75775c5da01c3105476892d6cb10c582fb2a552eb674
2023-03-19 13:04:59,True,1.091e-05,6.115e-10,70174.1,4.291e-05,0x48...ca6e,https://etherscan.io/tx/0x5c51a590c693337b3c81c72ed428b4691cd46b644569c5bdf03687699d3756aa
2023-03-19 13:03:23,True,1.091e-05,6.114e-10,11241746.0,0.0687,0x1a...523e,https://etherscan.io/tx/0xf3ce454b66274975bdc83d8a78297259e9eb2e01be41c1df55f73d7b8db39424
2023-03-19 13:02:35,True,1.091e-05,6.113e-10,76887.4,4.7e-05,0xc2...7e25,https://etherscan.io/tx/0xc47ae5019a78031d7296d2cf2ae56934bc75b0289e741636d134de8736370be1
2023-03-19 13:01:47,True,1.091e-05,6.113e-10,377489.0,0.0023,0x7e...70a4,https://etherscan.io/tx/0xc9f009910e66aa7d20c8363327a730d97fdd16b89a1dc82270e9b12bee0295bc
2023-03-19 12:58:47,True,1.091e-05,6.112e-10,78812.3,4.817e-05,0x4b...9f1f,https://etherscan.io/tx/0x4c042d9543d3f34aae95c6f3e69f18c40ccdbcd03b01aed7edd56734a78a86da
2023-03-19 12:54:11,True,1.089e-05,6.112e-10,3162184.0,0.0193,0xd5...1714,https://etherscan.io/tx/0xa5a12632b157d9b9aab0f4143744d91a79b0b9292047d4e32d2c9f33eb36654a
2023-03-19 12:41:23,True,1.085e-05,6.112e-10,567604.0,0.0034,0x39...866d,https://etherscan.io/tx/0x69a85c6044f53924842a517950e4fe27953bdc16f27167546488c848ff429809
2023-03-19 12:37:59,True,1.085e-05,6.112e-10,85412.7,5.22e-05,0x6d...e0c8,https://etherscan.io/tx/0x48c6612a6058873c14268662ac9b0cdc58290328d651b5ed6f675e3e11c289bb
2023-03-19 12:36:23,True,1.084e-05,6.112e-10,89663.6,5.48e-05,0xc7...ecc2,https://etherscan.io/tx/0x3d0c84c3a08efac3ff63c91d5e36cd5391fa783fe2beaf7a70a6e92b54f5f529
2023-03-19 12:34:47,True,1.083e-05,6.106e-10,58732991.0,0.3586,0xa1...546f,https://etherscan.io/tx/0x88ebcef5424706a26cd5f61afe75dc01dc9b45ca6dfce695ecd4d659b02291bb
2023-03-19 12:28:59,False,1.076e-05,6.065e-10,9466357.0,0.0574,0x00...5e6f,https://etherscan.io/tx/0x6e542f495d814f58cf539a5f664989662391054fd1900fce7fc866556e1ae57f
2023-03-19 12:28:47,False,1.076e-05,6.07e-10,44207215.0,0.2683,0x7d...730d,https://etherscan.io/tx/0xae243cb49ee7dc989e1ce4dede0ab6cffda3938f04f05d0e30f2271393946f9a
2023-03-19 12:21:47,True,1.084e-05,6.11e-10,10058026.0,0.0614,0x09...88ad,https://etherscan.io/tx/0x584eb74e9f7f42a80b1030fe72f2ad19bc70ddff6b1ad5d905192dea518e2987
2023-03-19 12:18:23,True,1.082e-05,6.107e-10,18298717.0,0.1117,0x7d...29e0,https://etherscan.io/tx/0x43976d0e222acac3a0233a1bd03fe8519baf812b080ad37e3bccba44631fd02e
2023-03-19 12:14:23,True,1.081e-05,6.105e-10,542225.0,0.0033,0x5c...efb7,https://etherscan.io/tx/0x95f3d2af3e834b94cb055bcc8d8c788ffc1843e7bce81492df311e913c62776a
2023-03-19 12:12:47,True,1.081e-05,6.104e-10,9255027.0,0.0565,0x7b...06f4,https://etherscan.io/tx/0xacd15ec131cd0e05447efc820fe262ebc165d35cbc3786c93fbe2d9c68a25c3e
2023-03-19 12:06:11,False,1.074e-05,6.068e-10,8128310.0,0.0493,0xa2...9001,https://etherscan.io/tx/0xc7cca9fa4b03c04aa73e2fb3f06c1655ebbc2e7c728ada754b7d60081987682c
2023-03-19 12:02:47,False,1.077e-05,6.07e-10,13951794.0,0.0846,0x3e...6cad,https://etherscan.io/tx/0x62707b9cd9a75d5f76e333699942b6831637522029bff1df9e39b384ffa36542
2023-03-19 12:01:35,False,1.077e-05,6.072e-10,7490103.0,0.0454,0xd2...f329,https://etherscan.io/tx/0x994afd2d38a178d7f83f4fc62af9de4d8909ce718866c6269868a0f749c499f0
2023-03-19 11:59:59,True,1.084e-05,6.109e-10,902714.0,0.0055,0x82...9b55,https://etherscan.io/tx/0x2539e7d4f6ef65353328a433c146e299af42a412eb219145a8bed40bd6cb16d8
2023-03-19 11:59:35,True,1.084e-05,6.107e-10,15836786.0,0.0967,0x53...85a1,https://etherscan.io/tx/0x8c9f3c6c237f94bf59dcc91d0d0d96c8aa122d68448dcee1c074d92efc628d89
2023-03-19 11:55:11,False,1.076e-05,6.07e-10,8472298.0,0.0514,0xd1...be8f,https://etherscan.io/tx/0x478f33b424524593b8ce27b1c13659a5569d0464a62d1ebca390d0dc69f5b6a7
2023-03-19 11:49:35,False,1.078e-05,6.071e-10,1944306.0,0.0118,0x46...86c5,https://etherscan.io/tx/0x4d5bbcc34cd7ca6ef6dedd60dad3efef8d95a7e0b88b52c4d06ec14ae70f37ff
2023-03-19 11:47:11,True,1.085e-05,6.108e-10,92257.2,5.635e-05,0xc2...7e25,https://etherscan.io/tx/0xe33f1f0c40cdacb7a51de654c25c4898ef1b8425de6eebade6b8ee1616ed8719
2023-03-19 11:42:47,True,1.085e-05,6.108e-10,94251.2,5.757e-05,0xf0...c54c,https://etherscan.io/tx/0x350d950cb9135914225238f99221f58999fc484a182ab6ca88076f2e1037a9e2
2023-03-19 11:35:11,True,1.085e-05,6.108e-10,2010677.0,0.0122,0x00...9a5c,https://etherscan.io/tx/0x76854e25da94b6836c9b8500041d1e4366c9026b4f9764fb5258f38c7914866e
2023-03-19 11:33:59,True,1.079e-05,6.077e-10,321446489.0,1.95369,0xff...e331,https://etherscan.io/tx/0xa8eb5bb689891f9573a29d65d083dfc86e1776b63e57e43ae4e0db21449bd2ea
2023-03-19 11:33:59,False,1.053e-05,5.928e-10,387754803.0,2.29881,0x09...a38a,https://etherscan.io/tx/0x3afd6bc8e76d2d4c485817c9e7a2b6626b88b0f56bc925d841ea1b9dbbf29be2
2023-03-19 11:33:23,True,1.087e-05,6.119e-10,2008527.0,0.0122,0xba...f266,https://etherscan.io/tx/0x55f50abf4d42677fc49f53fa9de02fd891228063b6eb9b2dce737996fc2c34b2
2023-03-19 11:28:23,False,1.08e-05,6.083e-10,7197507.0,0.0437,0x47...e90e,https://etherscan.io/tx/0x7be5067e4b8de7b1aa7d2b460eb8a336c366ead0357e3813fad8c8636c22c141
2023-03-19 11:27:11,True,1.087e-05,6.12e-10,94840.5,5.805e-05,0xf9...47a1,https://etherscan.io/tx/0x8f9230e791f7b7add8d07a8396f44eed13b0ecc74ab5c476ef6364be466e0c05
2023-03-19 11:26:11,True,1.087e-05,6.12e-10,6444073.0,0.0394,0x1a...d61a,https://etherscan.io/tx/0x92a00a62c7ebc610a1b2040f6eca765ad47f1d2625ca577ae1d6f3f7d01b3f01
2023-03-19 11:19:59,True,1.085e-05,6.119e-10,1008027.0,0.0061,0xeb...a094,https://etherscan.io/tx/0x6ec899fc3f822af70d38b1f2b709c325d815d1f5280da6b276427fa5f3604da1
2023-03-19 11:13:11,True,1.086e-05,6.119e-10,2915859.0,0.0178,0x4a...d8d0,https://etherscan.io/tx/0xba88633d2a64d60833a9b6ea1844c01beafdc7b20b5fedb1acee7c071feb23e1
2023-03-19 10:33:47,True,1.083e-05,6.114e-10,49884077.0,0.305,0x9f...40bd,https://etherscan.io/tx/0x7c896c34b8b558908fc7eca264835a15ced41fc400d5a03ca4d5702a73fd2626
2023-03-19 10:33:23,True,1.081e-05,6.104e-10,49832722.0,0.3042,0xa8...6aba,https://etherscan.io/tx/0x5588967c3b97ca850e07baa8e6858b7d00f81d2fa9311b6b6176c905a87dc958
2023-03-19 10:32:35,True,1.08e-05,6.1e-10,147540.0,9e-05,0x5a...099a,https://etherscan.io/tx/0xc0322660a92ca12257ec70ede89bb87aacef4679ca629d0024e37e735d463210
2023-03-19 10:23:35,False,1.076e-05,6.074e-10,120000000.0,0.7289,0xf0...7ba7,https://etherscan.io/tx/0x2c0ad136cdb496067ca3ecd588cc29d540da130260ea3f10b6ba54d3a0e148e2
2023-03-19 10:22:23,True,1.084e-05,6.122e-10,452338.0,0.0027,0x4e...2608,https://etherscan.io/tx/0xc98e2a85d6d85ae23126e47d5e58f6af978c10c1282ffed2af473d18752c5ad9
2023-03-19 10:13:35,False,1.079e-05,6.086e-10,6193382.0,0.0377,0x4f...882f,https://etherscan.io/tx/0x8e8de03b5378e42635bea5168eef7dfc35665e273c4faab11a75f14ba16bab9d
2023-03-19 10:10:59,True,1.083e-05,6.109e-10,149677309.0,0.9144,0x1c...775a,https://etherscan.io/tx/0x089f3ad93a3dd094c261c41f152eef46b322946d9f2d76d09d05a121fb348e10
2023-03-19 10:00:23,True,1.08e-05,6.095e-10,125578.0,7.654e-05,0x55...4afb,https://etherscan.io/tx/0x56be80139db45893ec3826c6c2ad582bb1466e0b3b7b76559e741c9435d83dd4
2023-03-19 09:59:59,False,1.075e-05,6.063e-10,50349770.0,0.3053,0x3e...c75d,https://etherscan.io/tx/0xe72e927fd97c061a7b9b586eb89b82c4e67a1ae17ad7356b5f964e7decb69dba
2023-03-19 09:59:11,True,1.082e-05,6.102e-10,30000000.0,0.183,0xf7...78a2,https://etherscan.io/tx/0x7f978edfff4479399d2b689c6b0c09fa1097b686dfaa2d84d9d8845dd229b395
2023-03-19 09:52:59,False,1.079e-05,6.072e-10,100000000.0,0.6072,0xb9...023f,https://etherscan.io/tx/0xaf902233ccb3ad560dce978e914505b671386e55bc0a27277103b7c7a67f4d6d
2023-03-19 09:52:47,True,1.087e-05,6.118e-10,104820.0,6.412e-05,0xc2...7e25,https://etherscan.io/tx/0xda1f99c1e875fa9ad9ef0c0bb1618fb54672b1fcbf1e256838f8dfa0978dc66c
2023-03-19 09:47:23,True,1.087e-05,6.117e-10,724936.0,0.0044,0x17...3ebf,https://etherscan.io/tx/0x3596f76c40cf25c7aa7426af74f88cede13b76de0aa78b2107d439bfafe048b8
2023-03-19 09:46:59,True,1.087e-05,6.117e-10,995316.0,0.006,0x90...8fe5,https://etherscan.io/tx/0x2d6c2c76281800aca566848af00530237f7eb861a591372c35e7a071bd4d7787
2023-03-19 09:46:59,False,1.08e-05,6.082e-10,11491769.0,0.0698,0x00...f881,https://etherscan.io/tx/0x4a0a636fa6abf1c7d573f5d72d997af20c24dceec9d5fbc8f2d15ff999f2edca
2023-03-19 09:45:59,False,1.081e-05,6.083e-10,8274745.0,0.0503,0xa8...4b7d,https://etherscan.io/tx/0xe85f009fbad9fe1b988e652b1e333da0016f89ce59106c7b1c8e07592be172b8
2023-03-19 09:43:59,True,1.087e-05,6.121e-10,161932.0,9.912e-05,0x04...6a02,https://etherscan.io/tx/0x796abb8227b4db55eeedf73d081f0e43796d1deee03e29f82647ff8ad8084f31
2023-03-19 09:43:35,True,1.087e-05,6.12e-10,8152805.0,0.0499,0x3a...f12c,https://etherscan.io/tx/0x790df3b732769a81648308172e4ac5a828278464eb1b2f8b1567d6bb4e341115
2023-03-19 09:41:11,True,1.087e-05,6.119e-10,47340.6,2.897e-05,0xc2...cc75,https://etherscan.io/tx/0xe21194c4c13b95d28fa703746e84f85ffd4e9366b8f37902855c6d7311d05568
2023-03-19 09:40:23,True,1.087e-05,6.119e-10,1270845.0,0.0077,0x1f...09b4,https://etherscan.io/tx/0x5e4f3a86f5a5b2a79e3c3209087e6585471e367d19536267bc0164842c3ad242
2023-03-19 09:37:23,True,1.088e-05,6.119e-10,1483295.0,0.009,0x00...f881,https://etherscan.io/tx/0x9d58e78820fbfcbc20c749ab91863694137e833d1570296f5f0c24f9bc081f45
2023-03-19 09:35:59,True,1.088e-05,6.119e-10,1447782.0,0.0088,0x8d...6b83,https://etherscan.io/tx/0xb70290b256b1a7811fa91f89c9d170bf579531b5e3b690181d866c527ad48b3d
2023-03-19 09:29:23,False,1.081e-05,6.082e-10,1150000.0,0.0069,0x3d...37c8,https://etherscan.io/tx/0xb44a0a57497c49e47d467751db37c6b063a740d81d4a08ceec3a49bfbeef4be2
2023-03-19 09:24:23,True,1.086e-05,6.111e-10,81812910.0,0.5,0xa4...9319,https://etherscan.io/tx/0xd8c0f511f13653df8b36ea093d7001e735c2da47dbb356acda897f6c396533fc
2023-03-19 09:24:11,True,1.084e-05,6.1e-10,36106412.0,0.2202,0x35...8016,https://etherscan.io/tx/0xc87434069c3f60d40ce59a4b1afbb5e713570a243dc5cd8eeea184b4b693bdec
2023-03-19 09:21:35,True,1.08e-05,6.084e-10,136182848.0,0.8285,0x00...3ccd,https://etherscan.io/tx/0x1009e4600dc858eeb61a7583df06f6d46c2feaae30e24d284af173dab522ac9d
2023-03-19 09:14:47,False,1.068e-05,6.035e-10,3196935.0,0.0192,0x8a...f7b9,https://etherscan.io/tx/0xb9a5d895915415977f4cad34a0e757fa9197dfad81dfbaf3902bb8cb22387762
2023-03-19 09:10:23,False,1.07e-05,6.04e-10,53621251.0,0.3239,0x8a...f7b9,https://etherscan.io/tx/0x1d7da4431313d945a4ee469657eb1b04bad44dd399f61bbff1788193730837da
2023-03-19 09:03:47,True,1.079e-05,6.08e-10,15201816.0,0.0924,0xd1...c9b5,https://etherscan.io/tx/0xf97b1b9c088259abd048b399b4bafcbbac15c358e1d9073cbe9eb75a0ab371c8
2023-03-19 08:53:59,True,1.077e-05,6.079e-10,1630588.0,0.0099,0x9f...84cf,https://etherscan.io/tx/0xd0253dfeb52d74a0782fa9e8dd5d42e16bd1134e4dd1279c959b29c5a8a94c9b
2023-03-19 08:48:35,False,1.071e-05,6.044e-10,20000000.0,0.1208,0x42...9dc0,https://etherscan.io/tx/0x13a121b26d19176054532cc5d0cbee11ef9cad9fde524edb720da9b49f5c0618
2023-03-19 08:43:59,False,1.073e-05,6.055e-10,100000000.0,0.6055,0x0f...7fa1,https://etherscan.io/tx/0x2dfe77b02f0583cda318e57b2483c54f48ae509ed9abe912308afeb9978923df
2023-03-19 08:42:11,False,1.075e-05,6.065e-10,8543284.0,0.0518,0x93...1dc4,https://etherscan.io/tx/0x339aaa2822afcf4839ff1b388c5bce70bb4a4ddfc4101d7ac4f84de3950b5abe
2023-03-19 08:40:23,False,1.076e-05,6.073e-10,80000000.0,0.4859,0x0b...9e52,https://etherscan.io/tx/0xcd26243389b18d5f87f2b55004b1b63ac65ad28f0d54208925893c91ad892b2b
2023-03-19 08:38:35,False,1.078e-05,6.081e-10,163451.0,9.94e-05,0x74...a49f,https://etherscan.io/tx/0xb0e5d8a92185225b807ca7da45b5aa9d762d8e1e2a30f5717835eff9fe51d59b
2023-03-19 08:21:23,True,1.083e-05,6.118e-10,163451.0,0.001,0x74...a49f,https://etherscan.io/tx/0x687a5d14477a10c6e7e256f293565aa78692adf4f87aa41c3048df88f9138838
2023-03-19 08:10:59,False,1.072e-05,6.082e-10,11513777.0,0.07,0x0b...794b,https://etherscan.io/tx/0x72c5c3e05988f948d33a8d18543db085c2ff1a5b9db799fc690735085be983c0
2023-03-19 08:07:23,True,1.08e-05,6.12e-10,1774166.0,0.0108,0xb1...3d4c,https://etherscan.io/tx/0x1fae37c1cc91e1783b581e01b7c66fd22df99a8c18cdc32a7aa5ade9656acf58
2023-03-19 08:06:35,False,1.075e-05,6.084e-10,18230294.0,0.1109,0xb8...c17f,https://etherscan.io/tx/0x6596f247b46df73ea9827509f6d68b3f7a0c89b068b2731a8251f1d1344aa49f
2023-03-19 08:05:47,True,1.081e-05,6.121e-10,17895349.0,0.1095,0xb1...3d4c,https://etherscan.io/tx/0x4a7118cad125a144ffc5037857803dd145a9e7086679a2e8f8b6b50477efbfd3
2023-03-19 08:04:11,False,1.076e-05,6.084e-10,13727097.0,0.0835,0x0a...1808,https://etherscan.io/tx/0xe7f043a9077a60e4662800b45471ac81a47f292c36780be3a04a8ff804d97687
2023-03-19 07:57:23,False,1.077e-05,6.088e-10,29160665.0,0.1775,0x47...8e2e,https://etherscan.io/tx/0xc90d8e11c96e1fcd5369defccc33331269c0fe8ee7f9782597497e8d1951b05e
2023-03-19 07:56:47,True,1.084e-05,6.127e-10,2200766.0,0.0134,0x9e...9216,https://etherscan.io/tx/0x81f3cb66d26757b42a232c689e6ef40617641c02035b8a9b6bef2c653a4b8341
2023-03-19 07:56:47,False,1.079e-05,6.099e-10,87825034.0,0.5356,0x7e...61d8,https://etherscan.io/tx/0x9c6aff79a6ebb6bc3b4cfe1b96102611ccc78e6fcbc683e0ebec34894a87eea3
2023-03-19 07:54:47,True,1.087e-05,6.141e-10,25823258.0,0.1586,0x8d...9bba,https://etherscan.io/tx/0x5817174f6d94c35e643b6444a2734c9c4686aab43351e00737770c121827741c
2023-03-19 07:49:11,True,1.085e-05,6.138e-10,8073997.0,0.0495,0x8d...9bba,https://etherscan.io/tx/0xb9c8c3111c9a0e7bb105560388230037a9783dcb6de5020a10ef08b24bd4a882
2023-03-19 07:46:35,True,1.085e-05,6.133e-10,48486406.0,0.2973,0x8d...9bba,https://etherscan.io/tx/0x0e477ed79ef53c6ea3baf04fda29c743a675915426d481114fb82a2debfd4da4
2023-03-19 07:44:11,False,1.079e-05,6.094e-10,27135622.0,0.1653,0x67...b932,https://etherscan.io/tx/0xc45f036e11a6d5363fc1a5ac33b3823f573e15ba96ff270c6de3b00165bc3150
2023-03-19 07:41:23,True,1.087e-05,6.133e-10,1616112.0,0.0099,0x8d...9bba,https://etherscan.io/tx/0x16686d490a91a6b2ee1cb0939e17022773b92e9260365c9a2cb4d90e1f6bd74d
2023-03-19 07:41:23,False,1.08e-05,6.096e-10,1518953.0,0.0092,0xbd...c575,https://etherscan.io/tx/0x9bef71436677579c5b4e471fac7c1be7fd63e753686af7e615de19e2dabe65be
2023-03-19 07:37:11,True,1.087e-05,6.133e-10,65279.8,4.004e-05,0x59...23e9,https://etherscan.io/tx/0xe69b5f71ec8b5318bc56f4ada78e4f620f445da77d6534f1b73371f3fd9773dd
2023-03-19 07:33:23,True,1.086e-05,6.133e-10,227870.0,0.0014,0xc2...cc75,https://etherscan.io/tx/0x624ab887600af12dd55a25d4ac91884b7bba8550a6c4f9f8ce71f4fa55d9714b
2023-03-19 07:30:11,True,1.087e-05,6.133e-10,625503.0,0.0038,0x8e...b6f8,https://etherscan.io/tx/0x3312e2740583c91308328c9fb4f1bf7eb7f352ceebcee9647652d790f52067cc
2023-03-19 07:12:59,True,1.089e-05,6.133e-10,652162.0,0.004,0x29...1aaf,https://etherscan.io/tx/0x9cfce6a8a181a2e1eb64d750a44cce64af2f01442f65d33fe6ceba572d0c4be9
2023-03-19 07:12:23,True,1.09e-05,6.133e-10,194207.0,0.0011,0x0b...3ae0,https://etherscan.io/tx/0x672c452be08f1694a68c11a0cdcdc366148c4ff8f64a2b068ee0a9216ed8e563
2023-03-19 07:08:11,False,1.083e-05,6.096e-10,3098144.0,0.0188,0x6a...de80,https://etherscan.io/tx/0xa5e02040c3d1ace8707bc5488944b0dd230101a9a4d23649b41271195f374259
2023-03-19 07:05:35,False,1.084e-05,6.097e-10,8000000.0,0.0487,0x42...bde5,https://etherscan.io/tx/0x258f19e4f6e2b5076e67ed05ce799b279398bf5b38b55357816770b757c73ec3
2023-03-19 06:57:23,False,1.084e-05,6.099e-10,5694564.0,0.0347,0x57...a5c2,https://etherscan.io/tx/0xb2a0e967a0514d816db15191707d85ef1bd02aa8cf2a22f81238890ccbf195e8
2023-03-19 06:51:59,True,1.09e-05,6.136e-10,5175048.0,0.0317,0xb2...ef25,https://etherscan.io/tx/0xbedda2b530640be6fc52001dfbd4d506710271c3fe912df7e40bfea2d7b71339
2023-03-19 06:47:11,True,1.091e-05,6.135e-10,286911.0,0.0017,0xbc...e87f,https://etherscan.io/tx/0x67da6426aeee6247ba0ca43a4c1157b37e522d4c3858e62c53a947086984a4a0
2023-03-19 06:42:23,True,1.092e-05,6.134e-10,6566393.0,0.0402,0x5c...67b0,https://etherscan.io/tx/0x07cc8094e24b2f25bd19613d108548fbcd774a0ef4c93affe15b151a0e53f9ba
2023-03-19 06:39:59,True,1.092e-05,6.134e-10,1623285.0,0.0099,0x74...d309,https://etherscan.io/tx/0x840150bf85376295256dda8cfd02fd723caaaaf50cc11d5aece60bf6b548f1f8
2023-03-19 06:36:11,True,1.092e-05,6.133e-10,1525598.0,0.0093,0xf9...8caa,https://etherscan.io/tx/0x905557b28f3521e711e7e6ff964dcf194f466ea3b55487390b7d13e81aa5ff45
2023-03-19 06:35:59,True,1.092e-05,6.133e-10,2206368.0,0.0135,0x3c...4bb7,https://etherscan.io/tx/0xb9669ebae9273814a10415d55da0273b8db9e4583733d1ce626acf7ad6722aca
2023-03-19 06:35:23,True,1.091e-05,6.133e-10,2284642.0,0.014,0x0a...e8fc,https://etherscan.io/tx/0xfc89bfe9b5a3b8cf7f39500e1c1a4137968bc53a65990ad2a2a4399d166fc15a
2023-03-19 06:32:59,True,1.091e-05,6.132e-10,6522973.0,0.04,0x00...b9d8,https://etherscan.io/tx/0xa5683ea0bd8c7eccd0c1289f8baa1d5affe0dc251e5d4fcdc79ba59443f374c4
2023-03-19 06:29:59,False,1.085e-05,6.102e-10,76982818.0,0.4697,0x9f...568d,https://etherscan.io/tx/0x54f8edca90a935e27ea09e027e8e55889babcf9818ba55ac3753cda2dbd237d8
2023-03-19 05:56:59,True,1.093e-05,6.146e-10,11238.0,6.907e-06,0xf3...cc5f,https://etherscan.io/tx/0x365ec252ff5f49d2fbecd6abf38e39fe3156d571558a0997f25a9b33116a832d
2023-03-19 05:54:47,False,1.086e-05,6.109e-10,2500000.0,0.0152,0xf4...6d73,https://etherscan.io/tx/0xf84357a282248079c2ea29f4ff5bfe0ee8c4973d50bb79b95bd21f537484c66c
2023-03-19 05:53:59,False,1.086e-05,6.11e-10,2989239.0,0.0182,0x0e...85a0,https://etherscan.io/tx/0x3a0acaa3c44d586202708e1703c81901ef176e00e7978fd93fd7abd37f051c12
2023-03-19 05:51:47,True,1.093e-05,6.147e-10,406334.0,0.0025,0x15...a90d,https://etherscan.io/tx/0x24e313884d39ef246ac0904ca4151fb40d7647f05eca4b2ea226498ff0ad34ae
2023-03-19 05:48:23,True,1.093e-05,6.146e-10,7946141.0,0.0488,0x10...34e4,https://etherscan.io/tx/0xe83d445e59aa47fc6122fe5624ea510696a6556777de4c10dc36511a8d510b49
2023-03-19 05:44:47,True,1.093e-05,6.145e-10,65993.3,4.055e-05,0xc2...a83c,https://etherscan.io/tx/0xd6ebf7e338d01cf16ee7478a27fde16814d30615014cac5a77b9a23c3a5c42bc
2023-03-19 05:40:35,False,1.087e-05,6.111e-10,25000000.0,0.1527,0xf2...eef2,https://etherscan.io/tx/0x4613ca1ee3e62d91691e78cf69dd8c0135cc2ccaa3fbf45cd3b865214bb1fdaa
2023-03-19 05:37:59,True,1.094e-05,6.149e-10,13435375.0,0.0826,0x09...ddc7,https://etherscan.io/tx/0x9995003952a4cddd0b73cbe41430b4ab16a11ee4ef603175f0bc70d2221c8dbf
2023-03-19 05:32:35,True,1.092e-05,6.144e-10,31652310.0,0.1945,0x91...e306,https://etherscan.io/tx/0x4681b9c7a8fa840a0f50cb2d6ea197503d0b6c659eea502456ac26d98035b874
2023-03-19 05:32:11,True,1.091e-05,6.14e-10,9685200.0,0.0594,0xf6...3b59,https://etherscan.io/tx/0x15ba3148b8dc8b552cfaded68221b555385f08e2af8561f2d641812a76456c9b
2023-03-19 05:27:47,True,1.091e-05,6.139e-10,237201.0,0.0014,0x05...09df,https://etherscan.io/tx/0x419ffbc4f410ea8f02ee50df4b3ae014104b63e1e88087156cf80290d2570211
2023-03-19 05:25:59,False,1.084e-05,6.103e-10,2834521.0,0.0173,0x93...1dc4,https://etherscan.io/tx/0x7774f923663435f0651adc9049f2115f50d84ba846e76b83fd9cf45453480395
2023-03-19 05:25:59,True,1.091e-05,6.14e-10,315596.0,0.0019,0x0a...3cd7,https://etherscan.io/tx/0x3e7e81d2080c6aa8b01425c3e364e931ac8e3272580bb3b7085816e2a1c65391
2023-03-19 05:22:47,True,1.091e-05,6.14e-10,903106.0,0.0055,0x6f...41e0,https://etherscan.io/tx/0xc098fc94195546664031800147abc5271808fae0d728cb3f9700da53272682cc
2023-03-19 05:17:11,True,1.094e-05,6.14e-10,309833.0,0.0019,0x39...9f8d,https://etherscan.io/tx/0x7104d6cefade947d84011d9d154ecdcf1ead032d3ba0795afab069a2946fdb07
2023-03-19 05:16:47,True,1.094e-05,6.14e-10,67227.5,4.127e-05,0x15...bbd9,https://etherscan.io/tx/0x81a4845acec3d57f8e412995f2f744b892da678482d7bfd802b0b492bff8dced
2023-03-19 05:16:47,True,1.089e-05,6.114e-10,267346825.0,1.63476,0x19...eff0,https://etherscan.io/tx/0xd18a94606e97b6fef0a0bf1bd78598a38c961b51bb652d9299fe48d9edfe18e7
2023-03-19 05:16:47,False,1.078e-05,6.053e-10,625000.0,0.0037,0x87...1eae,https://etherscan.io/tx/0x348338b23735111118d78c1961b9d60157ecb3c0a4b7f55277feccaa9038c74e
2023-03-19 05:16:47,False,1.078e-05,6.053e-10,625000.0,0.0037,0x87...1eae,https://etherscan.io/tx/0x348338b23735111118d78c1961b9d60157ecb3c0a4b7f55277feccaa9038c74e
2023-03-19 05:16:47,False,1.082e-05,6.076e-10,248750000.0,1.51156,0x87...1eae,https://etherscan.io/tx/0x348338b23735111118d78c1961b9d60157ecb3c0a4b7f55277feccaa9038c74e
2023-03-19 05:07:11,False,1.088e-05,6.1e-10,6852907.0,0.0418,0x93...1dc4,https://etherscan.io/tx/0x19a4263f2dfa8bb71ab46f60e09c29771e56f0ce419bede2a218e857a700ac85
2023-03-19 05:01:11,False,1.087e-05,6.102e-10,14170302.0,0.0864,0x93...1dc4,https://etherscan.io/tx/0x409f7114c916185f10ec8c8bcd381fa2a913dab3d3ff079b634bcdfb00908d12
2023-03-19 04:55:35,True,1.094e-05,6.139e-10,14597544.0,0.0896,0xe4...a5dc,https://etherscan.io/tx/0xdabacef3e47eccffd99ab4db2120b221b4866d64048e849d449a4b1cead32fe4
2023-03-19 04:47:59,True,1.09e-05,6.136e-10,15107447.0,0.0927,0xe3...306c,https://etherscan.io/tx/0x0d3692c767cb4e54b32ec8cab2eeb9f0367de8c3a44067f1b8b1c6cacab9ab2c
2023-03-19 04:41:47,True,1.09e-05,6.134e-10,4033281.0,0.0247,0x01...2f4a,https://etherscan.io/tx/0x17ee455cbfd2d89a09b9c165020589a89fe1b29d14fbbdc26b401c667fc407c6
2023-03-19 04:38:11,True,1.089e-05,6.134e-10,1191204.0,0.0073,0x2b...161b,https://etherscan.io/tx/0x69e32eb9cc5d2a9cc99b7ccc2fbb600a382ea4b2031bea5597ca2869c2d4f6e9
2023-03-19 04:34:47,True,1.089e-05,6.133e-10,71807.8,4.404e-05,0xc2...7e25,https://etherscan.io/tx/0xad86757e4a744c3f0594b2b3f77fe02f921115d0768eb99dd026cec1429bfdb6
2023-03-19 04:24:11,True,1.09e-05,6.132e-10,14708923.0,0.0902,0x83...55d9,https://etherscan.io/tx/0xfc1b1397fbf46b423e420a5325c52c11119deb3c8dca4a2c764a5f94c3cdc281
2023-03-19 04:20:59,True,1.091e-05,6.131e-10,61568.8,3.774e-05,0xa6...6120,https://etherscan.io/tx/0x44a9ec7726dff9ed3b701a87e7650264f9544194cc9684bec38f51c668c12f00
2023-03-19 04:18:47,False,1.084e-05,6.094e-10,647942.0,0.0039,0xe1...73eb,https://etherscan.io/tx/0x6fd0cba3108017a77d05f97fb17e963f45873fea1922f2ba2db0d0b0e97ebf46
2023-03-19 04:15:23,False,1.084e-05,6.099e-10,54041077.0,0.3296,0x7c...27d4,https://etherscan.io/tx/0x7c4f6bc25bb31495ade43e4354ea4f689a3241ca667de26d5af73f4f8340bf19
2023-03-19 04:11:59,True,1.091e-05,6.141e-10,733098.0,0.0045,0xf3...cc5f,https://etherscan.io/tx/0xbe84bfc1f813f9656a7ffbb1664854b513fcca9bc705ea4561605c2732d3571d
2023-03-19 04:11:47,True,1.091e-05,6.141e-10,73284.7,4.5e-05,0x84...4dee,https://etherscan.io/tx/0x69067bde4871190761fad01670bd0b7f12e49d605f8b8954a42216e5eb43e248
2023-03-19 04:06:59,True,1.091e-05,6.14e-10,4842518.0,0.0297,0xcd...fc25,https://etherscan.io/tx/0x9c046159309267cd3c8fd9b21703a4d40057e345178c9272caae7b97ab8c873d
2023-03-19 04:04:35,False,1.084e-05,6.104e-10,6680610.0,0.0407,0xd7...a3b2,https://etherscan.io/tx/0xf67506a8544198fe0e33c2ca9532a56f0941a22dde69a36d3ccd1fed2d1ac427
2023-03-19 04:03:11,False,1.086e-05,6.111e-10,69335268.0,0.4237,0x82...c2be,https://etherscan.io/tx/0x35e3ca907a830209d6ae577a3b533aafca0ceb17faa5afa083fd0e152a5623ed
2023-03-19 03:56:47,False,1.087e-05,6.119e-10,19649700.0,0.1202,0xbe...8f6c,https://etherscan.io/tx/0x7dfa2c8d7c6d576a07e9a5edae0d53ec181f43f30c1362d3600ab2204feba76b
2023-03-19 03:56:23,True,1.094e-05,6.157e-10,6489276.0,0.0399,0xd7...a3b2,https://etherscan.io/tx/0x94c3ba6efd86c76012efa668b54e30b7a7545d07acb9463040d3388a0f5b7761
2023-03-19 03:47:23,True,1.095e-05,6.156e-10,9641874.0,0.0593,0x81...f84e,https://etherscan.io/tx/0x75e6749e493be2456b00fb61679c786af25615217558160a81c7e578e7712aa6
2023-03-19 03:43:23,True,1.094e-05,6.155e-10,82049.2,5.05e-05,0x69...be9b,https://etherscan.io/tx/0xfdd3877634637fecdc968f5ce615175e339709f0e2728d530d59156d9e4edc7e
2023-03-19 03:34:59,False,1.09e-05,6.118e-10,54201.6,3.316e-05,0x91...bd89,https://etherscan.io/tx/0x99008a2e4d7c1fc1f717617c53a6137d1fd85dc7f8ebbe46b8e8e54adffbc185
2023-03-19 03:34:59,True,1.097e-05,6.155e-10,2813400.0,0.0173,0x8a...9a0e,https://etherscan.io/tx/0xedcc7aceea2799940121c107d49ac601b41b3aae226460c2b69b379ec3c543a8
2023-03-19 03:24:23,True,1.094e-05,6.154e-10,510235.0,0.0031,0x96...058e,https://etherscan.io/tx/0xbca9bb264ae3043a7d035a8f831e769d51d142d8d4c8d2f22ccd3c63f06d9886
2023-03-19 03:24:11,True,1.093e-05,6.154e-10,943827.0,0.0058,0x08...0082,https://etherscan.io/tx/0x8a67b43dcf8d7e5f7528ebfa217a8f08e5021a1fa5302f642b5ba4e8c8735cc1
2023-03-19 03:21:23,False,1.086e-05,6.118e-10,8629519.0,0.0528,0xcd...56b9,https://etherscan.io/tx/0x4e4e1aa26c4d11a7025b6b32dd0cdf6bd8f32d26f73f0f13b263a349fae256e6
2023-03-19 03:17:11,True,1.094e-05,6.156e-10,83777.3,5.157e-05,0x43...eac0,https://etherscan.io/tx/0x7c7603d2a9977ebcde1f52496d059f7670205d20f8b86ef9e852cc09698c9b30
2023-03-19 03:14:35,True,1.094e-05,6.156e-10,86611.7,5.332e-05,0x6c...a659,https://etherscan.io/tx/0x91ce1c6fece795cbc6a8a0ee4b28c10fe61bd5ce195b3b0467e9e4540a8aa1c5
2023-03-19 03:13:23,False,1.087e-05,6.119e-10,2610439.0,0.0159,0x0f...aba4,https://etherscan.io/tx/0x0df5b1580d5901c98cae2dd3aa45c026030383a71056ad8dc4cb70a4a83def4f
2023-03-19 03:07:11,False,1.089e-05,6.122e-10,26865700.0,0.1644,0xfb...303c,https://etherscan.io/tx/0x1a321eb3e39c88fc96203d4cf8e72222048df45d03acae7d7020cb63d679fd09
2023-03-19 03:02:47,True,1.095e-05,6.159e-10,27234939.0,0.1677,0x89...9950,https://etherscan.io/tx/0x18b818dac2fb20b97fc21b2cdb2a7a20a96a8cd6e8a03436013c18398da3f673
2023-03-19 02:58:59,False,1.088e-05,6.12e-10,2488048.0,0.0152,0x23...1541,https://etherscan.io/tx/0xd6f57be48446132ad662976d8181c1e14b00a33d636f99ee310ba32ef5b62c0a
2023-03-19 02:50:35,True,1.094e-05,6.156e-10,2488048.0,0.0153,0x23...1541,https://etherscan.io/tx/0xea48481ca5ae0bc7f2353906e294c49fe09672b1ab8bd530638b40be42384145
2023-03-19 02:50:11,True,1.094e-05,6.156e-10,83345.4,5.131e-05,0xa0...99ce,https://etherscan.io/tx/0x15f094ded33c7e84d65b31bf3d36a996d0ec2400bb0ec0f66d53d0f2ab980343
2023-03-19 02:48:23,False,1.088e-05,6.12e-10,6032060.0,0.0369,0x23...1541,https://etherscan.io/tx/0x51faf1ea83ebd5ec84a0348bbc6342a2991c61104a325be2e728127f9d696e42
2023-03-19 02:45:47,True,1.095e-05,6.157e-10,2361833.0,0.0145,0xaa...a810,https://etherscan.io/tx/0x97c3eeb63ad88a3f028e538609abb7325c98c674dd64d5190ecf4fadfcee75f3
2023-03-19 02:43:47,True,1.096e-05,6.156e-10,6032060.0,0.0371,0x23...1541,https://etherscan.io/tx/0xdc46116cc52e6514438cf95eef089600a8e1e5e0edb48b54b5a30a5773e56112
2023-03-19 02:38:47,True,1.096e-05,6.156e-10,2248033.0,0.0138,0xb8...0bdd,https://etherscan.io/tx/0xf8afb93b9ba1ac781d8e8f9352fc731252884537ff829eba36a9f2e602ba4c86
2023-03-19 02:34:35,False,1.091e-05,6.12e-10,13671998.0,0.0836,0x58...208a,https://etherscan.io/tx/0xdaefe08e17f836fe2e0023ca50c14f6549d22f2876500961db7e5770ebacb90f
2023-03-19 02:32:35,False,1.092e-05,6.124e-10,28300000.0,0.1733,0xc0...ec00,https://etherscan.io/tx/0x77fd497f08c9d5067b7c3992056a3ea276c45eca4bcacada6b4df1fffef3d54a
2023-03-19 02:32:11,True,1.098e-05,6.163e-10,85539.0,5.272e-05,0x0c...c899,https://etherscan.io/tx/0x503d65084b68f81e2f79009b81733e68ac02c303469a14c46c4748c01b848a2d
2023-03-19 02:29:11,False,1.089e-05,6.131e-10,53203896.0,0.3262,0x56...d625,https://etherscan.io/tx/0xc944b90cdf5dac14f330c06e6d4c241d5e933701960b41a963e45d67241d1576
2023-03-19 02:29:11,True,1.097e-05,6.173e-10,88887.0,5.487e-05,0x46...b3b3,https://etherscan.io/tx/0x6ebefe3979dc7bb986b4edd79bf78731d53c31f82a9bc6601d6d401d46528c41
2023-03-19 02:23:59,True,1.098e-05,6.173e-10,3580894.0,0.0221,0x9b...ce29,https://etherscan.io/tx/0xd07b22edad1a0bd7c089af0a8f65a631826724fea7fc59d673dfc31d873e615b
2023-03-19 02:20:11,False,1.089e-05,6.137e-10,11713245.0,0.0718,0x93...1dc4,https://etherscan.io/tx/0x37c900960c471c925845fa4923e1f50596e00fcb149bdb40a3f99ee4f29e480d
2023-03-19 02:16:35,False,1.09e-05,6.138e-10,633045.0,0.0038,0x43...3359,https://etherscan.io/tx/0x70a7f60d7316d1208bf6acbbd2b052201668a7b1796ade53871a5fb50c0e24a0
2023-03-19 02:16:23,True,1.097e-05,6.175e-10,90488.6,5.588e-05,0x80...c132,https://etherscan.io/tx/0xc397db72814a7a7e53d6948121c057c2e5e02654ec74a1c9b0a0bfa81a180ddd
2023-03-19 02:12:11,True,1.096e-05,6.175e-10,2407750.0,0.0148,0x80...868f,https://etherscan.io/tx/0x1307425a5e53a73260d6238a7a658f051f66d9b7067adc34f196e0e356dacbee
2023-03-19 01:59:47,False,1.089e-05,6.138e-10,1266308.0,0.0077,0x83...e6c9,https://etherscan.io/tx/0x2c72902b27e539b64851753bd023bb095726c6b6853c8b41e5cc13281a671745
2023-03-19 01:44:47,True,1.097e-05,6.175e-10,127284.0,7.86e-05,0x13...36e5,https://etherscan.io/tx/0x5d5ffa478d6e11d7e9df84cb116d4a71b6961d814afc3cbd22cb9431c86393bf
2023-03-19 01:33:23,True,1.098e-05,6.175e-10,27883.7,1.721e-05,0xd0...2b64,https://etherscan.io/tx/0x15ace8a4ebb2a18f7f97e4acb2119f30da173f4e3e3cf372cbf7e279cee560a8
2023-03-19 01:30:47,False,1.087e-05,6.145e-10,79702167.0,0.4898,0x76...7d5e,https://etherscan.io/tx/0x85328fd5bcb1c60e9468e31276b93aa219be0d6a6244cf7c6f8e9ef8bad28ce8
2023-03-19 01:30:47,True,1.093e-05,6.181e-10,93393908.0,0.5773,0x62...9245,https://etherscan.io/tx/0x9f3636363940cc7be8d20f89d6c7049508cb79a67b6803e25395310bc3713ee8
2023-03-19 01:30:47,True,1.09e-05,6.163e-10,94960424.0,0.5853,0x62...9245,https://etherscan.io/tx/0x9f3636363940cc7be8d20f89d6c7049508cb79a67b6803e25395310bc3713ee8
2023-03-19 01:27:23,True,1.089e-05,6.154e-10,96109.3,5.915e-05,0xc4...27a9,https://etherscan.io/tx/0xab0490ff36f2035cd41cf580035e1d371d8135e08fecfa9283ec7edc38b742f8
2023-03-19 01:24:23,True,1.089e-05,6.154e-10,1622695.0,0.0099,0x78...ab4d,https://etherscan.io/tx/0x5194de0e5eaf5549b11140b325ff5c597ded6ac680d3a3666fd77853389f7fb7
2023-03-19 01:24:11,True,1.087e-05,6.154e-10,100450.0,6.181e-05,0x77...f554,https://etherscan.io/tx/0x63ea23caabcd1456b78776ed57712176284d32658b9717e671259cb882903438
2023-03-19 01:23:23,True,1.087e-05,6.151e-10,27542439.0,0.1694,0x90...59e2,https://etherscan.io/tx/0x144b03586f9d8465ba660ec24d20bfc6848289526cfdbe736e926cbc1b1799e8
2023-03-19 01:21:11,True,1.084e-05,6.131e-10,181350656.0,1.11199,0xfb...f700,https://etherscan.io/tx/0xaaa18de214694837f3c466104bbe9a02849c591b657fe7a18689b9ab4a0eea5c
2023-03-19 01:17:59,False,1.074e-05,6.078e-10,1980000.0,0.012,0xca...1763,https://etherscan.io/tx/0x12fe7cf21c490288f3a51ba6816fd28c40cff7c4b248aee096ec45e8d05217a7
2023-03-19 01:11:59,True,1.079e-05,6.114e-10,9261440.0,0.0566,0x90...59e2,https://etherscan.io/tx/0x0013fc15448705338084c7b8bde05c480d7b8c8ac4c20be5be31cf51ec4736d8
2023-03-19 01:10:47,True,1.078e-05,6.111e-10,18531634.0,0.1132,0x90...59e2,https://etherscan.io/tx/0x917691d3a2fd1aa0f11bb98ee6016ea3324423a6d63bc4455a3da2b49b5ec6b5
2023-03-19 01:10:23,True,1.077e-05,6.109e-10,491028.0,0.003,0xb2...2bfe,https://etherscan.io/tx/0x0bdbb07b7b9879a20ea8a1d474cdca68a49c39110775f7cb2919bcccc7f4ae86
2023-03-19 01:07:59,True,1.072e-05,6.095e-10,144842891.0,0.8829,0x5c...d3e8,https://etherscan.io/tx/0xa7233c41cdf6ac049795eebae3053e47e2d06989aa9340756e17d8f3772106a4
2023-03-19 01:07:59,False,1.064e-05,6.046e-10,9224761.0,0.0557,0x83...e6c9,https://etherscan.io/tx/0xbe3b6588c4c0138584e8dbbce9f333d5fa6860ec8f56eb1b5113510026894956
2023-03-19 01:07:47,False,1.065e-05,6.056e-10,100000000.0,0.6056,0x49...3941,https://etherscan.io/tx/0xf1666ac6a0bc1328f3bf9afe28d5b7d70b032f38f99bf4e84208dae00d4adbb9
2023-03-19 01:06:35,False,1.067e-05,6.067e-10,9224761.0,0.0559,0xaa...65f9,https://etherscan.io/tx/0x74341f684c602f55dffb4c3595b21a8aad3f41a72b0b46d2438c49504ee5053d
2023-03-19 00:58:23,True,1.071e-05,6.104e-10,738022.0,0.0045,0x8e...896b,https://etherscan.io/tx/0x75894cba73cbbd7f2bf8c8eca3924707c36bbceabbadc52592202ef707126575
2023-03-19 00:57:35,True,1.071e-05,6.104e-10,102838.0,6.277e-05,0x71...9e50,https://etherscan.io/tx/0x1379ec4a69712f0e63a32e0a3c66572eddb8df4ed6b98e86aadbd1ae2f3afcc4
2023-03-19 00:57:35,True,1.07e-05,6.099e-10,49150923.0,0.2998,0x58...f16b,https://etherscan.io/tx/0xd59dd18437f6ec4ba237ccd525ecda0c87e636ad9d8d61a942eeb7bbb7144519
2023-03-19 00:56:47,True,1.07e-05,6.095e-10,113224.0,6.901e-05,0xa0...8ece,https://etherscan.io/tx/0xaacc8239d9aca57977065a06c4d7ffbab378ab87fcb4923525e13f188ad83add
2023-03-19 00:56:11,True,1.07e-05,6.095e-10,115459.0,7.037e-05,0xc2...d72d,https://etherscan.io/tx/0x64d2ac0120ed2c413c89d4662bf0519fee1aaab2b5eac14557e92276ee2fd648
2023-03-19 00:54:59,True,1.07e-05,6.095e-10,130713.0,7.967e-05,0xe6...80ff,https://etherscan.io/tx/0x2969484c269271e766d5d923425df4bfcb313b38bd26415afd0ea9b752967e8b
2023-03-19 00:51:59,True,1.068e-05,6.095e-10,142593.0,8.691e-05,0x6b...05f9,https://etherscan.io/tx/0x378ad52e16a925b0677b54dc5cd174303652642ad4bca108295d7d5a18f8d776
2023-03-19 00:48:47,False,1.066e-05,6.067e-10,92032943.0,0.5583,0x7e...68d9,https://etherscan.io/tx/0x02a1aaa95df8653f8989bbcc875255e9e3bf02d6e9f5130ab24f6d0395f9680d
2023-03-19 00:43:59,True,1.073e-05,6.111e-10,7742720.0,0.0473,0xd5...0bb4,https://etherscan.io/tx/0xf399c65185907e7328d00f07dc89814389c0c81f425fc731d79949c1ddf09ea4
2023-03-19 00:42:23,True,1.074e-05,6.11e-10,764467.0,0.0046,0x52...1585,https://etherscan.io/tx/0xa59195eda3c507c7b7d449010ee0badb245ed1c95f8b19f6eb160bf705c75a8f
2023-03-19 00:40:47,True,1.077e-05,6.11e-10,498314.0,0.003,0x19...25bd,https://etherscan.io/tx/0xcf93477d231ec402489171dae958142de265ea2386b709a76c4f940e1f7e921d
2023-03-19 00:40:11,False,1.071e-05,6.075e-10,15959887.0,0.0969,0xd5...0bb4,https://etherscan.io/tx/0x69246d16f11dc4452cb2eeec144ba4f0a0caf0dafd8482f6956b4ed76f75d11e
2023-03-19 00:39:47,True,1.077e-05,6.113e-10,4443173.0,0.0271,0xe7...dddd,https://etherscan.io/tx/0x9cd57dfe99a37151bc3315d7f0c37731487230acc84de8f9da4724f791940b3b
2023-03-19 00:39:35,True,1.077e-05,6.112e-10,1956067.0,0.0119,0x99...d11a,https://etherscan.io/tx/0x8a32df2729860a5f7b1b84f85797132835aef2133100394097168500d33c7ab1
2023-03-19 00:39:11,False,1.071e-05,6.078e-10,30398848.0,0.1847,0xf3...3894,https://etherscan.io/tx/0x01616e0dfde7c09189ebedd89ae1e5c035d0875e9af8a9239b13b34cf34a115d
2023-03-19 00:31:11,False,1.068e-05,6.082e-10,9179134.0,0.0558,0x83...e6c9,https://etherscan.io/tx/0x622939b628b77876b589a64c52c04be7d5f1fa64b2bdda3d11b560ec8eec0221
2023-03-19 00:21:35,False,1.077e-05,6.083e-10,6850914.0,0.0416,0x74...d510,https://etherscan.io/tx/0xd6ab338cc80229ce34f435e749110d890f58503b020a201d7a4257b0833243c5
2023-03-19 00:18:35,False,1.077e-05,6.085e-10,8202962.0,0.0499,0xaf...bc04,https://etherscan.io/tx/0x642bd1e743ebba3784feec995ded1973e33f4b408f5cebb32fc1e9a11dd67ed8
2023-03-19 00:17:47,True,1.083e-05,6.122e-10,159991.0,9.795e-05,0x52...8e17,https://etherscan.io/tx/0x3a05283662994fdacb3bf33a8351dc8f64bf2cef39e9205c380a932f52f874aa
2023-03-19 00:09:11,False,1.075e-05,6.099e-10,138442363.0,0.8443,0x5c...d3e8,https://etherscan.io/tx/0xc3d43450eb02a8b9cedbee0c05fb8428491094b4a32d7502eb98e74098818d47
2023-03-19 00:04:47,True,1.086e-05,6.148e-10,3909346.0,0.024,0x5f...e563,https://etherscan.io/tx/0x04477def295169faeac5ebf0144c7bfdb78a9850ea4d4330c5a300f3b34b009e
2023-03-19 00:03:23,True,1.085e-05,6.145e-10,29034047.0,0.1784,0x79...bf67,https://etherscan.io/tx/0x9763006af53f14886d6d4454e88d35da2f1cf0bf1273df103079af281c28517e
2023-03-18 23:58:47,False,1.08e-05,6.108e-10,25439198.0,0.1553,0x5d...9164,https://etherscan.io/tx/0x9b4dccd3ae1b7bcc0b7710e628a127dc338dcbe7fddeb48681e0faee38109d34
2023-03-18 23:51:59,True,1.088e-05,6.146e-10,8337381.0,0.0512,0x2c...cf50,https://etherscan.io/tx/0x431bd4c6b3128710d9b3187584d6ed77769335748f83a6a70e8a30ac93b4ab4c
2023-03-18 23:48:35,False,1.081e-05,6.109e-10,9024739.0,0.0551,0x83...e6c9,https://etherscan.io/tx/0xcf3b399c50de2374085b9842b8a3c6d711a80eef97ffab20a6cf660e076e5ba8
2023-03-18 23:46:11,True,1.087e-05,6.147e-10,159692.0,9.817e-05,0x21...879d,https://etherscan.io/tx/0x146cd106a220eeec25118e3e01099fc0a18bc1fa43cdb1ee11355b78891b18e6
2023-03-18 23:43:59,False,1.079e-05,6.11e-10,500000.0,0.003,0x61...7448,https://etherscan.io/tx/0xbf987e155a2f247270faafedd80db995c6faf7cbc0aa0218f34540e610aa9db1
2023-03-18 23:36:11,True,1.093e-05,6.147e-10,10071.3,6.191e-06,0x19...95bb,https://etherscan.io/tx/0x1caba0492852e9d6e3493cbdcd7d0555ce599c3cf00da91033788c43aa9e13ca
2023-03-18 23:33:59,False,1.087e-05,6.111e-10,9027268.0,0.0551,0x84...a35a,https://etherscan.io/tx/0xa6d5d0870eabc345db3e8a76194ea18c05b2c232a2580b2a30fb5c3a9162d21d
2023-03-18 23:33:11,True,1.093e-05,6.149e-10,200927.0,0.0012,0xb3...d91f,https://etherscan.io/tx/0x7a4d65a36fa656b73f0ca8a51bbd25ce7899a16001e58ac15ffd11b079e00f81
2023-03-18 23:32:11,True,1.093e-05,6.148e-10,12344283.0,0.0758,0x4c...a83c,https://etherscan.io/tx/0x9bf0e7a521a5f71e30f90a1d8cded0820f70da8c7e68529d7403329440f74691
2023-03-18 23:25:47,True,1.092e-05,6.146e-10,403149.0,0.0024,0xb1...31a8,https://etherscan.io/tx/0x4de3d4611608bcbe320d454abf7076fa1d81d2d56d15730278a3ea13a0300bcf
2023-03-18 23:21:35,True,1.092e-05,6.146e-10,99288.8,6.103e-05,0x55...ce90,https://etherscan.io/tx/0x0bc33e9c2c64c30ce5590162f65f47263ad92d9509a1f5f276be873b1a3c87f9
2023-03-18 23:17:35,True,1.092e-05,6.146e-10,98709.0,6.067e-05,0x6e...2fed,https://etherscan.io/tx/0x5630c900b819b367074f971cf18a0c3fe13e790363eebe1770e069d9dfcc4bf2
2023-03-18 23:07:35,True,1.093e-05,6.146e-10,106259.0,6.531e-05,0x4c...6ea3,https://etherscan.io/tx/0xbdd9c14d5a8ce420830946385fcaf25c8ea7f345724c7d69aa678864563ca5cd
2023-03-18 23:03:47,False,1.086e-05,6.11e-10,4629630.0,0.0282,0x0c...d017,https://etherscan.io/tx/0xee7c0b113b0060cfd00ee51045d06c0f81c05d1257d08381cef3370c7213f7d6
2023-03-18 23:00:35,False,1.086e-05,6.113e-10,23213944.0,0.1419,0xa8...037f,https://etherscan.io/tx/0x2d90bae53f8e1c7ce1c1aed380676c105f0c439cc043321784d1a3932320e718
2023-03-18 22:47:11,True,1.093e-05,6.152e-10,100096.0,6.158e-05,0x9e...afbe,https://etherscan.io/tx/0x1ffe622f76423e4408dc28efc69045eff006f7d140f644a86b8037823817ad6e
2023-03-18 22:46:47,True,1.093e-05,6.152e-10,125804.0,7.739e-05,0xae...ae13,https://etherscan.io/tx/0x68d6ec830ac704fbe076d7dfe2342bcb822c4c1525df08cfc17a0727e25f66b4
2023-03-18 22:46:35,True,1.094e-05,6.152e-10,115658.0,7.115e-05,0xd9...fd1a,https://etherscan.io/tx/0xec17d3bb5dc102e8c66d04e954949385b40cc700438b3446dfed631b2407b6e9
2023-03-18 22:45:23,True,1.095e-05,6.15e-10,16379360.0,0.1007,0xfb...a056,https://etherscan.io/tx/0xfa471934583f73ef49f5963d7ad92608bcf1468bceffb47ff265944fed2a6db6
2023-03-18 22:44:11,False,1.091e-05,6.115e-10,31465654.0,0.1924,0xb8...c17f,https://etherscan.io/tx/0xed62828026e467b9fe015404986f9bede0a238665d534a450132c5e4ecbb31c3
2023-03-18 22:44:11,True,1.098e-05,6.154e-10,134345.0,8.268e-05,0x15...514f,https://etherscan.io/tx/0x8f6e8c842daeb1495f7f99c0a45b701b4cfc977d0fbce2b8dd42d3f90c88f677
2023-03-18 22:41:47,True,1.099e-05,6.154e-10,114424.0,7.042e-05,0xae...ae13,https://etherscan.io/tx/0x7122bc0899d6b35d4a49dbeff376c9e23dd872094630bae76c9ad6d9d442e664
2023-03-18 22:41:47,True,1.099e-05,6.154e-10,85733.6,5.276e-05,0x77...f554,https://etherscan.io/tx/0x3f2a03e6beda85398597d42ee1d6f0d908cf062da664df45d6c19e7ec433696e
2023-03-18 22:40:35,True,1.099e-05,6.154e-10,80400.3,4.948e-05,0x7f...7ecd,https://etherscan.io/tx/0x900cae8d552bf9c325e115d5e462d6b1727dacc0b40c59d7b1d99d861c00b1ac
2023-03-18 22:40:11,True,1.099e-05,6.154e-10,81011.9,4.986e-05,0x3b...dd1d,https://etherscan.io/tx/0x591e455665292bd161b7f3bac884c36bba3a59e9e439225d4845337245e851b7
2023-03-18 22:40:11,True,1.099e-05,6.154e-10,89961.2,5.536e-05,0xae...ae13,https://etherscan.io/tx/0x11cf7937743dc2b93b44126a5f6eb284ca2b41584c900c49c3d21518cc349014
2023-03-18 22:36:59,True,1.1e-05,6.154e-10,81551.2,5.019e-05,0x48...ca6e,https://etherscan.io/tx/0xee88ec6b8ce92524ac603f1bc0228977ed0d3a52bd08787de0a1180440b0a8d5
2023-03-18 22:36:11,True,1.1e-05,6.154e-10,83216.5,5.121e-05,0x80...bea7,https://etherscan.io/tx/0x9699aef918f4ceb70c2f8695d76ceea988b1e43be1debc21e8e86eb86386c56a
2023-03-18 22:35:35,True,1.1e-05,6.154e-10,84247.6,5.185e-05,0x03...2f92,https://etherscan.io/tx/0x180ffb14cb77b907580a4dd61571169a1ea5e2e6f3238fb657071e52490ae46b
2023-03-18 22:35:11,True,1.1e-05,6.154e-10,97434.9,5.996e-05,0x15...70a4,https://etherscan.io/tx/0x13072da8ec75fd79e062aee48a0477c8cbd6cd6515ae2ba21a3451255f0757cb
2023-03-18 22:34:47,True,1.1e-05,6.154e-10,97582.4,6.005e-05,0xa3...f56a,https://etherscan.io/tx/0x5af91c674bbc1aedd71bb0a19d936337bb870c5cd86a0dea51146da8b036606b
2023-03-18 22:34:35,True,1.1e-05,6.154e-10,98909.2,6.087e-05,0xa3...f56a,https://etherscan.io/tx/0x4ea46fccff3fe42cc92369944363e8bbff475306a70d82d193a71c3586743d75
2023-03-18 22:34:23,True,1.1e-05,6.154e-10,115103.0,7.084e-05,0x8a...cb2a,https://etherscan.io/tx/0x73323f243a86b83b5febea98edee29660d68a44f6825125b5cc74f37097abd51
2023-03-18 22:33:47,True,1.1e-05,6.154e-10,122575.0,7.544e-05,0xe6...80ff,https://etherscan.io/tx/0x9b785ab3c42a0695f4773fbd0b7f764ac8532435963f7b8e07a802427b816a46
2023-03-18 22:33:35,True,1.1e-05,6.154e-10,124269.0,7.648e-05,0x9d...66a0,https://etherscan.io/tx/0x9be90e0ea1599189e5e0c3c6192c297df5035171a0519260ba005b404752d778
2023-03-18 22:32:59,True,1.1e-05,6.154e-10,125405.0,7.718e-05,0x97...11e0,https://etherscan.io/tx/0x45f7811d99a77ef4f251fd90018c597b9886548c54f67619b1bfef679796d710
2023-03-18 22:32:47,True,1.1e-05,6.154e-10,133232.0,8.199e-05,0xd2...3d5b,https://etherscan.io/tx/0xe46ac470e2087a92beb6b1d853bf72fdd928906b807e432dd5841d2ca6866765
2023-03-18 22:32:35,True,1.1e-05,6.154e-10,134657.0,8.287e-05,0x10...b507,https://etherscan.io/tx/0xc84792ea11814705c9c50b898263f44aa836190908d431756ba0ffd2a47a159c
2023-03-18 22:31:59,True,1.1e-05,6.153e-10,12887375.0,0.0793,0xab...60e4,https://etherscan.io/tx/0x6a8b93ac7fcf388128410d6d3489fc684f117ea815db1c6cfe3988259c58d168
2023-03-18 22:31:47,True,1.099e-05,6.152e-10,173627.0,0.001,0xc2...7e25,https://etherscan.io/tx/0x38b0a7558d715f8efb9ed89033229ddd290620c502293a092e3bf78e0c662e32
2023-03-18 22:31:11,True,1.099e-05,6.152e-10,185896.0,0.0011,0x1e...db57,https://etherscan.io/tx/0x3455e1050b6ab7a15e29e3ae23a22ea6b99a92beb53de8b188d327d041037611
2023-03-18 22:30:47,True,1.099e-05,6.151e-10,190844.0,0.0011,0x0e...e7d9,https://etherscan.io/tx/0x18f0061b0136484c51a9e071ec12128b97c3780a9630a4076298603e4c067970
2023-03-18 22:29:59,True,1.099e-05,6.151e-10,218435.0,0.0013,0xc2...a83c,https://etherscan.io/tx/0x94c454981a573fae83c9aa3e842327b0d4579bbe37eee8c42cd625fc1ceb583e
2023-03-18 22:29:47,True,1.098e-05,6.144e-10,74465912.0,0.4575,0xdc...ea8b,https://etherscan.io/tx/0xd2888ed106dee32091827dd8a878f505293e4017497d6d832a00a98e64d69803
2023-03-18 22:26:23,True,1.096e-05,6.137e-10,1753914.0,0.0107,0x21...988e,https://etherscan.io/tx/0xa71bfa5c4ea55b38887a5f6f23907bbef3cf0410a0395e71f000b780338390b5
2023-03-18 22:25:47,True,1.097e-05,6.137e-10,223161.0,0.0013,0x35...91d9,https://etherscan.io/tx/0x70ec564717c31d15ed9ceaea64811bcd2f8253c346e138109004c6f520b69262
2023-03-18 22:22:11,False,1.091e-05,6.1e-10,954080.0,0.0058,0x87...5110,https://etherscan.io/tx/0x4cf0e2d3ca85d48a62e2420d3a89f25dd80d311cfdbc41d22fd2295cd5adc4ea
2023-03-18 22:19:23,True,1.098e-05,6.137e-10,160624.0,9.858e-05,0xf6...23eb,https://etherscan.io/tx/0x6f30bd2e2cfc446054c593d0c404a294e83c08db300cbd4759148ca85c8d627d
2023-03-18 22:17:47,True,1.098e-05,6.134e-10,27710272.0,0.17,0x9b...cc8a,https://etherscan.io/tx/0xec7feca4c9020a55f0c03f85da6fa30f8dcd21db342e68ab6f1a5f391e26e70e
2023-03-18 22:04:35,True,1.098e-05,6.132e-10,135202.0,8.29e-05,0xc2...a83c,https://etherscan.io/tx/0x6a3551b16614d5a6cb962f604a86dde8d61371c2aab11e5e01f6ceb19144b15a
2023-03-18 22:04:35,True,1.098e-05,6.132e-10,2602.27,1.595e-06,0x88...7627,https://etherscan.io/tx/0xe79be38dcbafd47be15686e4eefa84bb02cf6a751ef87ddbf3cd9fd0b44004dc
2023-03-18 22:01:11,True,1.098e-05,6.132e-10,139126.0,8.531e-05,0x3b...dd1d,https://etherscan.io/tx/0x6a8064017159326edd3642fb454593c6c523f9889d43c494b47503e8323474ce
2023-03-18 21:59:23,True,1.098e-05,6.132e-10,186118.0,0.0011,0xc2...7e25,https://etherscan.io/tx/0x09562585e8b62947fccde863fc07f7f2f7de74b183d418a25de3c9d00f1ff3d3
2023-03-18 21:56:35,True,1.1e-05,6.131e-10,4295449.0,0.0263,0xff...e51b,https://etherscan.io/tx/0x2288299897166e5f682f07c568e0e650e1740b128aa5393c29d193111fc5cccb
2023-03-18 21:55:23,True,1.099e-05,6.131e-10,3294695.0,0.0202,0x94...0270,https://etherscan.io/tx/0xbb50b62c6b68caeff1a76105d0be174ed32e68a006815a353c7f36e974160a42
2023-03-18 21:54:23,False,1.093e-05,6.095e-10,16134749.0,0.0983,0xc1...0c0e,https://etherscan.io/tx/0xa7ef17613bf7d422eefd7c42afb06eba353170664e911bcd71618ed83dc6aae6
2023-03-18 21:51:11,True,1.101e-05,6.133e-10,691243.0,0.0042,0x32...6d84,https://etherscan.io/tx/0xf9b20f945e183ef761873ac91636e1fc1074505041e54854aa3a537eb64b7a98
2023-03-18 21:49:23,True,1.102e-05,6.133e-10,175247.0,0.001,0x0e...eeed,https://etherscan.io/tx/0x2727d7253762b55731930893a122555fd12c31b38706dfa7fd104fa553fd30c8
2023-03-18 21:42:11,True,1.101e-05,6.133e-10,156297.0,9.586e-05,0x7f...188e,https://etherscan.io/tx/0x50f7364f5ce911ccab8c5d3d0bd46ad9dac4b2de127a85deb913d198adc60d53
2023-03-18 21:39:23,True,1.1e-05,6.133e-10,196084.0,0.0012,0x57...c8d6,https://etherscan.io/tx/0x743473b7e592a9920fd86e543e12d4d8546024a6302976a633df661fa3ac5b39
2023-03-18 21:34:23,True,1.098e-05,6.133e-10,128596.0,7.887e-05,0x71...9e50,https://etherscan.io/tx/0x12863f09854afd6f65eec3197395079d88f64651371e61d7f32e8aad3a290710
2023-03-18 21:33:23,True,1.098e-05,6.133e-10,138552.0,8.498e-05,0x76...003f,https://etherscan.io/tx/0xf316ead9b4511caa198470bd8a7f6bde6b59245a496285e9e460482f4adf74cb
2023-03-18 21:32:23,True,1.098e-05,6.133e-10,169333.0,0.001,0x5e...5913,https://etherscan.io/tx/0x25a98f86bc9f4c1fafe56866bc3df6b8495cf8c5998e4446e22c5dc91751fc64
2023-03-18 21:25:47,True,1.099e-05,6.133e-10,978250.0,0.006,0xb7...c3ea,https://etherscan.io/tx/0x36979b0dc1e693a59dce7ffdf58c7d0c9afbd6d08c868df0d0c555504956bfa0
2023-03-18 21:25:35,True,1.097e-05,6.125e-10,80745915.0,0.4946,0x19...5cc5,https://etherscan.io/tx/0x6a65564fcaa464b2cb8faa69ddf79fe45ea758fc153ef1ef76b8958897f3f55f
2023-03-18 21:23:23,False,1.09e-05,6.081e-10,1557722.0,0.0094,0x15...5ed9,https://etherscan.io/tx/0x72891710cd90f3105967c748bc4d380ee9bcb28dd4ffe89716910326f64d1801
2023-03-18 21:23:23,True,1.096e-05,6.118e-10,177997.0,0.001,0xd5...e5b2,https://etherscan.io/tx/0x7dc800765a6c4db2801c917d3ce18b3620a96e2060f913c396eada3676f1aaf1
2023-03-18 21:20:23,True,1.093e-05,6.118e-10,180164.0,0.0011,0x15...98e0,https://etherscan.io/tx/0x83718312343b88d6bbd568cfa4f2728bf72b559c97b8e82577961a085e3b92c9
2023-03-18 21:15:59,True,1.093e-05,6.117e-10,4903740.0,0.03,0x0c...1766,https://etherscan.io/tx/0x07ed0d4435b77495366327c282523d22389bb27b383de014220653ee8d541dc0
2023-03-18 21:15:47,True,1.093e-05,6.117e-10,189431.0,0.0011,0x6e...2fed,https://etherscan.io/tx/0x9d3fad8285c75115fcbe7c201a51eaaacbed1e340d56281c7a34086b89485d1a
2023-03-18 21:09:59,True,1.093e-05,6.117e-10,202079.0,0.0012,0xc5...f507,https://etherscan.io/tx/0x39542a8daeb4c3f974f1661354f03a6b0815d2cc162880188bb9a31c107ae896
2023-03-18 21:04:47,False,1.087e-05,6.082e-10,17829026.0,0.1084,0x18...0902,https://etherscan.io/tx/0x84fa81ee83a64c27ea4825e0fb0e880324ae7574ae22f2999400bbabe00ef682
2023-03-18 21:04:35,True,1.094e-05,6.12e-10,193603.0,0.0011,0x3d...7df2,https://etherscan.io/tx/0xcfed0317f4d3f4f285d3b3e22ad10626216fae1bb481c6c7c40d8d5c941bfb32
2023-03-18 21:03:11,False,1.088e-05,6.085e-10,18029515.0,0.1097,0xfb...25b1,https://etherscan.io/tx/0x9dc742fe790d4ea1700a51ac96ae6ce4b3cf39e82ba76d97689a05d72ca9a6e6
2023-03-18 20:59:59,False,1.089e-05,6.087e-10,2080000.0,0.0126,0x0c...1a61,https://etherscan.io/tx/0x38761045d36ce9ed674100a3df81db71b6def068335b2ce0aa345508a49f3da5
2023-03-18 20:55:47,True,1.096e-05,6.123e-10,3975547.0,0.0243,0x23...ac95,https://etherscan.io/tx/0x13d7bdf644a01baa0ab3ce75496b906a5855b3f87a346dd1d5736be4ece1af3e
2023-03-18 20:53:23,False,1.091e-05,6.087e-10,2222222.0,0.0135,0x1e...d06b,https://etherscan.io/tx/0xd8cbcd1ad2ec93e3e1f046bb5179cd02c2da8445624b3d34907bfd22ac946350
2023-03-18 20:52:23,True,1.097e-05,6.124e-10,178770.0,0.001,0xaf...4534,https://etherscan.io/tx/0xce0f6d3c4245ea2c377adc3476de08ea8fe2abcc76e9c39bf19f300ae5828cea
2023-03-18 20:51:59,False,1.091e-05,6.088e-10,13982456.0,0.0851,0x12...bec0,https://etherscan.io/tx/0xfbc9a6544d6ac294fc4e11b29b3894ab9569a27baf8c542b570c0f4062c379ac
2023-03-18 20:50:23,True,1.098e-05,6.124e-10,17621832.0,0.1079,0xe2...a4b2,https://etherscan.io/tx/0x9b6f3ccf10346faaa7fc9d0cc0dbf2b9fb8e42e4d9b7c4dc6e80e2f6fbe43b2e
2023-03-18 20:49:35,False,1.091e-05,6.087e-10,10000000.0,0.0608,0x1b...ea67,https://etherscan.io/tx/0x7dd44bd36530217a1d5f8df7483c25abcd8790abcd753a6594f8646b403fe6f5
2023-03-18 20:41:11,True,1.1e-05,6.125e-10,176104.0,0.001,0x8a...cb2a,https://etherscan.io/tx/0xc07aca6dbd07c3b9b6b8b5b226d695804d2569c16c9b765df272b8acdc69214f
2023-03-18 20:39:59,True,1.1e-05,6.125e-10,193052.0,0.0011,0x76...db77,https://etherscan.io/tx/0x6be8fd0cacc93e4a0dc0097ef42a3cb9ea80856cc10c40ae72a59bcd156997dd
2023-03-18 20:37:11,True,1.1e-05,6.125e-10,198597.0,0.0012,0x84...f78a,https://etherscan.io/tx/0xb38ea5d3d9b4bfde99b7b62041b2be9c0472f5a3a168ce95e0336039a1165cfc
2023-03-18 20:36:23,False,1.093e-05,6.089e-10,8987369.0,0.0547,0xd3...29ee,https://etherscan.io/tx/0x952d7e830b6b047c2fc70db58e10c124fca98b8fa0b180fe1ff246c4bff60f96
2023-03-18 20:33:59,False,1.093e-05,6.091e-10,10000000.0,0.0609,0x6d...6f89,https://etherscan.io/tx/0x209797dfaf0f619ecc513f394d61b9eabc6e240f244201a8996d77added34640
2023-03-18 20:32:35,True,1.1e-05,6.128e-10,204793.0,0.0012,0x71...95a1,https://etherscan.io/tx/0xb0ceb8513606dbadf7fdaccb9de910954b79a4cf5d1bfb02136eedcfc84df573
2023-03-18 20:29:35,True,1.099e-05,6.128e-10,212342.0,0.0013,0x01...906c,https://etherscan.io/tx/0x1735523c3a36658130279991c003cf59e01f60bc4db855b3fca8234c927709ce
2023-03-18 20:27:59,False,1.091e-05,6.092e-10,4746248.0,0.0289,0x2e...4d30,https://etherscan.io/tx/0x1fd3566d9f4ad2e983ade6997eaa032edb29bff3d3e38add4352f1d35c0f5d32
2023-03-18 20:27:23,False,1.092e-05,6.094e-10,18058272.0,0.11,0xfb...25b1,https://etherscan.io/tx/0xbd249735ce859e7bd69bbf101fbca9d2ef150bb7ec0a7a411dbe92bb40946090
2023-03-18 20:26:47,True,1.098e-05,6.132e-10,224866.0,0.0013,0x00...3a35,https://etherscan.io/tx/0xc095c52c802ee95465bac14fb6b2056e7aa4089bf1191236341c3e34741664b6
2023-03-18 20:25:59,True,1.097e-05,6.132e-10,229631.0,0.0014,0x3b...dd1d,https://etherscan.io/tx/0xf28648332268cd28da459fe32fad3bd0ee22854b4bb988755342db757e6dca51
2023-03-18 20:25:23,True,1.096e-05,6.132e-10,246205.0,0.0015,0xb6...bc6a,https://etherscan.io/tx/0xc32c429aec8e81a3fab713af07187e7cd28aba50282337e0a97abdc241c15533
2023-03-18 20:23:11,True,1.096e-05,6.132e-10,266510.0,0.0016,0x0e...eeed,https://etherscan.io/tx/0x406caeb28226c444e7e5d2b3b91ebfdbb632eb8af2e20583b47377753aa081d8
2023-03-18 20:22:23,True,1.096e-05,6.131e-10,8970104.0,0.055,0x07...31e2,https://etherscan.io/tx/0x64ea84f0fc32940461872e19fb02d444c5f9e4c2fb7db2e2b1ffb111ca24d71f
2023-03-18 20:21:35,True,1.096e-05,6.129e-10,14682813.0,0.09,0x5d...a367,https://etherscan.io/tx/0x2c3bc8cc6ce31fe58009fd6e4866dc47b0838c290a1d2c3d0af4dca1ad412667
2023-03-18 20:19:23,True,1.099e-05,6.128e-10,843845.0,0.0051,0xad...4d0f,https://etherscan.io/tx/0x82c0082c78fd19a3bc27845377aaa8bca22b3082351328a596d5256d2b4e3445
2023-03-18 20:18:23,True,1.098e-05,6.127e-10,899806.0,0.0055,0x51...ca95,https://etherscan.io/tx/0x07b4f530a030670ef184f7c9c0a944c5a95747154c57319bf002d2cef9daf99c
2023-03-18 20:10:11,False,1.09e-05,6.092e-10,11399127.0,0.0694,0x2a...df5e,https://etherscan.io/tx/0x8a197e273a2157d0c5d934698b32316afdd094269d028061b9b5ce103b775ec2
2023-03-18 20:08:47,True,1.097e-05,6.13e-10,247576.0,0.0015,0xd5...c805,https://etherscan.io/tx/0x3cafa2833c2deec39d7a373c031dedc0ef644448f2f335fd5ca31300e56a254a
2023-03-18 20:08:35,True,1.097e-05,6.128e-10,15199105.0,0.0931,0x76...7d5e,https://etherscan.io/tx/0xb0b5ec6c7e4eed3e0b92ac090f4f6aea5f888b31d392b5ceb4c59bacbad37f43
2023-03-18 20:07:23,False,1.093e-05,6.09e-10,4853072.0,0.0295,0x9d...a093,https://etherscan.io/tx/0x2a7f887fd9e3d24c37ae58c136e4a6b2ae6d78d397726250e0a8c0d0020b4cb8
2023-03-18 20:06:23,False,1.093e-05,6.091e-10,125.0,7.614e-08,0x2a...df5e,https://etherscan.io/tx/0xbf89082e060e9ac0c27a8edf46c72ddc4b003c960957fb9f2ff5b13505faab37
2023-03-18 20:00:11,False,1.092e-05,6.091e-10,1065884.0,0.0064,0x18...e6aa,https://etherscan.io/tx/0x689fba229d8915cd817260e1f96fdfbbea501d12b06fc8ef9c9034da2cacbe7b
2023-03-18 19:51:11,True,1.095e-05,6.128e-10,215915.0,0.0013,0x69...0e04,https://etherscan.io/tx/0xe9dec86ee26e655094c636ec150666490ac340f5a019dbf5225ca691da989d84
2023-03-18 19:48:47,True,1.095e-05,6.128e-10,227863.0,0.0014,0x6e...2fed,https://etherscan.io/tx/0xe6c1943d49314fac630391ce1c9a709710aeb879d59cc3bb32d92f165e98b7f8
2023-03-18 19:47:47,True,1.095e-05,6.128e-10,222568.0,0.0013,0x15...bc56,https://etherscan.io/tx/0x42f56686eddf47adfa4a12ac84dd1d7d2b514d8fcbedd2ebe918a2a3a2611833
2023-03-18 19:47:23,True,1.095e-05,6.128e-10,221908.0,0.0013,0xad...813f,https://etherscan.io/tx/0x01dd03887237933beb013e8619305f140bd9e3f1617c6cce845f1ea20f799712
2023-03-18 19:44:35,True,1.096e-05,6.128e-10,261238.0,0.0016,0xf3...d936,https://etherscan.io/tx/0x8d977623f7440cd7d37c1ea37571a46df15b0934cbaa11777b75c8c6298bc103
2023-03-18 19:44:23,True,1.096e-05,6.127e-10,4853072.0,0.0297,0x9d...a093,https://etherscan.io/tx/0xdc62d40cd8606a4c602c2e248c1e725c67847b0c6759b85ea7815fb1e5fc49e2
2023-03-18 19:43:23,True,1.095e-05,6.127e-10,257517.0,0.0015,0x42...813b,https://etherscan.io/tx/0xb6409211e2afe8a17c3a9aee763d6c4c81ff6920114b0ec9d32ad3df54b6880b
2023-03-18 19:41:47,True,1.095e-05,6.127e-10,283622.0,0.0017,0xa6...6c1d,https://etherscan.io/tx/0xb580e51b98d9ca81cf888f2e59a51f3703aaf71ef2e4742dd512ee9c89914e73
2023-03-18 19:40:47,True,1.094e-05,6.126e-10,293537.0,0.0018,0x84...0a1a,https://etherscan.io/tx/0x41e2416b687cc45446df7d8386d913bf34e820b2b3bd8fb7b211398c07ed0781
2023-03-18 19:38:47,False,1.09e-05,6.093e-10,39499715.0,0.2407,0x11...3c36,https://etherscan.io/tx/0xc94680b3ef0b975b82ffa8f8152c9c087021d7add01861101dcf21ddc09136f8
2023-03-18 19:35:35,True,1.096e-05,6.134e-10,294057.0,0.0018,0x38...ab53,https://etherscan.io/tx/0x7021f4775c97c156458e1cdbf4b5303654b7e4e141668cb72735f20a683555f9
2023-03-18 19:34:47,True,1.093e-05,6.116e-10,190546293.0,1.16544,0x9a...a1ee,https://etherscan.io/tx/0xa1e603de8802a6df722befb66ea4c7286b568e49763b9c462b31a729f0e02b67
2023-03-18 19:30:11,True,1.091e-05,6.098e-10,316658.0,0.0019,0xce...181d,https://etherscan.io/tx/0xc3f52818522d594b3193a73fe02cf4ed97f05a9d3afc54d659767934c6dc63a5
2023-03-18 19:29:47,False,1.085e-05,6.062e-10,10782985.0,0.0653,0x58...e5f9,https://etherscan.io/tx/0xc862986cbd8066237a8d1b1e9102d224abcb8aeb21f98d76d35c745df6787979
2023-03-18 19:29:23,True,1.091e-05,6.1e-10,334517.0,0.002,0x71...9e50,https://etherscan.io/tx/0xbfde27763178ba1edc41bdc63de822b52adce12c800c86da87cb92302ae789a9
2023-03-18 19:28:35,False,1.087e-05,6.073e-10,108371916.0,0.6582,0xa7...40dd,https://etherscan.io/tx/0xe72b80db536f5e7e71cabe7af8e5ca003a335c89c584067432123b010f38f662
2023-03-18 19:27:47,True,1.094e-05,6.117e-10,32876707.0,0.2011,0x6b...e5df,https://etherscan.io/tx/0xfd0603bf8125227f62332cd4efe04c293233a742c12f3e828d3e5b983dbeb1e0
2023-03-18 19:27:47,False,1.088e-05,6.078e-10,10742681.0,0.0653,0xc1...bf82,https://etherscan.io/tx/0x1e85f51e50f7ea8fc3e3b37569d4f7c0f4ba1362e24c203c05f9737a576e9fd7
2023-03-18 19:25:47,False,1.088e-05,6.08e-10,5127317.0,0.0311,0xd9...8f38,https://etherscan.io/tx/0x86bc42fa181700095145814ce36de15d42776727a8bdb5fd9bbe3f77aba91302
2023-03-18 19:23:59,True,1.094e-05,6.115e-10,17829026.0,0.109,0x18...0902,https://etherscan.io/tx/0x19f6ca96b0dc8abafab337f3b7473671bda9a6b313f0ed19a29126d7b2908730
2023-03-18 19:23:23,True,1.091e-05,6.099e-10,151469169.0,0.9239,0x82...e245,https://etherscan.io/tx/0xec45f55f6fcc087200bd3c0f8ee5a76089debcc4911fd684b8ec47f82ffabc88
2023-03-18 19:22:35,True,1.089e-05,6.085e-10,323372.0,0.0019,0x0b...42d8,https://etherscan.io/tx/0xce397dd7c633f69892c441a26b4b2adf425ea85360d54776af4b9050d65fa5cd
2023-03-18 19:20:11,False,1.081e-05,6.053e-10,42722988.0,0.2586,0xd3...bd5d,https://etherscan.io/tx/0x523c19d0ed375c25cad2594330b51e77cefaf1c3c6485fd5d05126075a007ef3
2023-03-18 19:18:47,False,1.082e-05,6.057e-10,2191820.0,0.0132,0x6b...2551,https://etherscan.io/tx/0xba2e67f79c0c6658d20e79ca5d7c98c09800e0ccea4d6bc399462cb9628ef67e
2023-03-18 19:18:35,True,1.089e-05,6.093e-10,6507169.0,0.0396,0x6b...63f4,https://etherscan.io/tx/0x34381e4e52eefbdcdc71f7e762a1db71abf6b687f3042a4c9cc44623a5b1cd25
2023-03-18 19:18:35,True,1.089e-05,6.092e-10,336778.0,0.002,0x2d...89de,https://etherscan.io/tx/0xb2e75807468fdb3ef021d1549cfce2b5339feb1c4f379be91da269ab13116c22
2023-03-18 19:18:11,True,1.089e-05,6.091e-10,10563706.0,0.0643,0x3f...c87e,https://etherscan.io/tx/0x3483d97b536a83e53e431070c02d5b4c13d77b44396f6e75215d8b1238d9a41b
2023-03-18 19:17:59,False,1.082e-05,6.055e-10,16875727.0,0.1021,0xd8...0d07,https://etherscan.io/tx/0x3511568b1c0fac012475a22ffe20053c684f24091945bb8db0cef217553d30e1
2023-03-18 19:17:59,True,1.089e-05,6.093e-10,341516.0,0.002,0xfa...0cbe,https://etherscan.io/tx/0x5984a185a40c6ab845cd4ef78b2bea16bc4de5f281b43a352d524a5035504af0
2023-03-18 19:15:35,True,1.089e-05,6.092e-10,11388729.0,0.0693,0x2c...d174,https://etherscan.io/tx/0x719f14730aedacbe03ed5ea32120f087c4bd98e1bcf24f260a0c98963c9e4925
2023-03-18 19:12:35,True,1.088e-05,6.091e-10,5475795.0,0.0333,0x33...b297,https://etherscan.io/tx/0x0cc7c9fe48ea9cbf6db123b1dfb184319420f989fa00201e8bf26477030e1002
2023-03-18 19:12:11,True,1.087e-05,6.088e-10,23651815.0,0.144,0x80...2eb1,https://etherscan.io/tx/0xcdece77ab0f344fccb97337286b0bd37acfccf30421605a58d87dbbafb363bcd
2023-03-18 19:05:11,False,1.079e-05,6.054e-10,50000000.0,0.3027,0x9e...5a6b,https://etherscan.io/tx/0x41a5603efd01e6d177b12050c68dff72932f03cff7daad71af37a7d71decaf1c
2023-03-18 19:04:59,True,1.086e-05,6.095e-10,292047.0,0.0017,0xc7...ecc2,https://etherscan.io/tx/0x71a75e87814727fe8f1bae2ca46a25b0aedb310881cb01945ae57c06c85fea2f
2023-03-18 19:02:59,True,1.086e-05,6.094e-10,9441783.0,0.0575,0x7f...b695,https://etherscan.io/tx/0x07769809e3a9f543805879757603c53fe52624346b0589f08f5653f6d04d9cf3
2023-03-18 19:02:59,True,1.085e-05,6.093e-10,273978.0,0.0016,0x85...0672,https://etherscan.io/tx/0xbf6bc7b0d9f12e6150f5eb99f23d01f270b4389494ea28ab1cfa1d068bdcbad7
2023-03-18 19:02:23,True,1.086e-05,6.093e-10,575587.0,0.0035,0x44...8223,https://etherscan.io/tx/0x074f755bbf0528600360c05661bd03eb42c5e0e83fd2c6b39180d2782c280573
2023-03-18 19:02:11,True,1.086e-05,6.093e-10,305169.0,0.0018,0x86...6b3f,https://etherscan.io/tx/0x03e49656124cf8e08e370845d936d42e6a7e4fd0de348072599398b68820e4e7
2023-03-18 19:00:23,True,1.087e-05,6.092e-10,9654810.0,0.0588,0xd1...7a99,https://etherscan.io/tx/0x1d8415699f64ab7ec22bcf7d8ea4912382f7d8891b2db23792e76f382079582a
2023-03-18 18:57:59,False,1.085e-05,6.082e-10,295915362.0,1.8,0xf2...2f20,https://etherscan.io/tx/0xbef0a4a63dd6c942fde36018e72427071c25cca1540c840574be68cb06c23bdc
2023-03-18 18:57:35,True,1.096e-05,6.147e-10,865079.0,0.0053,0x9c...9625,https://etherscan.io/tx/0x9666d3c84efcaebbc91c60c0ecf2f1b0cb1b2de8907bbc90c346b87efaaa8eb2
2023-03-18 18:52:35,True,1.094e-05,6.147e-10,216748.0,0.0013,0xc2...a83c,https://etherscan.io/tx/0xcc4f57b5d6b8094aa3e640037936fed2b5b854a6a55ae078a85afcfb36382fdc
2023-03-18 18:51:23,True,1.094e-05,6.147e-10,233658.0,0.0014,0x12...aefd,https://etherscan.io/tx/0x80c31a4dea41146ad4d0fa77d0980589ef336d6ba8b6788214003aa0f856a42a
2023-03-18 18:50:23,True,1.089e-05,6.127e-10,204310954.0,1.25196,0x4c...a83c,https://etherscan.io/tx/0xfba18fbf1e4a57aad5b746bc050d86c548621891c95e01514b76f895c01c90b6
2023-03-18 18:49:59,True,1.086e-05,6.108e-10,256759.0,0.0015,0x71...9e50,https://etherscan.io/tx/0xa01d8af2b0938fb9d26d1f88e52cfd8d37d3e346434a9bc402a555d68e495c12
2023-03-18 18:42:23,True,1.085e-05,6.106e-10,15278164.0,0.0933,0xfc...eb4f,https://etherscan.io/tx/0x72713e17be19cdf9e10b436a1c902064e834fcfee4dc1cce2ac70604c0ce9965
2023-03-18 18:39:23,True,1.082e-05,6.105e-10,179870.0,0.0011,0x47...821f,https://etherscan.io/tx/0x183aafdf86675ee1bcd3e804a200812936ae35eec009013b83bcdb14dd93433a
2023-03-18 18:38:35,True,1.082e-05,6.105e-10,187314.0,0.0011,0xd5...e5b2,https://etherscan.io/tx/0xbcb949b54effa2eee279326df9b811b14dbe0e766f17dda390ad56f719dea10e
2023-03-18 18:37:23,True,1.081e-05,6.105e-10,189032.0,0.0011,0x8e...1927,https://etherscan.io/tx/0xe015b20818c10646acdebe31d6a97853973edd6528bf0f8b7296b1786dafee9c
2023-03-18 18:36:47,True,1.081e-05,6.105e-10,192652.0,0.0011,0xfe...0db2,https://etherscan.io/tx/0x995a00fdef4c32c331d3e0f1605f6b4e345ba2e80934ec2219696700199f1165
2023-03-18 18:29:11,True,1.084e-05,6.105e-10,151079.0,9.223e-05,0xc2...a83c,https://etherscan.io/tx/0x821f198ce4d31dc1c60c214226b49fa2a823773bea89437b70ab3bb64843314a
2023-03-18 18:28:35,True,1.085e-05,6.105e-10,159404.0,9.732e-05,0x01...906c,https://etherscan.io/tx/0x617041fbc75349440b0a7d0df8d4f4dbced5e29dff7536034a8af45397c0454d
2023-03-18 18:27:11,True,1.085e-05,6.105e-10,174708.0,0.001,0x8b...4120,https://etherscan.io/tx/0xd5d6325ba485d0c1a044fc6cd5c2b09792996aa636913e96b5249ccdf58dfd9d
2023-03-18 18:27:11,True,1.085e-05,6.105e-10,186422.0,0.0011,0xc4...443c,https://etherscan.io/tx/0xbfc9fc33ffb53073bffc6582cf953072b69faa04bb62f4965e1cc3065b9bb052
2023-03-18 18:27:11,True,1.085e-05,6.105e-10,205311.0,0.0012,0x6c...647f,https://etherscan.io/tx/0xf04f78d8d812f4f7ef452f1da60c1a223f45e35e6996a5882c0642eb69fc4a46
2023-03-18 18:25:35,True,1.086e-05,6.105e-10,213452.0,0.0013,0x52...8e17,https://etherscan.io/tx/0xe328a10e1a8f36ff5bfd4137ef83a38fc2d5d998121bbcea4a2abfd0948716da
2023-03-18 18:24:59,True,1.087e-05,6.105e-10,241330.0,0.0014,0x08...59c5,https://etherscan.io/tx/0xe8d7172e142a11dbabce472d747082f547144dcd54eade513844bd024426ed04
2023-03-18 18:22:35,True,1.089e-05,6.105e-10,1201042.0,0.0073,0x76...7d5e,https://etherscan.io/tx/0xcb89b655166727caba18af316ae8a5f215ff0d3a2a47543686c998531b2242d3
2023-03-18 18:22:23,True,1.088e-05,6.104e-10,7427750.0,0.0453,0xa6...f79f,https://etherscan.io/tx/0xd97aa49c41f3fe4901bc213fd430d3ddc06d0665e1fae92a8afc28c17457b827
2023-03-18 18:22:11,False,1.083e-05,6.071e-10,50076539.0,0.304,0x58...f16b,https://etherscan.io/tx/0x2f0221f25aa9062f81883b56036413898d574621cb314338f4f8a90a4525b606
2023-03-18 18:21:59,False,1.083e-05,6.078e-10,22981633.0,0.1396,0xe1...06b6,https://etherscan.io/tx/0x04cf8b1878558a1c73989f935043a11aa02d65b0c1daf9a4b1c5aa981ce36bff
2023-03-18 18:20:11,True,1.09e-05,6.117e-10,253088.0,0.0015,0x71...9e50,https://etherscan.io/tx/0x067629061d097cdc80076c97e61412eca6b0a4380c0293dd579890bcc6818c87
2023-03-18 18:17:59,True,1.09e-05,6.117e-10,268078.0,0.0016,0xc2...d72d,https://etherscan.io/tx/0x6a06375b113d195b795c3a8a805d3107f927f75c23422e039cc2bca3029746c6
2023-03-18 18:12:11,True,1.093e-05,6.117e-10,201909.0,0.0012,0x9c...30f8,https://etherscan.io/tx/0x9c38e561a5f0fcbe5b4d9551feb02e2621ddd417fe7b6935f8b00f46a70eb1f3
2023-03-18 18:08:11,True,1.094e-05,6.117e-10,196945.0,0.0012,0xec...c42b,https://etherscan.io/tx/0x352249dd3b810c075cd5d95f3ac268375d97fe3adaf0ed58c197d1e46f4e88ef
2023-03-18 18:00:59,True,1.096e-05,6.117e-10,176818.0,0.001,0x11...7b9b,https://etherscan.io/tx/0x8e5c6b58f5ba6b54e3dcb0baa253cd35a29d45bc2bb33819bf38da30c3bb9816
2023-03-18 18:00:23,True,1.096e-05,6.117e-10,182358.0,0.0011,0xfb...9775,https://etherscan.io/tx/0xb38c2d07d4eaef82d792cef58fe528586ec42253f09f8023c93757a945fc3e70
2023-03-18 18:00:23,True,1.096e-05,6.116e-10,204683.0,0.0012,0x6b...05f9,https://etherscan.io/tx/0xe18bfb964f664865c4c29a26df8efe4b5b11d732dd65ca9c338b11f6ecd36e1e
2023-03-18 18:00:11,True,1.096e-05,6.116e-10,722552.0,0.0044,0x0f...5af0,https://etherscan.io/tx/0x382f1df26f45f14fbcd58971d07008e96b239c9f9f32c794753e712644fa04fc
2023-03-18 17:59:35,True,1.096e-05,6.116e-10,209372.0,0.0012,0x00...3a35,https://etherscan.io/tx/0xa1e5701c7793791e4e3bfb0ae7c02663ef57a9c5dccfb3b8d1c18fd870e07044
2023-03-18 17:59:35,True,1.096e-05,6.116e-10,231474.0,0.0014,0x5d...e8a9,https://etherscan.io/tx/0x34c627c36bcafbf3f7719d259dfd4050b8b24f3b6b1f3c5b14812b447df0ef4e
2023-03-18 17:58:23,True,1.097e-05,6.116e-10,251889.0,0.0015,0x6e...2fed,https://etherscan.io/tx/0xb5d0d8197b7eec604f2bb91c2b2ff928c6247d74f2be793eaa53e7354ca3754f
2023-03-18 17:57:59,True,1.097e-05,6.116e-10,254452.0,0.0015,0x10...b507,https://etherscan.io/tx/0x6942469ada3a19d17bfcd1b29096d318a6042c1a0a7466f6c1c0830da980e1ac
2023-03-18 17:54:35,True,1.097e-05,6.116e-10,274483.0,0.0016,0xb1...2d84,https://etherscan.io/tx/0x94f9cf150f4a0b82c39f916980ca4e016f59693afda2edfe8fe570c470a17647
2023-03-18 17:52:59,True,1.094e-05,6.116e-10,278114.0,0.0017,0x55...9d5f,https://etherscan.io/tx/0xc4503e61041831d2f41c7f1e5fc4eaa0c07835ea3b7a497ddb0ca58886f3f7a4
2023-03-18 17:49:11,False,1.092e-05,6.082e-10,24655043.0,0.1499,0xd3...76da,https://etherscan.io/tx/0x916988c95e313314beaaf8bcc472fe2e60885504577501789cd2e3923f23e33c
2023-03-18 17:48:47,True,1.098e-05,6.121e-10,291998.0,0.0017,0xae...ae13,https://etherscan.io/tx/0x5697a8f00e17363d2aa9b15cf8540f7ff58c837a8d704d605f7200b0273492e9
2023-03-18 17:44:47,True,1.092e-05,6.121e-10,176613.0,0.001,0xb1...7587,https://etherscan.io/tx/0x5ae57c82dbb9c9fb9b05006ca4ad5026df4ab6a3ebbb5eeba46e9f8462c70657
2023-03-18 17:43:35,True,1.09e-05,6.121e-10,217140.0,0.0013,0x8a...cb2a,https://etherscan.io/tx/0x428a879388158e53d59c75d7375fd8c94d278a9d8b4cf7a10fc4f90b4a4ddcb6
2023-03-18 17:39:47,True,1.079e-05,6.121e-10,283975.0,0.0017,0x4b...4bc8,https://etherscan.io/tx/0xf30597011d7bbf715e773dd1aa63d6315ac8bcd57dec070c2d77180a8d1226c5
2023-03-18 17:39:11,True,1.078e-05,6.12e-10,300238.0,0.0018,0x52...8e17,https://etherscan.io/tx/0x627ebc6c2fd29b7871bd5374bd70fdef35713c646ad8ab1d08df6d24c037f6aa
2023-03-18 17:38:47,True,1.078e-05,6.12e-10,308548.0,0.0018,0xf3...430e,https://etherscan.io/tx/0x26ff13f591b9b2d545690a14a7ac7a01aa390047ae7c78d43f9a19875b9ee4fc
2023-03-18 17:34:59,True,1.075e-05,6.12e-10,319262.0,0.0019,0x0c...c899,https://etherscan.io/tx/0x2c194dcde5ad867ea19f683157e2ee4a0e0b46aac1a69d10696cdd0c1edeeb92
2023-03-18 17:33:23,True,1.075e-05,6.12e-10,27789.4,1.7e-05,0xa6...6120,https://etherscan.io/tx/0xf6070a0ac58fa2b68a854f35a0d84f4ecdf490d3d08c39921396a251bdd49282
2023-03-18 17:33:11,False,1.072e-05,6.102e-10,197394089.0,1.20464,0x82...e245,https://etherscan.io/tx/0x833c78441b2fae859072010319ff2d7aebcb58f477dbdf8ec657ca81c2f0ce56
2023-03-18 17:29:47,True,1.091e-05,6.158e-10,230645.0,0.0014,0xb1...7587,https://etherscan.io/tx/0x587b3cd89e3fb011203daee738b8a730ff65940a823efec0ecab5ba26807458d
2023-03-18 17:29:35,True,1.095e-05,6.158e-10,240027.0,0.0014,0x84...4dee,https://etherscan.io/tx/0x4979173bea5ba23ed426d4cdb6b9ff648d2fde7696df3d1e03a2bf62bbda804b
2023-03-18 17:29:23,True,1.095e-05,6.158e-10,263919.0,0.0016,0x71...9e50,https://etherscan.io/tx/0x13b02056ddc603b1d2a917443c01c72e94829eb0da4f2456e5edc6d728ddc959
2023-03-18 17:28:23,True,1.097e-05,6.158e-10,245819.0,0.0015,0x52...8e17,https://etherscan.io/tx/0x283b512bde3ad44a6ee8ae5af1f70a250a9074e85f6898423b92b9e328066fd8
2023-03-18 17:27:23,True,1.097e-05,6.157e-10,254458.0,0.0015,0x92...178d,https://etherscan.io/tx/0x2e97bb8fa16b38081cabcab273ee0193ba6470428a7972d54c69a81789b5ca56
2023-03-18 17:26:35,True,1.099e-05,6.157e-10,222160.0,0.0013,0x12...aefd,https://etherscan.io/tx/0x6873ab2b59946d8101090c34051507e317a647b3d76b297c8c4a5a8998ec9429
2023-03-18 17:22:11,True,1.099e-05,6.151e-10,66451108.0,0.4087,0x44...38eb,https://etherscan.io/tx/0xda8dc6cfebdaf5f0576a3ac706e025e6c7cf185b4a94acae9675ba55db0a76a7
2023-03-18 17:21:11,True,1.098e-05,6.144e-10,8066159.0,0.0495,0x5d...9d09,https://etherscan.io/tx/0x65fa2baf3ff69904e61d0a84d8da6b6730b90a4975bec4f69789e80b5d4eee19
2023-03-18 17:20:11,True,1.097e-05,6.143e-10,48044.4,2.951e-05,0xa2...dca7,https://etherscan.io/tx/0xb8dda3489e244061db7389a572cd2838bb3b0ce63244fa669871e951c770877e
2023-03-18 17:18:59,True,1.098e-05,6.143e-10,57175.1,3.512e-05,0x31...73c6,https://etherscan.io/tx/0xd3976cd28bf5530003da41371f3f457a0635618b19fe078c48f75b03d591d804
2023-03-18 17:18:59,True,1.098e-05,6.143e-10,121572.0,7.468e-05,0xbe...1c43,https://etherscan.io/tx/0xe5835f5614b8eb28b5b5259438b0cc9ece14c10d7ed57ab077c0ab5ecbdd35d5
2023-03-18 17:18:11,True,1.098e-05,6.143e-10,1446077.0,0.0088,0x7b...3226,https://etherscan.io/tx/0x034d0b2d6d2eabf291af4d8c9ac7a5325ebb47a4595a669a9ca8eec709d43980
2023-03-18 17:17:35,True,1.097e-05,6.143e-10,112394.0,6.904e-05,0xe9...98aa,https://etherscan.io/tx/0xf55b395d9aebe219b44f851a9504289b1cb86fb1de3dfdc4b2ea154c8125e322
2023-03-18 17:17:23,True,1.097e-05,6.143e-10,121294.0,7.451e-05,0x3d...1a02,https://etherscan.io/tx/0xcd77b2130bbe37fbab8ee55883cbd5b43af9133f2ba415638cd861196c8865cf
2023-03-18 17:17:11,True,1.097e-05,6.143e-10,144512.0,8.877e-05,0xc2...7e25,https://etherscan.io/tx/0xc2453b8c8ab1a1bdb2a40ce99147f2b9305dd1f9fe388cbfea68118fe649e122
2023-03-18 17:16:47,True,1.097e-05,6.143e-10,150084.0,9.22e-05,0x79...f529,https://etherscan.io/tx/0x47562715cb937b7b1394e768aee4e7da146cbabe86c38ceffa5777f5c06b45ef
2023-03-18 17:16:47,True,1.097e-05,6.143e-10,153582.0,9.435e-05,0x0e...a499,https://etherscan.io/tx/0xf3242ce32cd0d663d39e87014b0896209c2b2b349f80fe9bf19d488dc79f392d
2023-03-18 17:16:35,True,1.097e-05,6.143e-10,166074.0,0.001,0xdd...87eb,https://etherscan.io/tx/0x8d5f72a35890677b02f740b111d9ba231236206c6466a7dd5132f5792d64b61a
2023-03-18 17:13:35,False,1.093e-05,6.107e-10,13811937.0,0.0843,0x0d...e887,https://etherscan.io/tx/0xa93bbd7c6f5daa3c485e3944a4aafd8177c332f4be1b1190344ca367b132f430
2023-03-18 17:12:35,True,1.1e-05,6.145e-10,170994.0,0.001,0x80...c132,https://etherscan.io/tx/0x5d442751c1a09c107389806309282abb56eab1173170ec2d7e61036ebc4e7202
2023-03-18 17:11:47,True,1.101e-05,6.145e-10,169233.0,0.001,0xc2...76cd,https://etherscan.io/tx/0x9aae21eee4b979319715c4819c236372a21b8f8279dccef195038849a2cd84d1
2023-03-18 17:11:23,True,1.101e-05,6.145e-10,178629.0,0.0011,0x0c...2f06,https://etherscan.io/tx/0xec1b2f1b02dfd41364124e1c0d6665e708d676b1e5007d20c64f37118a63f9b2
2023-03-18 17:11:11,True,1.101e-05,6.145e-10,190645.0,0.0011,0xcb...6192,https://etherscan.io/tx/0xf275d62c3c22ed73c3863ac2ae1472894c2db068ad30b9602bea4f584936ad38
2023-03-18 17:07:23,True,1.098e-05,6.145e-10,155582.0,9.561e-05,0x55...ce90,https://etherscan.io/tx/0x8d6f83b10c4cf3e7f4e5d51b1db9ca119a0afe36067029c7306dea1f13dd1a0f
2023-03-18 17:06:59,True,1.098e-05,6.145e-10,135915.0,8.352e-05,0x85...e274,https://etherscan.io/tx/0x4b3ca10dd17a76c7873c08a0ff6af7634480baff42f747d019bd8011fef31fa9
2023-03-18 17:06:23,True,1.097e-05,6.145e-10,147834.0,9.085e-05,0x79...bb17,https://etherscan.io/tx/0xea8b271c31a15f3926686718c2e43f47899a2c32225a38a8025652a982d68c87
2023-03-18 17:06:11,True,1.097e-05,6.145e-10,162211.0,9.968e-05,0xd1...c758,https://etherscan.io/tx/0xfe6ed9e060e0d492944672e55c16823bb8171059e4ad8ed8b774d6c69a03ca27
2023-03-18 17:05:47,True,1.097e-05,6.145e-10,173999.0,0.001,0xc0...1f0c,https://etherscan.io/tx/0x99f581c42ff8cb139860f946e7839e6e3c42b5dd908d5f6d7bd21cf1d6552032
2023-03-18 17:05:35,True,1.097e-05,6.145e-10,175702.0,0.001,0x6e...abef,https://etherscan.io/tx/0xaf4db4f5180d47db1a4eed2c36751778b030335cebe8b4ca78217dbbfd7176f3
2023-03-18 17:05:35,True,1.096e-05,6.143e-10,23928596.0,0.147,0x62...0db6,https://etherscan.io/tx/0x144f827c3eb2deb442c333c7857ff1a84d97a613bbbba3a3874637cf166180f9
2023-03-18 17:05:35,True,1.096e-05,6.14e-10,194254.0,0.0011,0x16...cd3c,https://etherscan.io/tx/0xf45074b523009d4f502b13792cc5aa828f93ab878026a52d40355c57711f3827
2023-03-18 17:05:11,True,1.096e-05,6.14e-10,199635.0,0.0012,0xd1...35dc,https://etherscan.io/tx/0x3fe1406f2932de25852054c38dadeebaf2913e4f0df04a8582b0cb647805cbc9
2023-03-18 17:04:59,True,1.096e-05,6.14e-10,280776.0,0.0017,0x69...d3fb,https://etherscan.io/tx/0x80b0c0c028d7766114f3e1b8f835f380ddbf2d52d960252c44fae4034e416a63
2023-03-18 17:04:59,True,1.096e-05,6.14e-10,212760.0,0.0013,0x79...b113,https://etherscan.io/tx/0x7276556153a3ba6a43edad1b3e8f97597ce11ae3c83f0c5be3bfd1489d09d345
2023-03-18 17:04:47,True,1.095e-05,6.14e-10,236489.0,0.0014,0x6c...068d,https://etherscan.io/tx/0x2828c3f66a1dad52b5c29e22c9303f8fd57c1650114d93e30987f7a034ffdcae
2023-03-18 17:04:23,True,1.095e-05,6.14e-10,240706.0,0.0014,0x20...0204,https://etherscan.io/tx/0xbf97b30126f19821839306727d7a5306caf7cde49e1f02ead979161dfae282a4
2023-03-18 17:04:11,True,1.095e-05,6.14e-10,325948.0,0.002,0xa6...6120,https://etherscan.io/tx/0xc11a8448902deea8900c3aa336e1671af5a6e2d73f70e9f4bb538505cd354e13
2023-03-18 17:03:47,True,1.092e-05,6.14e-10,4678359.0,0.0287,0x76...1903,https://etherscan.io/tx/0xa5673d2bf328c855078a8af37437564d2a3ca074969a6304569c53b8dcae58fa
2023-03-18 17:03:11,True,1.095e-05,6.139e-10,191695.0,0.0011,0x4c...9497,https://etherscan.io/tx/0x8224f4f80af2adda2b232411f86d71ea8bede6171f16acb810177582c231f55a
2023-03-18 17:02:47,True,1.094e-05,6.139e-10,197085.0,0.0012,0x92...178d,https://etherscan.io/tx/0x5dd8a2788fe3705d600fdd884cfa8e5b5052da97daea7e6e36eb0dc38b6f1529
2023-03-18 17:02:23,True,1.094e-05,6.139e-10,194293.0,0.0011,0x6e...abef,https://etherscan.io/tx/0x6e6dfaceb74f11fd68b92de372d3c7eb24ab0aacdb26bb7008f6b713d7200515
2023-03-18 17:02:11,True,1.094e-05,6.139e-10,205911.0,0.0012,0x86...3904,https://etherscan.io/tx/0xbf103b663b6ae612315eddc3561304925417b6d0cbd48b1345c6cf0055b1e4d2
2023-03-18 17:01:59,True,1.095e-05,6.139e-10,225671.0,0.0013,0x67...18f9,https://etherscan.io/tx/0xa6ff50969f5ebb30579402443d639ebb26c971062f594b5f6f67a7968428d4d1
2023-03-18 17:01:47,True,1.095e-05,6.139e-10,236686.0,0.0014,0xce...f0d8,https://etherscan.io/tx/0x5eccce73eb36bea047855dd49749f226d9acf4bafd0616cb3bc18c1f4101b0c1
2023-03-18 17:01:35,True,1.095e-05,6.139e-10,242599.0,0.0014,0x94...c823,https://etherscan.io/tx/0x598cd70df13f5533749a857c9b46058a69d0c8f76467c5d1095d2cdcf16dbe32
2023-03-18 17:01:23,True,1.097e-05,6.139e-10,253762.0,0.0015,0x12...aefd,https://etherscan.io/tx/0x06a3c0feae3053edb25ba09d8a068c2f609ed7364378daa231ee0de86373f6f8
2023-03-18 17:00:59,True,1.097e-05,6.139e-10,236347.0,0.0014,0xa1...565b,https://etherscan.io/tx/0xe70438e1b52672070a960aabfedf611aedac90ce8fb71dfff48bef75dc6b1729
2023-03-18 17:00:47,True,1.097e-05,6.139e-10,331755.0,0.002,0xae...ae13,https://etherscan.io/tx/0xebe2d5d4cecf942de6105542174c45044b97ae3ab4b2da4a5376174dc82c3a14
2023-03-18 17:00:35,True,1.097e-05,6.139e-10,219072.0,0.0013,0x67...18f9,https://etherscan.io/tx/0xf4afea8c7577f529130fa49ec00f7085b891906e561fb2801157292b2c2ea699
2023-03-18 17:00:23,True,1.097e-05,6.139e-10,237868.0,0.0014,0x9c...30f8,https://etherscan.io/tx/0x7937654f689e881ecf50dbfefd3ed2c02523dbffb04cc1ea5ac43810ca636df0
2023-03-18 17:00:23,True,1.097e-05,6.139e-10,279541.0,0.0017,0xae...ae13,https://etherscan.io/tx/0x335dd7c8eca8d613825466240910dda5c03c8d5e9b8132fc1392b78a91751a21
2023-03-18 17:00:23,True,1.097e-05,6.139e-10,226892.0,0.0013,0x67...18f9,https://etherscan.io/tx/0xb4bb7cdde63a42d913cdfc65e04a90162d4f0e970b34511f3771f3d123d62926
2023-03-18 17:00:11,True,1.097e-05,6.139e-10,253155.0,0.0015,0x30...0435,https://etherscan.io/tx/0x278792a1de5a956154c2a89a758c325febf7933136120f52fc3e54d94d0dd205
2023-03-18 16:59:59,True,1.097e-05,6.139e-10,337464.0,0.002,0x00...f243,https://etherscan.io/tx/0x8fcb87bb84b65bca1556f6e1769326ff4a4ab01a1ece59b50e8eefaa9546e63f
2023-03-18 16:59:59,True,1.097e-05,6.139e-10,256081.0,0.0015,0x9b...8b51,https://etherscan.io/tx/0xe6cc6aacfe8a7f6525d793e18491942d06f9424476f3f0723ddecf431a93e592
2023-03-18 16:58:35,True,1.096e-05,6.138e-10,191294.0,0.0011,0x9b...77bd,https://etherscan.io/tx/0xf5dc008e9b1fa1dbe8e2a41a2596cdeeb456c6ac4c0d99d9e9fcb6477982a16d
2023-03-18 16:56:23,True,1.097e-05,6.138e-10,101759.0,6.246e-05,0xca...a537,https://etherscan.io/tx/0xd8863b23aa4d265160c018f5dc75cdcf3f1143c0ba72462468aaa092c1e90d8b
2023-03-18 16:55:47,True,1.098e-05,6.138e-10,106219.0,6.52e-05,0xd2...95f6,https://etherscan.io/tx/0x848bccdb6281a7fa7333e1cd94c694241b477f9d41ffe889ca60c3ebd120d3ca
2023-03-18 16:55:11,True,1.098e-05,6.138e-10,117821.0,7.232e-05,0x9c...32ea,https://etherscan.io/tx/0x211adcd390c9c9493046012b615ee1cc813402bda12facd29e78dde05aaa6ebb
2023-03-18 16:55:11,True,1.098e-05,6.138e-10,119064.0,7.309e-05,0xe6...dc6b,https://etherscan.io/tx/0xbe026a20288175a47d16632be972125c6416d27b89cfb89aeb1729474a13d308
2023-03-18 16:54:59,True,1.098e-05,6.138e-10,123002.0,7.55e-05,0x0c...c899,https://etherscan.io/tx/0xf97e94050d38efe132e1a5c36b3f66504f4be49660afa9149c39bb9397c0bb7c
2023-03-18 16:54:47,True,1.098e-05,6.138e-10,143452.0,8.806e-05,0x69...be9b,https://etherscan.io/tx/0x8def547b15ef3ae42775bf87c08dd0c0b9e902d31eff1871a1562552d7c0b239
2023-03-18 16:54:35,True,1.098e-05,6.138e-10,153368.0,9.414e-05,0x44...b5f1,https://etherscan.io/tx/0x7b4056c2a2852083a7d0fea2c95ecf65bc974aafaa9826bdd8864c14d5727b6e
2023-03-18 16:54:23,True,1.097e-05,6.138e-10,167778.0,0.001,0x67...9544,https://etherscan.io/tx/0x2ac0de4756890d71193719f6ae3af0071b0609f321d4d31a33ee28041305428e
2023-03-18 16:54:11,True,1.097e-05,6.138e-10,175659.0,0.001,0x3a...45bc,https://etherscan.io/tx/0x74bf330305f6141c2fa40595fc1dc12561f1aeb2578f0ae14c4c06cdf8e81448
2023-03-18 16:53:59,True,1.097e-05,6.138e-10,176572.0,0.001,0xc2...bf03,https://etherscan.io/tx/0x12fa8c19fde82b0c1a78851dd5666ba2f8dd0d66b77834b5534abb04ac126441
2023-03-18 16:52:59,True,1.098e-05,6.138e-10,178841.0,0.0011,0xd4...7d2c,https://etherscan.io/tx/0xf1d8eb2ef57b3c368ff859f609c0ceef6b53d8e180d8d330bb42af1f6c43fdbd
2023-03-18 16:52:11,True,1.097e-05,6.138e-10,189925.0,0.0011,0x7f...7e77,https://etherscan.io/tx/0xab2c8c5d6f0b52bb68e745d2581aabf7b34570c5ef626bbea1bc48ab23ca2a04
2023-03-18 16:51:47,True,1.096e-05,6.138e-10,221832.0,0.0013,0x92...0000,https://etherscan.io/tx/0xb9ce9a3d49180b1f5b6246c7ac67a871d4d1b13d09be24b8dc575d49767c0516
2023-03-18 16:51:47,True,1.096e-05,6.138e-10,189818.0,0.0011,0x8a...cb2a,https://etherscan.io/tx/0x635fc1dc29ef016dfebdc3ad6867199614723ce62848ebdbff640b491fd2abd2
2023-03-18 16:50:47,True,1.097e-05,6.138e-10,228953.0,0.0014,0xae...ae13,https://etherscan.io/tx/0xacaaab5f8e0440ea025a1260d2b88ba159ebfe82ae2f594cb1ed6b5a5148d804
2023-03-18 16:50:35,False,1.093e-05,6.116e-10,161218653.0,0.9861,0x82...e245,https://etherscan.io/tx/0xf52419e2ae375583c8e2184f8323b274a1dd4cb3349cbc59eac0ad0ec243eae8
2023-03-18 16:50:23,True,1.103e-05,6.169e-10,143107.0,8.828e-05,0xaa...ca06,https://etherscan.io/tx/0xf4f0337ed0d77d739975ad81b5371e99d2801fd19e6e260cd7d579d4ad79ed46
2023-03-18 16:49:59,True,1.103e-05,6.169e-10,142115.0,8.767e-05,0xae...ae13,https://etherscan.io/tx/0x20bb85d14ec46a2e8f7b86299e3b18db20b15301a6ccecbc754b340cdf425775
2023-03-18 16:48:35,True,1.101e-05,6.169e-10,81205.2,5.009e-05,0x47...6c65,https://etherscan.io/tx/0x72479770d559a557b96b1a96c401cc11fc44b8225a2e2de11e27f9595caa7b27
2023-03-18 16:48:23,True,1.102e-05,6.169e-10,86400.7,5.33e-05,0x67...18f9,https://etherscan.io/tx/0xfd72e1595e1c70c5698ccf63a5369e0e9966d76a907f2ac0b05630cb9296dcc4
2023-03-18 16:48:23,True,1.102e-05,6.169e-10,92111.4,5.682e-05,0x67...18f9,https://etherscan.io/tx/0x80c360a7090c04b177adaeb45774887fa923dcd3615670dfeb7eb00d24cfb155
2023-03-18 16:48:23,True,1.102e-05,6.169e-10,100904.0,6.224e-05,0xdf...5cf7,https://etherscan.io/tx/0x8a7df2a2257299e4ec623dc04b7b44173bd70ace9e04c1e9ba41c53333c3fd6d
2023-03-18 16:48:11,True,1.102e-05,6.169e-10,108534.0,6.695e-05,0xca...8d8c,https://etherscan.io/tx/0x1ef1758143fe290b83825da45eacea5f0f6d94279be7655cc113033464cdddab
2023-03-18 16:48:11,True,1.102e-05,6.169e-10,117064.0,7.221e-05,0x73...f958,https://etherscan.io/tx/0xc4e0f7212862238bc8cb23c0580d77893b8bcee06f59cca92d5a72c99caa544b
2023-03-18 16:48:11,True,1.102e-05,6.168e-10,126641.0,7.812e-05,0x58...ee75,https://etherscan.io/tx/0xdf8da423a4cd28b440b2be92787ef9ba632c4fdbe6f52ccc2095db3d70b11602
2023-03-18 16:45:47,True,1.095e-05,6.159e-10,102384969.0,0.6306,0xa7...40dd,https://etherscan.io/tx/0xbee44f02f5e16106ac0a50191b2eba757ad8e5a4d536567c463aae9b23996df5
2023-03-18 16:42:35,True,1.097e-05,6.149e-10,68300.2,4.2e-05,0xf7...4442,https://etherscan.io/tx/0x8fe64688c2e5ee6e40ad98793250994bf4ecb8d7cba7c27c449431c34e85ce26
2023-03-18 16:42:23,True,1.097e-05,6.149e-10,186421.0,0.0011,0xae...ae13,https://etherscan.io/tx/0x0ab995fa1b53cd32d5e07e419b1a3864ab091ad9ddcf9f0b4fbd05b088b9fab0
2023-03-18 16:41:35,True,1.099e-05,6.149e-10,60147.9,3.698e-05,0x76...db77,https://etherscan.io/tx/0xb97239da1c1acca25a05eda97ee97b2267fb066c18dea6b5cf50b2ecb31d596d
2023-03-18 16:41:35,True,1.099e-05,6.149e-10,61713.7,3.794e-05,0x8b...4120,https://etherscan.io/tx/0xf1768170e8451ccb11a88fcea77d40e8664f0714e59b88dc5039e553ca8f40a2
2023-03-18 16:40:47,True,1.1e-05,6.149e-10,65856.2,4.049e-05,0x19...6f29,https://etherscan.io/tx/0x466a957e8a9808e605c6f93c120b184b4da6dba9de55e2d1a5e2041400b3bb3a
2023-03-18 16:40:47,True,1.1e-05,6.149e-10,75049.8,4.615e-05,0xe7...f09e,https://etherscan.io/tx/0xf9d8cfa691266b2cd20a4572ebddc145484757a1da260819f87b0dea5078f44a
2023-03-18 16:40:23,False,1.093e-05,6.116e-10,46328491.0,0.2833,0xb2...df88,https://etherscan.io/tx/0xffbf0e3dadfbf93505e34b9dadf22feca0ca28500573aa574841ed5185767caa
2023-03-18 16:39:35,False,1.093e-05,6.125e-10,40000000.0,0.245,0x9b...1cbf,https://etherscan.io/tx/0x4423c40bd837ed49bd9b20753457dcc9b4fa80f858a0e29915a040a8f6d15c9f
2023-03-18 16:36:47,True,1.1e-05,6.165e-10,47342.0,2.918e-05,0x2a...2104,https://etherscan.io/tx/0x6699011ec334ec929060021c18fdd527e4b58202ace031f01c960db081f3d293
2023-03-18 16:36:23,True,1.102e-05,6.165e-10,68770.5,4.24e-05,0x3c...52e8,https://etherscan.io/tx/0x3c5d3c0bd5216fa9898ac5deea1ade77bf728a7d0cbbdca7617e8940b775455c
2023-03-18 16:35:59,True,1.102e-05,6.165e-10,55984.9,3.451e-05,0xd8...b9fa,https://etherscan.io/tx/0x6f7c7679647c5a8385645d170a510819aea07efee87284609b7a65b7fa2a6a45
2023-03-18 16:34:35,True,1.102e-05,6.165e-10,45611.9,2.812e-05,0x48...ca6e,https://etherscan.io/tx/0xaa216212b20dab1b819a15eef611dde4d5f4982d2653a1914289522dc3cf8a7f
2023-03-18 16:33:47,True,1.108e-05,6.165e-10,52264.3,3.222e-05,0xae...ae13,https://etherscan.io/tx/0xcd737ca22486570ff83cb54e4c18754b5505b7e5064b8b9cb3fb1c644631e959
2023-03-18 16:31:59,True,1.108e-05,6.165e-10,35971.2,2.217e-05,0x00...4af5,https://etherscan.io/tx/0x9923d5946debfa7db1b68f79b57c3d35bc31498860c90a9240fd4c02a623e159
2023-03-18 16:31:59,True,1.108e-05,6.165e-10,22209.7,1.369e-05,0xca...8d8c,https://etherscan.io/tx/0x5841f7f701b35b412abc9b382a17e54be110e96fe00df2e0af5463bbcd6043bd
2023-03-18 16:22:11,False,1.108e-05,6.14e-10,125000000.0,0.7675,0xec...896e,https://etherscan.io/tx/0x74ae1a65db30e5aceb887e94b8b81871961d1801478d99f8006360d03e31be97
2023-03-18 16:21:11,False,1.112e-05,6.152e-10,1000000.0,0.0061,0x94...4d07,https://etherscan.io/tx/0xe38875e0c12ff7c7ac8480824ef98531cead7ad6264ec7c3d383fad965cddbc7
2023-03-18 16:20:23,True,1.117e-05,6.18e-10,98036553.0,0.6059,0xa7...40dd,https://etherscan.io/tx/0x1c089e48b25674a0ae63b44a1b8787c37de595ba9b9a515cb16b8d40635557b0
2023-03-18 16:17:11,True,1.115e-05,6.168e-10,24390449.0,0.1504,0x05...c85b,https://etherscan.io/tx/0x0a543e5ca6d288505a5838f0b34c015614c2e9a85d2d17402005d8439da02ffe
2023-03-18 16:14:23,False,1.108e-05,6.132e-10,32227072.0,0.1976,0xa7...4957,https://etherscan.io/tx/0x2bc43e1ce82dc92b76337fa5235c65d2ac6dde2834e93378b384dfd4323664e9
2023-03-18 16:10:11,False,1.107e-05,6.138e-10,30000000.0,0.1841,0xa7...4957,https://etherscan.io/tx/0x2906a038e1ce5f71e741abe86378ed0482cfca7a7f746c1c5c9550fa74ae3709
2023-03-18 16:10:11,False,1.107e-05,6.142e-10,12834183.0,0.0788,0xc3...e8ab,https://etherscan.io/tx/0xcc23d8bb81b35fa039f4eed01b994e393dd1feae7eef6f7fa6edcf59c2498ae0
2023-03-18 16:05:59,False,1.111e-05,6.145e-10,15000306.0,0.0921,0x6c...c516,https://etherscan.io/tx/0x9f7a6a90fd61767d8680d92b18cb38c022650566304f4431f79d8f557142efb9
2023-03-18 16:05:11,False,1.111e-05,6.147e-10,8718477.0,0.0536,0x6e...5c2f,https://etherscan.io/tx/0xe040caea6a16dd4ebf8f77a66a42e5d1051ae813ab909db5403abec8b43199cb
2023-03-18 16:04:11,True,1.12e-05,6.184e-10,5107084.0,0.0315,0x85...0f62,https://etherscan.io/tx/0x2c056496e7c50ace01519752d470016de8c302671bf36078d2a97f74a75a4286
2023-03-18 15:54:11,True,1.123e-05,6.183e-10,7484584.0,0.0462,0x83...9265,https://etherscan.io/tx/0x15a8f4a1f7e61e8740f4bbebc5b37928f7ab378439f51d018eca18a961cd8e0c
2023-03-18 15:52:11,True,1.123e-05,6.181e-10,9257853.0,0.0572,0xb8...210a,https://etherscan.io/tx/0x725cf44f754b2da7d1906897eafbe17f2f73b9c88ae8b20b3975eb472d193c11
2023-03-18 15:51:35,False,1.116e-05,6.145e-10,13231799.0,0.0813,0x5a...c77b,https://etherscan.io/tx/0x77b4e222798250ae8a0651cf93306dfcb37ee5fe7b707729342275c9023f7687
2023-03-18 15:50:11,False,1.116e-05,6.147e-10,11338572.0,0.0697,0x8c...fea6,https://etherscan.io/tx/0xcd16ad7346eda089c21388a345ded5a1f292172df97be81400ec77c431ee1e55
2023-03-18 15:48:47,False,1.116e-05,6.148e-10,878959.0,0.0054,0x8c...fea6,https://etherscan.io/tx/0x0d1e2cfa19ffb80ad426a306e0eb23b49b68415e51f6a98c3611b0beb9d95e67
2023-03-18 15:47:23,True,1.122e-05,6.185e-10,8814653.0,0.0545,0x2b...ce22,https://etherscan.io/tx/0x232f9d0005e3aff95a4851d68248f7145a1eb64bc54893a9cd2bb2873fa6ab11
2023-03-18 15:45:59,True,1.123e-05,6.183e-10,3937106.0,0.0243,0xfc...be8c,https://etherscan.io/tx/0x9c622c0b5a0d0eb11f0056e1a63ad465129da0d0cc3fc8525412a00ac7bdab3f
2023-03-18 15:43:35,False,1.117e-05,6.148e-10,17569040.0,0.108,0x2a...5689,https://etherscan.io/tx/0xa538dec741e12a0238bc2a5c3ad4a2d571a991218d0cf29b6e89a497e280d4fc
2023-03-18 15:42:59,False,1.118e-05,6.149e-10,1712879.0,0.0105,0x68...3969,https://etherscan.io/tx/0x498f3154f06ea1b8e6091258b7393cb6e5b39a7496cbef853d34731e159868d3
2023-03-18 15:41:11,False,1.119e-05,6.15e-10,2000000.0,0.0123,0xb3...8484,https://etherscan.io/tx/0x1ffc2c46a460cd87b82e5231b7e1aa4b47f4ec214fd81e782c1423ec04115e12
2023-03-18 15:38:35,True,1.126e-05,6.187e-10,151692.0,9.385e-05,0xf1...a224,https://etherscan.io/tx/0x26c8b87b49c70073404b001cee355b0eff5e0ad83219ad00bd0b1a4c7ff3e2fa
2023-03-18 15:35:23,True,1.126e-05,6.186e-10,13752619.0,0.085,0xf8...2467,https://etherscan.io/tx/0x18b5b03ae09c232f08a34465bf53e4e791b1d34fca0353197b2d6bbf71c967c0
2023-03-18 15:28:11,False,1.118e-05,6.15e-10,29712416.0,0.1827,0x91...bcc0,https://etherscan.io/tx/0xdf7cee5a9389afc537a3a4fe1166b1e4a5feb15cf27af88894a9890dde880e8f
2023-03-18 15:28:11,True,1.126e-05,6.19e-10,480376.0,0.0029,0x11...9587,https://etherscan.io/tx/0x067c259fcaf5bc740bf77e2f8856f304d530b9ebf6d000efb61681c38ab40cf9
2023-03-18 15:21:59,True,1.126e-05,6.189e-10,10256770.0,0.0634,0x6e...4604,https://etherscan.io/tx/0x5e4027c9cf20d157207586493f72c3be07a77e0aeb882bcba381a00f27a0c34c
2023-03-18 15:17:23,False,1.118e-05,6.155e-10,44003353.0,0.2708,0xb8...8c33,https://etherscan.io/tx/0x54edde8a4b32d9a74bc8da2ab0619a3e2b8d0d0180f090e78a14b7212affcde8
2023-03-18 15:11:35,False,1.119e-05,6.159e-10,1761550.0,0.0108,0xc3...5640,https://etherscan.io/tx/0x7d2444c7b3ad756a2dbb4454ec52ac2fd98fcdfd0752029f29e7356083f7c025
2023-03-18 15:11:11,True,1.126e-05,6.197e-10,470229.0,0.0029,0x74...95b0,https://etherscan.io/tx/0xd51b09b8ba808d3b5363ac8f273d6fa94ea8e42f8ab62baae6dff50384338a83
2023-03-18 15:08:11,True,1.126e-05,6.196e-10,1540077.0,0.0095,0x47...c70e,https://etherscan.io/tx/0xdf8e665ef371ff04cac57b2b7d1807c2100aae68b9c9def2e73832f07d5d0d95
2023-03-18 15:06:59,True,1.125e-05,6.196e-10,2638646.0,0.0163,0x47...c70e,https://etherscan.io/tx/0xf5faa076168bca7b83202f809695873f56c7b88050999343d2e4b269d134786a
2023-03-18 15:05:11,False,1.118e-05,6.159e-10,1597296.0,0.0098,0x27...4c7d,https://etherscan.io/tx/0x5113660848c0a74bc2d323310834d688fca5f6be057554324ababcfdbb267b00
2023-03-18 15:03:11,True,1.125e-05,6.196e-10,5643.67,3.497e-06,0x08...77ea,https://etherscan.io/tx/0x55364dc91f0e51827e2c4fd93d9b08fe8aeb3494e14101206d1a46433e04607a
2023-03-18 15:02:35,True,1.125e-05,6.196e-10,3468825.0,0.0214,0x08...77ea,https://etherscan.io/tx/0x60e916bac08b05ad6dcb2df08ced230308ea233667be734d517bb0461b3eeacf
2023-03-18 15:01:35,False,1.118e-05,6.16e-10,18790765.0,0.1157,0x19...fa9e,https://etherscan.io/tx/0x5aae7f7945f5d2aaf326c9e97bdf3ebbc40ec98420818db45b378e983c05cdfd
2023-03-18 14:51:11,True,1.126e-05,6.199e-10,3164202.0,0.0196,0xc2...9302,https://etherscan.io/tx/0xacda633435636c6baa416950b2bc8db329523ea77dc76a457f9e80d056aae511
2023-03-18 14:48:23,False,1.12e-05,6.165e-10,36288908.0,0.2237,0x72...82e9,https://etherscan.io/tx/0x2443166c3e6a4d222493a0dd06329f9e6bfec57acfa5338d4ec14edf8573880a
2023-03-18 14:40:47,True,1.126e-05,6.205e-10,1597296.0,0.0099,0x27...4c7d,https://etherscan.io/tx/0x061ec81897bc2cf6834a2048f3011f1d56afacc814aa7efdd323a77546b0648b
2023-03-18 14:26:11,False,1.123e-05,6.169e-10,12928210.0,0.0797,0xbb...3416,https://etherscan.io/tx/0x6180ad54c1293c39adda667dbbc734c4620ea87506ed2bfa13e6a448359b4e93
2023-03-18 14:23:23,True,1.133e-05,6.207e-10,3697471.0,0.0229,0xd1...3371,https://etherscan.io/tx/0x1efda7295bc82d709cbf70bd7e639c823bc7c87955278b16148cb7f08a95bd97
2023-03-18 14:17:59,False,1.127e-05,6.171e-10,10059027.0,0.062,0xb7...8879,https://etherscan.io/tx/0x8d38e353eb208312da3a67aca8424333bf594ac71d48e627b3ae8794e67797f2
2023-03-18 14:17:59,True,1.134e-05,6.208e-10,4398125.0,0.0273,0xbf...2570,https://etherscan.io/tx/0x35c43a71ca83db3d1ea1290b2217804074320f69a4e38136e30b111ed6060f32
2023-03-18 14:03:59,True,1.132e-05,6.208e-10,3608517.0,0.0224,0x9f...40bd,https://etherscan.io/tx/0xaee8c82c26de9839810e84afc654d63f623fcdbb2b59110701e9df00e9948b18
2023-03-18 14:03:23,False,1.126e-05,6.171e-10,13887008.0,0.0857,0xf8...2467,https://etherscan.io/tx/0xf0f1033c562c8100b58aa4de620495aae38b3bb6b16bbbe0e7cf29c08cd8dedf
2023-03-18 14:02:23,True,1.134e-05,6.209e-10,6080250.0,0.0377,0x1a...1065,https://etherscan.io/tx/0x1a0256415c1abdfd7225eb6ab76b70688f59fb0f7651a59bde635529318c1f0e
2023-03-18 14:00:35,True,1.134e-05,6.209e-10,1127359.0,0.007,0x80...2eb1,https://etherscan.io/tx/0xdba0eab1790df08e460c52847645677690ba2e97d27a915f117dfd359aa5bfd9
2023-03-18 13:57:47,True,1.134e-05,6.209e-10,47036.5,2.92e-05,0x2a...c7c1,https://etherscan.io/tx/0xf401461fbc47630591c385d5b78c123a2e8a993110b236567016deb134f6efd3
2023-03-18 13:53:35,True,1.135e-05,6.208e-10,7983249.0,0.0495,0x40...c81c,https://etherscan.io/tx/0x636e867443eb8fb44f43f828bb0a2e001f174342447c596f6268391df9fcfe96
2023-03-18 13:51:23,False,1.127e-05,6.171e-10,9625805.0,0.0594,0xbf...66ab,https://etherscan.io/tx/0xa5fc2844c729b185ccfaf38886214045cfd9682ba24c86e8a7dec26375f124e7
2023-03-18 13:44:59,True,1.124e-05,6.185e-10,249070668.0,1.5406,0x60...1df7,https://etherscan.io/tx/0xbc2624a9b5d12776b3effe2ce3aed6c4a877d42aa33704d0bc2b64eb327390d4
2023-03-18 13:44:35,False,1.117e-05,6.145e-10,220000000.0,1.35202,0x0f...7fa1,https://etherscan.io/tx/0xc79875bcf4ceaaf4d5dcce24a26c429ee65cd13e6925c442a441e867c3041d76
2023-03-18 13:36:59,True,1.124e-05,6.202e-10,9588523.0,0.0594,0x25...0c43,https://etherscan.io/tx/0x85f5aeb3c5fb92c79821ce83149b80c85f571a8ed79c7d3bf1ac23a1304de9f8
2023-03-18 13:36:35,False,1.117e-05,6.165e-10,10196658.0,0.0628,0x3b...fc6a,https://etherscan.io/tx/0xcd9edd97857eabc406c54e636f393c03bd45d67b03aa65cb27ba2f7475c2ce45
2023-03-18 13:33:35,False,1.117e-05,6.166e-10,1000000.0,0.0061,0x34...1a72,https://etherscan.io/tx/0x18ca501b738f30b37a3d455edc694ba7c6a11f18a2a473efb96e98ae98e6730a
2023-03-18 13:28:11,False,1.114e-05,6.168e-10,13236454.0,0.0816,0xbf...66ab,https://etherscan.io/tx/0x0a9197b2fc6d0f4a214a20379b1536acd81b1ebe8b13f993632b91538e1885fa
2023-03-18 13:26:11,False,1.115e-05,6.172e-10,32372744.0,0.1998,0x87...d2f3,https://etherscan.io/tx/0xfdf69376cd01e19d93acf477a49f48a2e12a03ba09bd85dc09ece7ee8802972b
2023-03-18 13:15:11,True,1.122e-05,6.212e-10,416892.0,0.0025,0xc2...cc75,https://etherscan.io/tx/0xf38b41bf8476c5e84646f718040f2862cacd2d5564288f969927103008a2c83d
2023-03-18 13:13:11,True,1.124e-05,6.212e-10,285264.0,0.0017,0x7c...5006,https://etherscan.io/tx/0x92b171c543bde2488a92d49eeeb04ff9e5b3181b89d067e333ec6fc4ed7d7ac9
2023-03-18 13:13:11,True,1.124e-05,6.212e-10,285266.0,0.0017,0x7c...5006,https://etherscan.io/tx/0x92b171c543bde2488a92d49eeeb04ff9e5b3181b89d067e333ec6fc4ed7d7ac9
2023-03-18 13:10:59,False,1.117e-05,6.175e-10,3184347.0,0.0196,0x77...083c,https://etherscan.io/tx/0x617ac88a8c9d1ba0182f98b51c8aada5e078ba6fa583edcebd8bd824defad910
